3390 5444
532 312 571 364 IN
589 311 673 366 DON.
692 311 821 364 turult
837 311 1018 366 MINOREM.
1366 312 1430 378 205

129 499 251 560 ‘tumet'
267 499 299 558 in
322 499 517 568 nominatiuo,
541 517 578 559 ne
595 499 722 561 uerbum
739 517 804 561 esse
818 507 956 579 putetur;
982 508 1108 570 uosmet,
1123 513 1256 561 uestrum
1273 499 1320 562 uel
1335 503 1429 562 uestri

129 617 193 660 non
214 600 341 680 recipiet
362 603 459 662 ειιιει’Ι
502 599 600 671 ΙΙΙίε,
625 619 661 661 ex
677 599 727 662 ille
743 609 773 662 et
788 599 850 670 bic;
873 604 980 670 istic,
1008 621 1042 662 er
1065 603 1121 664 iste
1143 611 1174 663 et
1195 600 1259 662 hic:
1282 605 1336 663 ista
1358 609 1428 662 sunt

127 700 273 762 aducrbia
303 700 370 762 loci.
415 701 527 764 lllicine
557 721 592 762 ex
614 701 665 764 ille
687 711 717 762 ει
744 702 842 763 hicine
869 721 925 782 pro
953 702 1068 764 illicne:
1105 702 1233 764 ‘illicine
1262 713 1306 765 est
1336 705 1428 764 irater

125 805 222 874 tnus',
246 822 302 883 pro
324 801 433 864 illicne.
477 803 595 864 Isticine
619 802 655 863 ab
677 805 785 865 isteet
808 804 921 872 hicine,
945 815 978 866 ut
1000 806 1135 866 ‘isticine
1158 815 1215 876 est,
1240 805 1277 866 de
1300 821 1359 884 quo
1381 806 1426 866 di-

100 906 201 966 sristi
224 905 320 980 mibi’,
344 923 398 986 pro
419 907 538 966 isticne.
582 905 687 966 llicine
709 925 764 985 pro
786 905 887 976 hicne,
919 908 995 967 sicut
1016 905 1211 984 inltegum
1235 905 1332 967 libro
1354 905 1425 990 legi·

126 1014 194 1076 tur:
232 1007 365 1068 llicinc
394 1016 450 1068 εει
478 1009 540 1086 qui
568 1006 787 1085 ingreditur
816 1017 981 1069 nostram
1010 1006 1170 1076 domum,
1193 1026 1248 1086 pro
1270 1006 1371 1077 hicne,
1396 1017 1426 1069 et

125 1110 238 1178 sicine,
268 1110 345 1169 sicut
367 1117 412 1169 est
432 1107 520 1168 illud:
558 1108 687 1170 Sicine
711 1126 774 1169 nos
798 1116 953 1186 separat
974 1127 1095 1170 amara
1119 1126 1230 1178 mors,
1255 1128 1310 1188 pro
1332 1111 1424 1181 sicne,

127 1206 252 1292 1111611
277 1217 306 1270 et
327 1211 451 1271 iterum:
474 1209 636 1270 Haecine
658 1207 788 1270 reddis
811 1209 959 1271 domino
980 1229 1036 1290 pro
1051 1209 1174 1272 haecne.
1205 1210 1320 1282 ldem,
1344 1229 1424 1272 com·

125 1313 258 1391 positum
282 1318 328 1372 est
350 1328 387 1371 ex
409 1311 458 1371 ‘is’
481 1317 511 1371 et
533 1309 676 1372 ‘demum'
700 1310 778 1391 quod
802 1314 831 1372 in
855 1311 1019 1372 masculino
1040 1331 1152 1391 genere
1174 1311 1357 1392 producitur,
1376 1321 1423 1374 ut:

87 1429 112 1469 ιο
257 1411 347 1472 Viuo
370 1413 539 1473 nocendo
562 1413 723 1492 quidem,
748 1412 810 1474 sed
834 1431 886 1474 me
908 1423 1033 1475 mauet
1054 1416 1178 1476 exitus
1199 1413 1302 1474 idem.

124 1513 162 1576 Et
185 1517 311 1577 iterum:

255 1615 352 1677 ldem
375 1634 476 1677 amor
499 1617 652 1677 exitium
675 1619 806 1695 pecori
828 1619 1055 1698 pecorisque
1077 1619 1269 1696 magistro.

124 1718 158 1778 ln
183 1725 291 1779 neutro
313 1736 387 1779 uero
410 1719 579 1798 corripitur,
603 1726 650 1779 nt:

255 1820 363 1882 Esset
383 1838 448 1900 per
471 1829 572 1881 aetas
592 1829 627 1880 et
649 1818 742 1880 idem
766 1821 796 1881 si
819 1819 936 1881 robur
959 1822 994 1881 in
1017 1822 1147 1890 armis.

89 1931 170 1982 oet:
253 1921 411 1983 Mortale
433 1939 568 2002 corpus
590 1921 685 1984 idem
708 1920 917 1983 immortale
938 1930 1123 2000 resurget.

665 2141 714 2202 nn
738 2139 871 2202 influo.

212 2261 246 2323 ll.
263 2261 421 2324 Verbum
444 2259 631 2341 quidest?
662 2258 800 2331 Verbum,
823 2260 902 2340 quod
926 2260 1038 2322 Graece
1061 2255 1150 2340 ῥῆμα
1173 2261 1292 2331 dicitur,
1315 2279 1330 2321 a
1353 2279 1422 2322 uer·
1436 2268 1531 2322 r·&'⁵⁹·⁴

125 2363 276 2433 berando,
301 2366 331 2423 ·i·
347 2382 363 2424 a
378 2361 514 2424 leniendo
536 2362 659 2428 dicitur,
684 2359 812 2441 eoquod
836 2361 997 2422 uerberato
1019 2379 1088 2422 aere
1111 2361 1283 2442 plectroque
1306 2360 1423 2440 linguae

125 2466 282 2526 lormetur.
327 2467 385 2527 Aer
407 2465 485 2524 enirn
509 2465 586 2524 intra
610 2471 692 2541 septa
716 2464 776 2522 oris
799 2461 911 2542 plectro
934 2461 1053 2540 linguae
1080 2464 1120 2520 ·i·
1143 2461 1331 2525 reuolutione
1354 2481 1422 2540 per·

89 2585 113 2623 eo
125 2569 238 2629 colitur
261 2575 290 2628 et
313 2565 405 2628 uerba
428 2566 610 2634 formentum
634 2563 683 2626 uel
705 2563 869 2626 secundum
892 2565 1140 2642 Augustinum
1163 2564 1289 2626 uerbum
1313 2564 1423 2626 dicitur

126 2688 141 2729 a
166 2687 241 2730 uere
264 2668 391 2742 boando,
417 2669 476 2728 ·l·a
501 2684 572 2726 uere
596 2665 736 2726 sonando.
782 2663 914 2734 Quodsi
938 2668 977 2726 ita
1000 2673 1058 2734 εει,
1083 2668 1179 2727 omnia
1204 2685 1275 2728 uera
1297 2665 1423 2728 dicenda

126 2780 196 2832 sunt
218 2770 321 2832 uerba.
366 2768 527 2830 Sciendum
552 2776 611 2835 est,
635 2766 714 2844 quod
731 2785 836 2827 omnes
851 2775 952 2846 partes
967 2766 1084 2827 ‘uerba’
1101 2767 1159 2828 dici
1175 2778 1306 2848 possunt.
1331 2768 1422 2829 Verbi

125 2874 234 2950 gratia:
258 2870 399 2933 ‘Verbum
422 2871 494 2931 lecit
516 2867 605 2928 bodie
628 2867 731 2929 consul
754 2868 791 2929 ad
812 2868 979 2949 populum',
1003 2887 1069 2931 cum
1089 2887 1148 2930 non
1171 2869 1208 2930 de
1230 2871 1332 2932 uerbis
1352 2869 1424 2932 solis

124 2974 180 3032 luit
202 2973 329 3034 locotus.
375 2971 432 3032 Sed
461 2971 535 3032 haec
563 2988 632 3048 pars
660 2969 718 3030 boc
747 2987 855 3031 nomen
878 2969 934 3032 sibi
957 2973 1078 3051 proprie
1104 2971 1249 3051 possidet,
1279 2990 1315 3033 eo
1343 2972 1421 3050 quod

89 3073 247 3153 sedignior
275 3075 315 3134 sit
340 3072 405 3135 aliis
428 3082 457 3134 ει
479 3071 656 3153 prolixiores
683 3071 773 3133 babet
801 3072 1017 3134 declarationes
1040 3081 1069 3133 et
1090 3075 1121 3135 in
1144 3080 1244 3134 nostra
1272 3073 1422 3136 locutione

125 3177 315 3254 frequentius
337 3176 472 3255 ponitur.
497 3182 529 3235 ut
551 3181 597 3235 est
618 3173 706 3235 illud:
742 3175 798 3235 ‘eo
821 3174 856 3235 ad
880 3174 976 3234 lorum
999 3181 1030 3233 ει
1051 3173 1119 3235 uolo
1141 3174 1246 3236 uidere
1268 3177 1421 3236 amicum?

125 3277 162 3338 bl.
178 3277 270 3340 Pars
285 3277 486 3346 orationis,
505 3278 536 3336 ·i·
552 3294 610 3338 nna
631 3278 747 3356 species
762 3275 939 3337 Latinitatis.
985 3275 1071 3336 Curn
1094 3286 1259 3356 tempore
1281 3286 1316 3337 ει
1336 3296 1420 3358 per·

125 3397 225 3439 sona.
264 3377 344 3438 llaec
359 3377 417 3438 duo
438 3395 558 3457 semper
573 3379 767 3438 inueniuntur
787 3379 819 3437 in
841 3377 946 3439 uerbo.
991 3377 1122 3457 Tempus
1144 3381 1222 3439 enim
1246 3378 1298 3440 ubi
1319 3380 1420 3446 luerit,

125 3479 236 3541 ibidem
260 3487 290 3539 et
312 3497 454 3560 persona,
485 3487 518 3540 ut
545 3478 611 3558 lego
640 3497 785 3558 praesens
814 3490 930 3557 tempus
960 3487 1005 3541 est
1027 3488 1056 3540 et
1077 3482 1172 3560 prima
1195 3498 1339 3559 persona,
1363 3480 1422 3558 legi

89 3583 322 3662 repraeteritum
345 3591 375 3642 et
395 3583 491 3661 prima
513 3598 641 3662 persona
665 3589 694 3642 et
716 3581 784 3642 ideo
806 3599 897 3643 unum
921 3583 985 3643 sine
1008 3583 1103 3643 altero
1124 3599 1184 3643 non
1200 3584 1352 3643 nuenitur.
1390 3581 1422 3642 Si

125 3691 224 3746 autem
248 3702 373 3764 persona
402 3683 543 3753 deluerit,
574 3681 699 3744 uerbum
728 3684 874 3762 redigitur
896 3685 927 3744 in
953 3685 1159 3764 participium,
1188 3693 1322 3762 tempore
1349 3701 1421 3743 uero

127 3785 224 3846 ablato
240 3805 296 3867 pro
313 3785 432 3846 nomine
447 3794 575 3865 putetur.
608 3784 698 3846 Sine
721 3803 817 3847 casu.
849 3784 930 3846 liene
951 3786 1024 3847 dixit
1040 3787 1118 3846 ‘sine
1134 3790 1228 3856 casu',
1251 3785 1319 3865 quia
1341 3788 1419 3864 qui·

126 3887 204 3948 darn
228 3885 390 3948 uoluerunt
404 3906 490 3948 casus
513 3905 578 3949 esse
600 3889 631 3948 in
656 3887 750 3949 uerbo
773 3889 803 3947 in
818 3888 972 3948 infinitiuis
988 3887 1092 3956 modis,
1117 3886 1196 3947 unde
1212 3893 1242 3946 et
1256 3885 1419 3946 Persius:

126 3988 236 4049 Scire
260 3997 359 4049 tuum
383 3987 478 4049 nibil
501 3997 557 4050 εει
579 3992 653 4051 nisi
676 3996 709 4050 te
732 3990 832 4049 scire
854 3988 922 4049 boc
945 3992 1040 4050 sciat
1061 3988 1172 4058 alter,
1197 3990 1228 4048 ·i·
1252 3994 1302 4048 tua
1324 3989 1420 4048 scien-

91 4090 164 4149 cua
183 4087 194 4171 ll
216 4085 321 4171 11711,
346 4091 426 4150 ειίιι
443 4089 660 4168 Euangelio:
685 4091 729 4150 lla
753 4090 841 4150 milri
865 4089 1011 4157 bibere,
1037 4091 1065 4150 ·i·
1083 4100 1200 4169 potum,
1216 4089 1294 4170 quod
1308 4090 1421 4151 Graece

127 4190 236 4252 dicitnr
257 4187 316 4263 δός
336 4210 394 4271 μοι
415 4198 516 4256 πιεῖν.
561 4191 661 4252 ilceto
683 4200 782 4253 autem
806 4189 910 4251 bibere
938 4193 1099 4268 significan
1127 4191 1198 4252 binc
1225 4192 1330 4270 pitisso
1357 4195 1421 4252 siue

127 4293 337 4387 pouhdieitur.
384 4293 440 4354 Sed
464 4292 594 4354 Donatus
617 4293 696 4354 ‘sine
719 4295 807 4353 casu'
831 4293 913 4362 dixit,
935 4295 1006 4372 quia
1028 4293 1084 4353 boe
1107 4312 1167 4354 non
1188 4295 1307 4373 recipit.
1353 4295 1506 4353 Aut³⁵9‚⁵

207 4429 341 4436 ...ὼ-.-
348 4431 353 4435 -

193 4517 209 4564 6
227 4527 252 4563 ει
269 4514 350 4564 sicine
367 4509 444 4577 sicut]
463 4525 487 4562 et
504 4514 571 4562 sicut
588 4513 668 4561 sicine
687 4522 712 4561 ιιι
810 4515 842 4563 1o
860 4513 921 4562 trino
940 4511 1055 4562 rrocendo
1073 4509 1135 4577 etc]
1156 4513 1313 4579 Aenigmnta'e
1330 4529 1421 4565 ιιενειιε

128 4597 181 4632 esse
192 4583 294 4634 uidetur
364 4583 395 4630 12
412 4581 478 4630 ldern
491 4577 577 4646 emor]
594 4580 671 4645 Verg.
684 4579 741 4628 Ecl.
756 4579 806 4629 III
818 4583 865 4630 101
937 4583 967 4630 ll
982 4581 1055 4629 Esset
1067 4579 1125 4646 pur]
1143 4583 1222 4646 Verp.
1235 4584 1301 4632 Aen.
1314 4583 1357 4632 XI
1370 4585 1421 4632 111

130 4651 159 4699 tt
177 4665 252 4716 grece
319 4652 353 4700 20
371 4647 556 4714 Augustinuml
575 4649 642 4712 Aug.
662 4650 723 4698 dial.
741 4665 767 4712 p.
781 4651 806 4711 9,
820 4652 855 4698 13
873 4651 914 4701 ed.
928 4649 1066 4712 eremum,
1084 4651 1119 4712 cf.
1141 4651 1176 4702 H.
1196 4650 1263 4700 Keil.
1281 4667 1340 4700 ann.
1358 4652 1420 4716 pllil.

129 4718 213 4772 Fleck.
232 4721 298 4768 185⁹
315 4735 341 4784 p.
355 4722 404 4767 155
472 4719 504 4767 23
522 4713 624 4780 rorrsul]
643 4714 689 4767 cosi
737 4718 769 4766 33
788 4717 871 4766 modis
923 4714 1037 4781 Persius]
1056 4716 1187 4768 socier
1239 4721 1272 4768 35
1290 4721 1314 4768 in
1335 4719 1421 4768 Ειιιιιι-

128 4783 206 4852 gelio]
226 4787 283 4839 Iob.
305 4785 318 4835 1
324 4787 349 4835 V
365 4791 381 4834 7
448 4800 522 4850 grece
590 4787 623 4834 36
640 4785 687 4834 dos
706 4800 748 4832 mn
767 4787 821 4850 piu,
840 4783 885 4834 Pio
904 4797 986 4836 ειιιειιι
