3390 5444
662 239 874 296 nannenus.
1115 315 1118 320 Ι
1357 245 1416 315 111

102 423 128 482 ti
153 425 212 496 tio,
239 425 324 488 datus
339 427 362 486 ti
378 427 427 497 tie,
450 443 546 488 nexus
568 429 597 487 xi
619 427 678 499 xio,
700 430 853 508 perlectus
875 429 999 509 perlecti
1021 430 1175 510 perfectio.
1211 431 1274 493 Alia
1297 434 1417 494 nemina

102 522 311 587 inueniuntur
339 527 368 586 iu
397 525 435 586 do
463 525 628 588 desinentia
655 528 797 592 iemiuiua
826 530 991 592 deriuatiua
1015 541 1073 592 tam
1096 551 1112 593 a
1135 533 1307 595 nominibus
1329 551 1416 611 quam

101 643 119 684 a
160 626 271 689 uerbis
304 626 353 690 uel
384 629 549 708 participiis
580 631 740 692 uenientia.
796 631 877 693 llaec
910 650 1028 713 quoque
1059 632 1216 711 aliquando
1250 654 1266 696 e
1299 633 1416 714 leugam

102 720 116 806 {l
138 727 161 787 ι.
185 725 264 790 103·
281 725 292 810 ΙΙ
310 737 340 790 et
361 728 517 810 aliquando
539 732 551 790 i
574 730 691 810 leugam
714 732 926 811 paenultimam
950 733 1072 806 babent,
1094 736 1218 799 ethaeo
1241 738 1339 798 emnia
1358 746 1416 798 ter·

70 845 85 886 ι
98 829 168 888 tiae
196 830 402 893 declinationis
425 839 503 903 sunt,
527 841 558 894 ut
576 834 654 894 aeris
669 833 776 894 acredo
791 833 887 896 duleis
902 834 1029 897 dulcedo
1044 837 1208 917 intercapio
1223 838 1417 918 intercapedo

101 936 220 1010 torpeo
248 931 374 1013 torpedo
400 932 474 994 libet
500 932 604 1022 libido
619 936 707 1013 cupio
729 936 850 1016 cupido,
880 939 950 998 item
974 939 1103 1000 lormidc
1125 939 1266 1000 formidas
1288 941 1417 1002 termido

100 1033 293 1094 formidinis.
338 1035 375 1096 Et
403 1037 501 1097 omnia
531 1038 650 1098 nemina
672 1037 703 1096 in
726 1037 796 1098 tudo
820 1038 986 1100 desinentia
1008 1039 1165 1102 diriuatiua
1188 1048 1257 1102 sunt
1279 1051 1308 1102 et
1330 1043 1416 1103 lemi-

101 1135 185 1195 nina
215 1145 246 1197 et
272 1138 377 1198 tertiae
400 1135 605 1199 declinationis
628 1157 648 1198 u
670 1138 881 1218 paenultimam
897 1139 1022 1220 longam
1046 1141 1183 1205 babentia
1206 1145 1346 1221 genetiuo
1370 1161 1416 1203 se-

102 1237 231 1298 cundae
253 1237 459 1300 declinationis
481 1239 595 1301 adiecta
617 1239 699 1312 tudo,
722 1249 754 1302 ut
776 1249 878 1303 rectus
900 1245 975 1305 recti
997 1244 1154 1314 rectitudo,
1177 1247 1222 1306 sie
1244 1245 1416 1323 magnitudo

61 1359 87 1398 ιι
101 1337 262 1401 celsitudo
285 1339 407 1401 altitudo
430 1340 577 1402 rectitudo
600 1342 764 1404 crassitudo
787 1341 942 1422 lerigitudo
965 1347 974 1405 i
996 1346 1246 1427 antepaenultima
1270 1357 1415 1427 correpta.
1434 1377 1443 1392 ·

101 1441 174 1502 Alia
199 1461 217 1503 a
240 1442 340 1504 datiuo
368 1445 471 1504 tertiae
495 1441 701 1506 declinationis
724 1447 863 1516 ueniunt,
892 1454 925 1507 ut
946 1445 1051 1508 similis
1072 1446 1178 1509 similis
1201 1446 1290 1509 simili
1312 1447 1415 1510 simili·

49 1575 56 1584 ·
103 1542 195 1614 tude,
220 1545 263 1604 sie
285 1543 436 1605 dulcitudo
459 1545 615 1606 suaultudo
638 1545 789 1608 tortitudo.
827 1547 900 1608 ltem
923 1556 999 1610 testa
1021 1551 1085 1611 siue
1109 1558 1185 1612 testu
1203 1551 1274 1611 lacit
1289 1549 1414 1619 testudo,

104 1645 198 1722 quod
218 1655 263 1708 est
284 1645 454 1726 corporale;
478 1645 534 1708 alia
557 1649 636 1708 euim
659 1649 788 1720 uomina,
811 1667 888 1729 quae
910 1650 1040 1712 diximus
1061 1651 1091 1710 in
1112 1651 1192 1721 tudo,
1215 1650 1415 1731 incorporalia

103 1755 191 1808 sunt.
239 1747 313 1809 item
341 1747 469 1810 hirundo
497 1746 633 1810 harundo
662 1769 681 1812 u
706 1751 861 1830 producta.
907 1753 986 1815 llaec
1009 1769 1081 1831 ergo
1104 1755 1223 1814 nomina
1245 1755 1276 1813 iu
1300 1771 1317 1813 ι
1339 1753 1415 1814 desi·

66 1869 90 1908 ιι
104 1851 227 1921 nentia,
251 1855 283 1910 ut
304 1852 345 1911 ait
367 1851 599 1922 Priscianus,
623 1871 640 1912 ι
662 1854 837 1915 seruantia
859 1857 1012 1932 genetiuo,
1036 1855 1166 1934 exceptis
1188 1872 1297 1915 nouem
1320 1854 1414 1916 nomi·

104 1951 217 2012 nibus:
241 1951 289 2012 bie
311 1952 385 2014 ordo
409 1952 532 2023 ordinis,
556 1952 605 2014 hic
626 1954 716 2016 carde
739 1955 882 2027 cardinis,
906 1957 954 2018 hic
977 1955 1090 2037 Cupido
1113 1957 1274 2037 Cupidinis,
1298 1956 1416 2034 quaudo

104 2056 270 2134 proprium
293 2054 352 2126 dei,
375 2056 551 2117 femininum
575 2075 656 2127 uero,
680 2059 803 2134 quando
825 2059 919 2138 ipsam
942 2077 1017 2127 rem,
1040 2059 1114 2119 haec
1130 2058 1237 2138 cupido
1253 2057 1415 2139 cupidiciam

105 2156 160 2218 bic
184 2175 289 2235 margo
313 2158 465 2236 marginis,
488 2158 537 2219 bie
560 2165 590 2218 et
612 2157 686 2220 bace
708 2159 797 2220 home
820 2158 958 2228 hominis,
981 2160 1031 2223 bic
1046 2167 1075 2222 et
1089 2163 1264 2223 baecnemo
1279 2163 1414 2231 neminis,
1497 2225 1498 2230 γ

106 2256 218 2337 Apollo
240 2258 383 2338 Apollinis
406 2266 544 2340 correpta
566 2260 763 2341 paenultima;
793 2261 867 2321 Anio
891 2267 988 2321 autem
1012 2268 1041 2322 et
1061 2263 1157 2322 Anien
1186 2262 1298 2342 duplici
1320 2263 1414 2323 uomi-

66 2381 93 2420 ιι
107 2361 216 2421 ιιιιιι
239 2363 400 2440 protertur,
424 2363 564 2440 genetiuo
586 2364 721 2431 Anienis:
745 2362 794 2422 bic
816 2362 904 2423 turbo
926 2362 1063 2433 turbinis,
1088 2363 1205 2442 quaudo
1228 2362 1265 2424 de
1288 2365 1317 2424 ui
1341 2381 1413 2424 uen-

106 2470 212 2525 torum
240 2461 404 2542 loquimur;
438 2482 507 2526 uam
536 2467 561 2526 si
589 2467 627 2526 sit
654 2467 825 2545 proprium,
854 2471 955 2525 seruat
983 2483 1000 2524 ι
1028 2466 1059 2525 ιι
1087 2467 1226 2540 genetiuo
1254 2464 1413 2527 Turbonis.

106 2564 186 2625 ltem
208 2563 285 2626 haec
307 2583 378 2628 caro
400 2567 512 2626 carnis:
537 2574 566 2627 et
587 2567 662 2627 haec
684 2568 781 2628 earnis
803 2567 986 2626 ιιιιιιιιιιι
1009 2566 1120 2645 antiqui
1143 2566 1293 2629 dicebant.

196 2664 231 2726 ln
254 2666 283 2726 al
304 2674 471 2748 correptam
495 2677 567 2748 quot
589 2687 699 2748 genera
721 2668 933 2729 inueniunturi
969 2667 1043 2738 Duo,
1067 2667 1124 2728 boc
1147 2676 1191 2730 est
1208 2668 1370 2730 masculina
1385 2677 1414 2730 et

107 2775 237 2830 neutra:
267 2771 388 2849 propria
415 2777 514 2830 autem
536 2775 707 2834 masculina
723 2777 812 2848 sunt,
841 2781 875 2831 ιι
895 2768 1042 2832 Hannibal
1063 2768 1213 2832 Adherbal
1235 2769 1412 2840 Hasdrubal,

68 2892 94 2932 aa
108 2869 290 2957 appellatiua
319 2880 417 2932 autern
440 2873 470 2931 in
493 2871 521 2932 al
542 2871 707 2935 desinentia
736 2870 881 2934 neutralia
907 2881 989 2943 suut,
1019 2879 1052 2932 ut
1074 2872 1131 2932 boe
1153 2871 1262 2934 animal
1284 2872 1413 2933 ceruical

106 2972 239 3051 uectigal
268 2969 417 3053 †crismal
444 2973 585 3036 tribuual.
635 2974 789 3055 Excipitur
824 2991 916 3037 unum
931 3027 934 3032 .
950 2992 1073 3045 nomeu,
1107 2974 1186 3054 quod
1215 2973 1412 3035 masculinum

108 3083 156 3135 est
185 3085 216 3136 et
242 3075 274 3134 iu
302 3074 329 3136 al
358 3074 533 3154 productam
556 3078 748 3148 terminatur,
779 3086 812 3138 ut
833 3076 882 3138 hie
904 3075 947 3138 sal
970 3077 1057 3136 huius
1078 3075 1146 3137 salis
1168 3075 1237 3137 huie
1260 3075 1312 3138 sali
1335 3076 1413 3138 hune

108 3175 205 3238 salem
229 3195 246 3237 ο
269 3176 312 3238 sal
336 3176 374 3238 ab
396 3177 453 3237 hoe
475 3176 546 3242 sale.
591 3178 662 3240 lude
685 3177 801 3259 Caper
824 3178 910 3239 dicit:
939 3177 1008 3239 llle
1035 3179 1112 3240 sale
1140 3194 1315 3259 aspersus
1337 3178 1413 3239 Μι-

109 3298 246 3341 ιιιιιι.
290 3279 356 3367 Νοιι
386 3281 441 3340 erit
469 3279 526 3340 hoc
552 3279 595 3340 sal
619 3290 648 3341 et
669 3281 725 3342 bae
748 3279 838 3351 sales,
867 3281 918 3342 sed
942 3275 1076 3352 ἑνικῶς,
1103 3279 1183 3342 idest
1205 3282 1236 3340 in
1258 3279 1411 3358 singulari,

68 3405 94 3445 ιι
110 3383 178 3451 erit,
202 3381 282 3461 quod
305 3381 431 3442 edimus.
467 3380 542 3444 ltem
566 3382 596 3442 hi
619 3379 697 3443 sales
719 3381 872 3460 pluraliter
895 3381 1069 3444 urbanitatis
1086 3382 1220 3453 alieuius,
1244 3389 1289 3442 ut:
1314 3380 1414 3444 sales

108 3485 216 3544 intus
244 3484 277 3543 ei
305 3483 589 3545 adhaerescunt.
635 3484 709 3545 ltem
731 3483 948 3546 Priscianus
970 3484 1055 3545 dicit:
1084 3486 1120 3544 in
1148 3481 1180 3544 al
1209 3501 1317 3545 unum
1347 3501 1412 3544 no·

109 3603 193 3646 meu
216 3584 512 3666 monosyllabum
535 3584 779 3648 masculinum
801 3587 1011 3654 inuenitur,
1035 3583 1228 3647 utbicsal.
1267 3585 1411 3647 Tereu-

108 3689 186 3750 tius
221 3687 330 3748 dicit:
365 3688 427 3766 qui
460 3687 573 3749 babet
606 3690 642 3748 iu
669 3707 706 3749 se
735 3686 859 3750 salem.
911 3686 1115 3749 Salustius:
1150 3704 1269 3765 neque
1291 3674 1411 3749 ¹saleru

108 3807 235 3868 neque
258 3787 331 3852 alia
352 3791 599 3852 inritamenta
621 3790 733 3868 gulae
755 3789 967 3869 quaerebat
1012 3791 1262 3852 Inueniuntur
1291 3797 1411 3851 tamen

180 3981 193 4027 1
214 3977 289 4028 aaron
308 3980 326 4028 c
344 3945 394 4045 dl]
426 3978 484 4028 An.-
510 3978 612 4028 ceuton
639 3977 718 4028 oeric
747 3976 860 4027 ιιιιιιοι
947 3979 1088 4027 eueniunt
1172 3976 1411 4028 alamannico

107 4047 256 4097 desinentia
324 4046 498 4097 Phabentiam
567 4049 600 4098 10
617 4043 738 4111 altitudo]
756 4044 879 4098 habitudo
932 4041 1065 4110 rectitudo]
1084 4044 1148 4104 Quia
1166 4048 1313 4096 ‘rectitudo'
1330 4062 1413 4111 parn-

108 4117 195 4180 dipma
213 4115 332 4178 anteivit,
355 4115 427 4166 artua
443 4115 588 4166 accedebam
606 4116 632 4165 ei
648 4115 695 4166 dee
712 4118 768 4166 tneo
785 4113 935 4175 substituas,
952 4115 1015 4176 fort.
1035 4113 1159 4163 certitudo
1229 4115 1260 4164 lt
1279 4128 1295 4162 e
1312 4109 1410 4179 detine]

107 4185 224 4234 ahlat'rue
299 4181 374 4234 1212*
393 4193 441 4232 tem
461 4193 525 4232 testa
611 4185 644 4232 1t
661 4183 764 4232 uomina
782 4184 807 4232 in
896 4185 927 4233 tt
944 4178 1103 4246 Priscianus]
1123 4181 1157 4245 cs.
1177 4181 1237 4244 lp.
1256 4183 1307 4231 206
1322 4195 1377 4248 aeq.

107 4261 234 4306 useruant
303 4252 334 4301 16
352 4251 425 4301 οιιιιι
496 4253 527 4301 17
545 4249 667 4300 feminino
686 4265 746 4300 uero
765 4251 849 4316 ipsam
919 4250 951 4299 18
969 4247 1080 4299 laomiuis
1097 4246 1194 4316 apello]
1214 4249 1316 4300 ‘Nemo’
1334 4265 1412 4300 noea-

108 4321 200 4379 huhun,
219 4321 252 4369 de
270 4335 318 4384 que
337 4323 391 4385 epit
408 4320 492 4369 Prisc.
504 4319 521 4368 1
530 4335 559 4383 p.
570 4322 631 4384 207,
641 4322 666 4379 2,
686 4319 717 4370 od
735 4321 763 4370 id
778 4319 887 4379 inaerari,
907 4319 967 4384 prtia
984 4320 1016 4368 de
1034 4333 1122 4368 neum
1139 4317 1277 4368 nominibus
1294 4319 1412 4382 exceptis

107 4395 201 4439 auctor
218 4390 316 4438 lectatur
334 4395 381 4438 est.
477 4389 508 4437 19
526 4387 630 4452 dupluei
716 4389 749 4438 23
767 4386 816 4437 ιιιι
833 4383 915 4436 est⁶¹¹⁰
933 4385 1074 4435 masculina
1095 4386 1203 4451 propria
1225 4379 1273 4434 ιιι
1294 4385 1411 4435 ιιιιιιιιι

107 4455 215 4507 ateriuul
233 4455 348 4506 astrurnd
415 4457 448 4505 25
466 4456 573 4504 ceruicnl
592 4453 700 4504 eeruieal
718 4454 826 4520 uectigal
844 4453 946 4503 ιιιιιιιι
1026 4455 1141 4515 Aliquot
1231 4454 1264 4504 27
1282 4452 1331 4502 hoe
1348 4453 1411 4503 salis

108 4525 142 4575 28
161 4519 258 4590 Caper]
278 4524 311 4573 de
329 4525 512 4587 orthopruplrr'u
527 4540 555 4588 p.
574 4523 658 4587 atla,
677 4525 712 4572 24
730 4522 777 4574 Ρ..·
803 4523 847 4571 llle
864 4522 917 4572 sale
935 4536 1057 4588 aspersus
1076 4533 1115 4571 est
1133 4521 1275 4586 Musarum,
1293 4535 1344 4570 non
1362 4521 1411 4590 hee

108 4593 146 4643 sal
166 4595 207 4642 nel
226 4592 303 4641 sales.
317 4607 327 4642 ·,
340 4590 392 4642 Sed
410 4591 437 4640 ιιι
454 4606 468 4638 e
485 4591 524 4642 sal
542 4593 602 4651 erit,
622 4591 691 4653 quod
710 4593 818 4654 ιιιιιιι,
838 4591 864 4640 hi
881 4591 948 4640 sales
966 4590 1098 4655 pluraliter
1116 4590 1274 4639 urbanitates
1292 4588 1410 4644 alieuius.

109 4661 147 4713 sal
165 4674 291 4726 aspersus
343 4661 376 4710 29
393 4669 418 4709 et
435 4659 483 4708 bae
500 4658 554 4708 sale
571 4659 769 4709 sedblceuiecs
820 4661 854 4710 30
866 4673 916 4722 ιιι
930 4659 1029 4708 edimus
1081 4660 1113 4709 31
1126 4659 1152 4708 in
1166 4658 1231 4708 tussi
1243 4656 1413 4708 adherescunt

142 4725 304 4792 Priscianus]
321 4728 358 4792 cf.
374 4729 391 4778 1
406 4744 433 4794 p,
453 4729 540 4786 147,2
558 4743 612 4794 aeq.
681 4729 714 4780 32
731 4728 866 4778 terrentius
917 4726 1095 4780 usstiureins
1164 4729 1198 4779 at
1215 4725 1274 4793 gule
1291 4727 1412 4790 querebat
