3390 5444
637 368 840 421 exoneres.
1318 363 1378 430 201

82 576 140 638 pro
163 555 329 620 causalibus
351 557 423 637 poni
444 555 555 626 solent,
590 565 622 618 ut
649 575 704 636 pro
727 557 842 617 ‘enim'
867 557 932 616 ‘et'
960 565 1099 636 ponatur,
1129 555 1206 618 sicut
1234 555 1382 617 Cicero:

84 659 242 721 vicistis
269 677 334 719 uos
363 665 397 718 et
425 658 481 719 liii
511 676 575 720 uos
603 660 798 726 iuuerunt,
829 665 979 738 tamquam
1001 656 1059 719 bec
1080 657 1208 719 diceret:
1239 657 1382 725 ‘uicistis

82 762 153 841 quia
179 760 224 821 Dii
247 777 300 820 uns
322 760 487 822 iuuerunt'.
531 760 725 839 Virgilius:
749 757 923 829 ‘Quoniam’
947 759 1010 819 ‘et’
1035 759 1139 819 ‘enim'
1163 778 1217 839 pro
1240 759 1383 820 ‘tametsi’

82 869 248 942 ponuntur,
277 861 354 922 sicut
380 861 546 924 Donatus
575 863 617 923 sic
646 860 722 923 latus
750 869 807 923 est:
845 860 1063 939 Quanquam
1099 877 1153 921 me
1191 866 1382 930 accusent,

57 965 260 1043 squoniam
284 979 349 1041 ego
372 964 600 1026 auctoritate
623 971 728 1025 certa
751 962 872 1025 lidens
895 963 1056 1024 omnium
1073 960 1209 1043 probra
1225 968 1383 1040 tempno,

83 1065 142 1125 hoc
166 1073 211 1125 est
233 1065 362 1125 ‘tametsi
385 1065 484 1127 omnia
507 1067 652 1145 tempno’.
689 1066 861 1127 Lucanus
885 1067 972 1126 etiam
995 1065 1032 1126 dc
1054 1061 1257 1126 imbecillitate
1272 1063 1384 1123 Tusco·

83 1185 151 1227 rum
167 1165 315 1230 scribens:
338 1165 458 1237 Enim,
475 1167 581 1244 inquit,
598 1166 734 1228 multos
757 1169 890 1229 uiuant
911 1185 1040 1238 annos,
1063 1185 1133 1228 non
1155 1183 1193 1226 se
1216 1182 1384 1245 nmquam

84 1266 355 1338 uindicabunt,
378 1268 436 1329 boc
459 1275 504 1329 cst
525 1269 563 1330 ‘si
586 1273 711 1331 uiuant’.

171 1369 251 1430 luia.
281 1368 477 1448 Virgilius:
502 1369 673 1443 ‘Quoniam’
690 1373 714 1434 si
730 1372 788 1433 duo
804 1371 896 1433 uerba
911 1373 990 1434 circa
1004 1391 1037 1434 se
1052 1369 1173 1440 babeat,
1195 1367 1384 1430 subiuncturn

47 1486 115 1532 tuse
146 1472 242 1551 priori
270 1469 357 1531 faciet
386 1479 415 1532 et
443 1489 570 1551 sequens
603 1473 758 1534 antecedet
786 1474 952 1554 Sulpitio
989 1472 1154 1535 scribente:
1192 1468 1386 1547 lurabant,

84 1575 263 1652 quoniam
301 1571 567 1644 debellabant;
605 1575 652 1636 bic
684 1584 729 1636 cst
760 1575 848 1636 ordo:
888 1576 976 1638 ‘ideo
1009 1573 1213 1642 debellabant,
1245 1573 1386 1652 quoniam

83 1674 250 1737 iurabant'.

165 1771 180 1858 ΙΙ
196 1776 215 1836 l.
232 1773 290 1836 31·
306 1773 317 1856 ΙΙ
333 1775 394 1836 Vir
402 1777 532 1853 gilius:
556 1779 666 1840 ‘Circa'
690 1787 720 1840 et
735 1782 829 1858 ‘erga’
854 1779 928 1840 duae
952 1779 1188 1858 praepositiones
1210 1783 1279 1836 sunt
1301 1793 1388 1835 casus

85 1877 268 1944 accusarint,
292 1876 344 1936 sed
367 1877 445 1939 banc
467 1879 668 1942 diruersitatem
692 1881 817 1950 babent,
841 1880 919 1961 quotl
943 1881 1047 1941 ‘circa’
1064 1878 1100 1940 ad
1122 1875 1271 1938 uisibilem
1296 1883 1387 1936 mate·

50 1995 72 2032 u
86 1981 163 2039 riam
189 1975 236 2039 uel
260 1977 357 2039 locum
379 1981 524 2059 pertinet,
554 1983 662 2061 ‘erga'
686 1993 782 2044 autem
806 1982 842 2042 ad
866 1984 996 2043 animum
1019 1986 1145 2059 spectat,
1170 1980 1297 2040 maxime
1319 1995 1386 2037 cum

86 2081 220 2161 aliquem
243 2082 470 2159 propensiorem
500 2085 638 2145 allectum
667 2093 752 2162 gerat
779 2085 1000 2164 proximorum
1028 2081 1156 2160 denique
1180 2089 1209 2140 et
1231 2077 1388 2140 Latinitate

87 2181 296 2263 philosophica
329 2181 471 2262 ‘argum’
505 2188 627 2248 allectus
650 2185 769 2254 (licitur,
798 2186 876 2247 unde
904 2195 934 2245 et
962 2186 1070 2263 ‘ergo’
1099 2185 1143 2244 sic
1172 2180 1350 2241 dicebantur
1373 2199 1388 2240 a

87 2285 213 2365 priscis.
237 2283 341 2362 quiin
364 2304 430 2347 sese
452 2297 626 2349 cunctorum
649 2287 803 2348 traherent
825 2287 973 2350 allectum.

88 2437 319 2446 ¹..-—.-----—-

159 2520 172 2568 1
195 2529 218 2568 οι
237 2523 345 2582 ponatur
363 2517 391 2556 ut
409 2523 456 2558 uos
475 2509 573 2558 uiolatis
591 2517 616 2557 et
632 2507 685 2557 dno
703 2507 822 2556 inurerent
838 2506 887 2554 hoc
905 2515 944 2556 est
961 2506 1023 2567 qnia
1039 2504 1090 2553 duo
1104 2505 1222 2553 iuuerunt
1237 2501 1324 2552 Maius
1375 2503 1391 2551 3

88 2583 230 2651 Virgilius]
250 2601 277 2650 p.
297 2575 417 2634 148Μαί
465 2575 588 2625 tamensi
657 2577 822 2640 4p0nnntnr
840 2583 878 2623 nt:
897 2573 1018 2637 quoniam
1038 2587 1087 2637 ego
1105 2571 1255 2622 ethaiur
1307 2569 1391 2630 l'nptus

89 2659 225 2706 bremensi
295 2645 623 2702 emmenomniatemlno
678 2653 787 2708 tempno.
809 2641 841 2690 Et
852 2643 941 2691 iterum
956 2641 1083 2690 scribens:
1102 2639 1179 2702 enlm,
1192 2639 1284 2701 inquit,
1297 2638 1390 2686 multos

90 2725 182 2772 uiuam
199 2735 295 2784 annos,
319 2733 369 2768 non
388 2727 416 2761 se
435 2727 554 2775 umquam
573 2719 622 2762 etc.
641 2711 727 2760 Maius
829 2710 1028 2761 Sutindieebnnt
1094 2707 1210 2771 Morpint‘
1226 2721 1300 2755 manu
1317 2705 1393 2754 Petri

92 2792 208 2840 [tentetis
226 2790 290 2839 llaec
307 2789 409 2838 adiecta
426 2786 495 2829 errat:
515 2781 539 2829 iu
559 2780 638 2828 altero
657 2788 707 2829 utet.
726 2779 783 2828 cod.
802 2778 840 2827 sio
858 2779 975 2828 babetur:
996 2776 1109 2827 Donatus
1128 2774 1270 2840 praetorius
1288 2773 1314 2820 in
1327 2785 1390 2836 apo-

90 2859 197 2924 togttien
217 2857 255 2906 sie
272 2856 339 2906 satus
359 2863 398 2904 esc
409 2863 563 2911 quamquam
577 2855 626 2898 etc.
640 2874 672 2882 —
684 2854 724 2897 et:
743 2847 884 2896 Vulcionus
902 2846 934 2897 de
952 2843 1122 2894 imbecillitate
1133 2841 1287 2892 Tuscorum:
1307 2839 1391 2900 Enim,

88 2927 186 2989 inquit,
210 2924 305 2974 multos
323 2924 411 2972 uiuent
428 2933 511 2967 anulos
533 2931 561 2965 se
585 2930 722 2978 utrimquam
747 2916 924 2977 uindicabunt,
948 2913 996 2963 lroc
1017 2923 1057 2962 est
1074 2911 1096 2961 ei
1115 2910 1211 2960 uiuant.
1248 2907 1283 2958 ln
1304 2908 1392 2957 codice

91 2995 218 3044 Leidenat'
233 2991 308 3043 Voce.
327 2990 357 3052 Q.
377 2992 414 3040 33
430 2986 453 3049 s.
465 2989 498 3036 81
504 2991 515 3018 ⁸
534 2985 574 3034 lu‘c
591 2987 660 3034 locro
678 2985 715 3033 itn
732 2999 761 3034 ee
778 2983 853 3033 babet
866 2983 1020 3034 Alexandro
1032 2979 1125 3031 Rleeeo
1142 2985 1263 3029 aaoetore:
1280 2973 1392 3024 Ulcanus

90 3063 167 3110 etiam
187 3062 220 3110 de
238 3058 385 3109 inbicilitate
402 3067 532 3105 tuscorum
545 3053 660 3102 scribens
674 3051 740 3100 enirn
754 3051 843 3114 inquid
855 3057 903 3103 etc.
925 3050 964 3113 Of.
973 3052 1058 3100 annal.
1072 3045 1196 3098 Fleckeie.
1210 3046 1276 3094 18⁶⁹
1286 3060 1314 3108 p.
1327 3045 1392 3094 733.

91 3133 107 3180 9
124 3124 266 3193 Virgilius]
285 3144 312 3192 p.
332 3127 383 3176 ut
401 3123 470 3174 Mat:
503 3121 535 3171 Et
551 3120 611 3180 ultr
625 3121 742 3169 iurabant
759 3120 879 3182 quioniam
902 3117 1069 3169 debellabant.
1105 3114 1151 3166 Hic
1173 3122 1213 3162 est
1234 3111 1311 3161 ordo:
1335 3109 1393 3159 ideo

90 3195 262 3254 debellabant,
281 3195 403 3258 quonium
421 3190 546 3244 iterabant,
598 3185 639 3254 se]
659 3203 716 3236 enm
787 3188 816 3236 ll
831 3185 1005 3236 lrocestordo
1022 3184 1080 3233 ideo
1099 3181 1224 3231 bellabant
1293 3177 1395 3229 tevir-

91 3260 183 3329 gilius]
203 3281 230 3326 p.
243 3265 292 3312 uo
305 3261 372 3313 Mai:
392 3259 424 3310 Et
435 3260 501 3308 circo
571 3259 603 3308 lb
620 3255 884 3320 etcrgandanimom
898 3252 985 3304 Maius
1036 3259 1135 3316 spectat
1153 3258 1178 3298 et
1194 3247 1310 3298 ellectum
1330 3245 1397 3310 gerit

92 3333 273 3398 proximorum
292 3329 393 3379 Maian:
411 3334 498 3378 cetera
516 3326 587 3390 apud
604 3324 700 3373 Maium
717 3325 815 3373 desunt.
851 3323 890 3372 De
908 3323 958 3373 loci
973 3320 1101 3369 sententia
1117 3317 1153 3380 rs.
1171 3316 1271 3366 Claro.
1289 3330 1315 3378 p.
1332 3314 1396 3374 234,

92 3403 124 3450 11
143 3399 187 3450 K.-
205 3398 259 3448 iere
276 3398 343 3447 enim
362 3411 424 3462 erga
441 3396 474 3446 ad
491 3392 617 3443 adiectum
636 3390 751 3440 retertur.
