3420 5450
516 350 627 404 comt).
648 351 780 404 BERNN.
799 353 849 404 522
868 356 897 404 et
914 355 972 405 432.
1343 371 1403 418 XLI

101 546 210 602 Nomen
233 553 275 602 est
296 543 460 604 uocabulum
483 546 699 620 uniuscuiusque
721 545 769 604 rei.
806 546 963 622 cognomen
985 556 1028 606 εει
1049 549 1126 624 qnasi
1150 545 1274 604 naturale
1296 543 1349 622 (di)
1371 549 1404 604 de

103 630 210 690 carnali
231 633 398 704 cognitione,
421 637 451 688 ut
475 630 633 688 Chananeus
654 633 688 689 de
710 631 834 690 chanaan
857 639 886 688 et
906 631 1027 690 Albanus
1049 633 1082 690 de
1103 631 1170 692 hlha
1193 630 1302 704 (alhua).
1339 633 1403 690 Nam

101 715 242 790 quidam
266 719 307 774 sie
327 716 409 788 dicit,
433 723 464 772 ιιι
485 717 522 774 ειι
544 733 696 792 cognomen
719 734 734 773 a
756 727 957 790 cognomento,
979 727 1010 775 ιιι
1027 727 1071 777 εει
1093 718 1194 793 Symon
1210 717 1317 774 Petrus.

191 800 390 858 declinationes
413 801 553 860 nominum
575 810 640 858 sunt
655 803 787 876 quinque.
816 803 870 860 llas
893 803 919 858 in
943 805 1073 876 genetiuo
1095 820 1160 860 casu
1183 805 1223 860 sic
1243 803 1403 877 requiritur.

100 887 193 944 Prima
215 895 273 958 est,
295 903 365 962 quae
387 887 414 944 in
438 887 569 962 genetiuo
591 903 657 944 casu
679 887 865 961 singulariae
887 887 1059 963 diphthongo
1077 885 1253 964 (diptongon)
1275 888 1404 946 termina·

103 980 153 1028 tur
161 1014 274 1030 ......
309 971 432 1030 Secunda
448 980 505 1042 est,
528 987 598 1048 quae
613 973 743 1045 genetiuo
765 990 831 1030 casu
845 972 978 1046 singulari
994 975 1003 1031 i
1018 973 1109 1031 littera
1126 975 1288 1032 terminatur
1289 1011 1397 1033 ......

101 1057 194 1114 Tertia
225 1065 284 1128 est,
313 1074 383 1132 quae
411 1059 569 1131 genetiuum
598 1074 689 1116 casum
719 1057 885 1130 singularem
913 1057 1052 1133 (genetiuo
1074 1077 1139 1117 casn
1162 1059 1306 1134 singulari)
1329 1060 1356 1115 in
1379 1060 1403 1114 is

100 1141 203 1212 mittit,
226 1152 259 1199 ut
280 1142 323 1199 hic
344 1141 426 1200 sortis
448 1144 530 1200 liuius
552 1143 639 1200 fortis.
684 1143 785 1211 Quarta
807 1152 865 1214 est,
896 1161 965 1218 quae
987 1145 1147 1218 geneliuum
1170 1161 1261 1202 nasum
1284 1144 1404 1217 singula·

99 1244 163 1282 rem
185 1230 212 1285 iu
235 1244 268 1283 ns
290 1229 392 1300 mittit,
419 1237 450 1284 ut
478 1228 523 1286 lde
549 1227 647 1286 lluctus
677 1229 758 1286 huius
781 1228 891 1288 ductus.
935 1228 1032 1296 Quinta
1061 1237 1119 1304 ost,
1148 1247 1216 1305 quae
1244 1229 1402 1303 genetiuum

99 1311 273 1386 singularem
295 1311 438 1386 (genetiuo
461 1311 604 1386 singulari)
626 1315 654 1369 in
676 1315 701 1370 el
724 1313 828 1384 mittit,
856 1321 886 1370 ut
913 1314 972 1371 dies
994 1315 1058 1372 diei.
1102 1314 1239 1372 liarcus
1261 1313 1401 1371 Porcius

99 1397 187 1453 Cato
209 1397 332 1469 (llartius
354 1399 462 1472 portius
484 1397 556 1471 cato)
584 1398 697 1456 llomnni
724 1401 833 1472 generis
861 1397 1059 1457 disertissimus
1086 1400 1167 1472 dicit,
1197 1399 1302 1458 radices
1329 1400 1403 1456 litte·

99 1499 194 1538 rarum
217 1499 322 1540 amaras
345 1499 419 1550 esse,
447 1482 554 1542 iructus
576 1492 667 1540 autem
689 1483 793 1544 dulsos.

191 1599 353 1674 Hucusque
366 1597 417 1660 hic
432 1605 582 1661 tractatus
602 1601 789 1661 extenditur.
825 1600 871 1661 Ile
890 1606 1025 1662 extremo
1040 1603 1107 1662 ioco
1120 1603 1266 1674 conseras
1281 1603 1405 1663 Alcuini

97 1709 201 1760 artem
223 1703 454 1776 grammaticam
471 1719 504 1778 p.
529 1709 619 1770 2079,
647 1709 664 1762 6
687 1702 738 1762 Ρ.;
783 1701 909 1763 ‘Nonne
935 1708 1020 1764 uetare
1039 1705 1251 1780 prouerbium,
1282 1705 1403 1764 radices

97 1806 263 1864 literarum
285 1820 348 1863 esse
369 1819 509 1878 amaras,
532 1803 656 1876 fruetus
677 1811 776 1866 autem
798 1800 982 1882 dulcesi’*)

188 1903 333 1980 Sequitur
360 1904 391 1978 s.
420 1912 476 1964 92⁶
505 1905 787 1983 orthographia
822 1924 862 1968 eac
898 1906 1016 1969 duabus
1038 1908 1205 1985 perticatas
1232 1909 1434 1985 conposita,=

96 2023 232 2082 auarum
247 2009 349 2066 altera
363 2007 479 2068 Isidori
491 2009 642 2083 originum
657 2010 708 2069 tit.
724 2009 744 2069 I
763 2011 862 2086 capite
876 2009 996 2071 XXVI
1012 2011 1192 2085 continetur,
1210 2010 1311 2070 altera
1331 2016 1404 2070 ante

99 2107 273 2169 Thurotnrn
295 2110 409 2170 inedita
426 2109 507 2184 fuit,
536 2109 582 2182 cf.
605 2112 693 2172 huius
713 2111 786 2172 libri
806 2129 841 2188 p.
867 2117 921 2171 291
934 2128 1015 2187 sep:
1051 2111 1158 2191 incipit
1179 2108 1401 2189 orthographia.

97 2208 324 2288 Ortlrogrsphia
347 2228 436 2288 grece
458 2209 549 2272 latine
576 2219 657 2273 recta
685 2213 831 2292 scriptura
860 2215 1076 2290 interpretatur
1098 2213 1184 2287 -ί,
1203 2220 1260 2274 96⁶
1282 2210 1403 2273 zabolus

97 2330 199 2374 zenon
223 2319 252 2372 ει
275 2321 374 2373 cetera
403 2311 459 2374 sibi
486 2312 595 2374 similia
623 2317 744 2376 noneina
772 2332 827 2395 per
848 2333 864 2374 z
888 2313 1056 2376 scribimus.
1095 2324 1141 2376 εει
1168 2315 1247 2376 enirn
1276 2331 1402 2392 ngreca
1506 2320 1508 2324 ’

97 2412 201 2474 ιιιιειε
224 2411 332 2492 duplex
356 2416 425 2494 quia
447 2413 550 2476 breuis
572 2422 626 2477 est.

186 2517 323 2592 Denique
339 2515 372 2590 f.
395 2515 574 2578 ιε’-ιε’
602 2525 690 2580 entat
715 2527 959 2581 commentum
988 2523 1170 2596 anonymi
1194 2523 1232 2580 in
1260 2521 1404 2581 Donati

98 2625 222 2678 ortem
243 2621 423 2679 maiorem
446 2637 466 2679 a
488 2623 575 2681 calce
595 2620 749 2682 mutilum:

187 2739 361 2798 expostulo
383 2740 423 2797 DE
444 2741 533 2798 hli'lll
554 2742 689 2800 llhlllllll.
725 2740 798 2810 Quae
814 2752 895 2815 sunt,
918 2761 987 2819 quae
1002 2759 1108 2801 omnem
1126 2744 1268 2802 ueritatem
1284 2745 1401 2818 seriptu-

97 2844 147 2884 rae
172 2826 380 2884 commendanti
408 2827 479 2894 Tria,
501 2827 579 2885 loeus
602 2837 710 2903 tempus
732 2845 859 2902 persona.
897 2829 989 2886 donati
1014 2829 1171 2904 requiretur
1193 2828 1270 2886 locus
1293 2837 1402 2903 tempus

95 2921 125 2967 et
150 2927 278 2986 persona.
323 2912 412 2969 Locus
439 2911 576 2970 scribendi
604 2913 688 2970 Roma
711 2923 739 2970 et
766 2915 866 2972 dicitur
895 2913 987 2971 ‘urhis
1010 2913 1139 2972 liomae'.
1182 2915 1302 2971 Persona
1330 2913 1399 2970 ‘llo-

95 2999 157 3054 nali
181 2996 370 3070 grammatiei'.
416 2997 536 3072 'iempns
557 2997 657 3055 Liherii
686 2998 825 3074 episcopi,
852 3002 900 3075 qui
922 2999 974 3056 init
996 2999 1094 3055 xxxvl
1117 3007 1183 3074 post
1204 3007 1328 3057 sanctum
1350 2999 1401 3056 Pe·

94 3093 175 3138 trum
191 3078 264 3156 (post
279 3078 331 3139 sco*
345 3077 475 3155 petrum).
520 3083 635 3140 llittera
659 3084 798 3158 quemodo
820 3085 921 3142 dieitur
942 3088 967 3140 in
984 3084 1107 3142 llehraeu
1129 3082 1233 3158 (ehreo)
1256 3086 1282 3140 in
1299 3086 1400 3142 Graeco

94 3167 122 3222 in
148 3166 265 3223 Latino?
309 3167 337 3223 ln
361 3167 482 3225 llelrraeo
506 3169 560 3236 iot,
593 3169 620 3225 in
643 3169 746 3226 Graeco
768 3171 841 3242 iota,
864 3173 891 3226 in
914 3171 1009 3226 Latino
1033 3170 1051 3226 ι.
1097 3169 1125 3226 ln
1149 3171 1228 3226 tertia
1252 3171 1401 3226 conexione

92 3251 181 3324 (·em)
201 3252 266 3326 quid
288 3259 354 3326 aput
376 3251 511 3310 llehraeos
532 3253 566 3310 ab
589 3253 745 3311 llieronimo
769 3254 899 3329 punituri
928 3297 1045 3313 .....
1073 3254 1129 3310 lota
1152 3254 1222 3329 apud
1245 3255 1362 3312 Graecos
1385 3271 1401 3310 r

89 3335 253 3412 significat,
275 3336 335 3392 ioht
357 3337 385 3393 in
400 3335 522 3394 Hebraeo
543 3339 707 3413 principium
724 3340 931 3414 interpretatur,
954 3341 1018 3415 quia
1040 3356 1134 3396 omnes
1157 3339 1265 3396 litterae
1288 3339 1399 3396 liehrai·

90 3441 145 3480 cae
171 3432 321 3497 conpotum
344 3438 397 3479 non
422 3422 538 3495 habent,
561 3423 609 3480 sed
632 3425 895 3498 interpretationem.
940 3425 1039 3482 Omnes
1062 3441 1128 3482 uero
1152 3424 1261 3483 litterae
1283 3424 1400 3482 Graecae

90 3519 121 3564 et
146 3507 261 3564 Latinae
284 3508 538 3582 interpretationem
562 3525 617 3566 non
639 3509 756 3582 habent,
779 3510 832 3566 nisi
855 3519 1012 3585 conpotum.
1052 3509 1103 3565 ‘ln'
1121 3525 1171 3584 per
1192 3526 1221 3565 se
1244 3525 1313 3583 quae
1335 3527 1400 3584 pars

90 3593 237 3650 orationis
260 3601 303 3648 est
324 3600 353 3648 et
380 3593 518 3667 quomodo
541 3593 569 3650 in
592 3593 714 3652 Hebraeo
737 3597 764 3651 in
788 3594 890 3652 Graeco
913 3605 941 3652 et
962 3597 989 3652 in
1013 3594 1128 3652 Latino?
1157 3593 1192 3650 lla
1215 3595 1242 3650 in
1266 3593 1400 3666 llehraeo,

92 3687 125 3735 ut
149 3677 256 3734 dieitur
278 3677 543 3750 ‘hasuiean’„idest
565 3680 592 3736 ιιι
616 3687 793 3754 ternpestate;
823 3673 856 3736 ἐν
878 3682 904 3736 in
927 3679 1047 3750 Gracco,
1076 3689 1107 3738 ιιι
1129 3679 1228 3738 dieitur
1250 3672 1284 3735 ἔν
1305 3677 1402 3759 βουλῇ

89 3755 221 3838 ἀσεβῶν
242 3762 286 3834 (en
309 3761 388 3820 hulea
411 3761 511 3836 siban),
534 3763 604 3820 idest
627 3766 653 3820 in
677 3763 792 3821 consilio
815 3765 970 3840 impiorum.
1015 3764 1066 3822 ‘ln’
1091 3779 1160 3839 qnae
1182 3781 1245 3839 pars
1268 3765 1400 3822 orationis

90 3849 157 3905 cst?
190 3847 361 3922 Praepositio
385 3850 411 3904 iu
435 3849 599 3924 supradictis
623 3849 709 3906 tribus
724 3850 834 3924 linguis.
864 3849 917 3905 ‘ln'
935 3852 977 3908 nui
994 3852 1068 3907 casui
1084 3851 1170 3907 seruit
1186 3849 1257 3924 apud
1272 3849 1400 3907 Latinos?

91 3933 154 3990 iloc
180 3941 225 3988 est
245 3932 392 4006 utriusque
414 3951 494 3990 casus
517 3933 702 4009 praepositio,
725 3934 796 3991 idest
817 3935 966 3992 accusatiul
990 3944 1018 3993 ει
1041 3935 1169 4008 ablatiui,
1191 3943 1222 3991 ut
1244 3934 1356 3992 dicitur:

508 4018 579 4075 ltur
601 4021 634 4076 in
657 4019 832 4094 antiquam
855 4021 977 4078 siluam

91 4105 129 4174 [in
156 4119 271 4176 aquam,
301 4102 384 4175 Vera.
407 4103 477 4160 Aen.
501 4103 543 4159 VI
563 4100 627 4180 179)
651 4105 824 4162 accusatiuus
846 4123 940 4170 casus;
963 4105 1101 4164 ablatiuus
1124 4121 1205 4162 uero:
1229 4102 1399 4160 ‘benedictus

90 4192 140 4263 qui
167 4187 249 4242 uenit
270 4188 296 4242 in
319 4187 430 4244 nomine
452 4187 565 4245 donnini’
589 4188 639 4262 (cf.
663 4190 770 4262 Asperi
789 4205 841 4248 ars
859 4207 891 4264 p.
915 4195 963 4266 dit,
987 4189 1045 4264 32).

187 4303 263 4364 Tum
286 4305 325 4364 de
347 4306 518 4380 ‘incipiunt'
538 4303 644 4377 sorana
666 4307 834 4382 quaeritur,
857 4308 896 4366 de
917 4306 1083 4380 ‘feliciter',
1107 4307 1147 4366 de
1166 4305 1339 4382 partibus&
1363 4307 1401 4365 de

90 4407 202 4480 turre,
229 4407 269 4466 de
290 4407 516 4481 ‘mammotreti
539 4407 578 4467 de
599 4407 706 4468 ‘urhis'
730 4414 786 4468 etc.
809 4409 974 4470 uocabulis.

161 4641 194 4706 *ι
212 4642 284 4693 ldem
303 4641 410 4694 Ontonia
428 4643 523 4694 dietum
542 4644 574 4694 nd
592 4643 676 4696 chrias
695 4643 862 4710 explicandas
881 4646 997 4696 adhibuit
1014 4645 1151 4698 Diomedes
1170 4663 1196 4713 p.
1215 4647 1278 4708 310,
1296 4647 1312 4696 ι
1330 4660 1399 4708 seq.:

91 4713 215 4764 ‘limene
237 4711 342 4762 Porcius
361 4710 426 4762 (lato
448 4711 514 4763 dixit
535 4713 673 4763 litterarum
697 4713 795 4764 radices
818 4729 919 4766 emeras
938 4731 1009 4777 esse,
1033 4713 1128 4766 inactus
1151 4713 1342 4776 iocundiores’,
1366 4713 1399 4767 ci.

92 4781 204 4831 Fabricii
223 4780 287 4830 hibi.
307 4780 366 4831 Lot.
386 4779 454 4830 med.
474 4791 498 4831 ει
514 4779 561 4834 ini.
580 4793 629 4832 set.
654 4781 743 4832 lismb.
763 4784 829 4836 1⁷36
852 4784 903 4833 nol.
923 4783 946 4831 V
965 4799 991 4848 p.
1011 4784 1044 4834 50
1066 4799 1104 4832 nr.
1123 4786 1167 4834 40:
1196 4779 1339 4832 ‘Doctrina
1361 4794 1400 4832 εει

90 4850 191 4900 imerus
209 4849 292 4901 duleis
311 4849 410 4900 radicis
430 4853 526 4898 emere’
545 4859 569 4898 et
587 4851 618 4901 h.
638 4848 697 4900 llinii
716 4861 782 4901 ιιιει.
800 4853 858 4903 Vnt.
879 4852 901 4900 V
920 4867 947 4918 p.
966 4853 1029 4914 462,
1047 4853 1071 4901 2.
1091 4893 1101 4912 ,
