3394 5448
528 379 803 433 nrrsenau'rrme
822 380 1031 433 senuouvu.
1355 377 1419 443 289

207 565 288 628 lnter
309 587 418 650 capere
442 577 472 631 et
493 569 633 651 decipere
655 569 712 631 hoc
735 571 874 640 interest,
898 568 976 650 quod
993 569 1125 649 capimus
1146 569 1235 648 etiam
1257 575 1417 639 merentes,

120 667 286 749 decipimus
309 672 497 742 innocentes,
521 680 571 734 aut
593 673 727 752 capimus
750 679 827 748 arte,
852 671 1017 750 decipimus
1038 670 1189 734 insidiose.

205 771 288 834 Inter
310 774 468 836 consilium
492 781 522 835 et
543 777 721 837 sententiam
744 775 802 835 hoc
824 775 963 845 interest,
988 772 1065 854 quod
1089 774 1244 836 consilium
1268 777 1418 854 cogitatio,

121 877 271 936 sententia
294 875 411 938 consilii
434 877 647 956 pronuntiatio.

93 990 106 1031 ⁵
206 975 289 1036 lnter
316 977 379 1039 lors
407 986 437 1039 et
465 979 615 1040 fortunam
645 977 702 1039 hoc
730 980 871 1048 interest,
899 979 977 1058 quod
1009 978 1071 1039 lors
1099 998 1185 1041 casus
1212 987 1272 1049 est,
1300 981 1418 1040 lortuna

121 1075 176 1138 dea
198 1085 257 1153 est,
282 1078 480 1157 etquidem
504 1082 547 1141 sic
570 1078 688 1141 uolunt:
712 1081 787 1142 ‘lors
810 1088 959 1160 tamquam
981 1099 1062 1151 sors,
1085 1081 1163 1141 idest
1186 1088 1289 1142 mors’

204 1178 287 1240 lnter
310 1179 495 1242 uoluntatem
518 1190 548 1243 et
569 1180 752 1263 uoluptatem
783 1182 839 1244 hoc
868 1184 1009 1253 interest,
1040 1182 1119 1262 qnod
1147 1183 1286 1244 uoluntas
1317 1185 1417 1252 animi,

48 1321 57 1344 .
122 1279 259 1358 uoluptas
281 1284 418 1362 corporis
440 1291 496 1344 est.
897 1349 898 1352 ,

207 1384 294 1445 Inter
319 1386 433 1446 interea
463 1390 492 1446 el
519 1385 668 1446 interdum
696 1387 753 1448 hoc
781 1388 922 1457 interest,
953 1386 1033 1464 quod
1061 1387 1211 1448 interdum
1242 1387 1417 1448 eduerlrium

82 1499 107 1538 ro
122 1487 266 1564 temporis
289 1494 348 1555 est,
370 1487 485 1550 interea
507 1505 594 1548 ceusa
617 1489 672 1548 rei.

205 1586 287 1647 lnter
310 1587 490 1649 meditamur
514 1597 543 1651 et
565 1587 737 1650 melitamur
760 1588 817 1650 lroc
839 1590 981 1662 interest,
1006 1589 1083 1667 quod
1108 1590 1286 1652 meditamur
1308 1593 1416 1659 animo.

99 1685 292 1751 melitamur
314 1707 453 1768 corpore.

206 1791 288 1852 later
309 1790 445 1853 homines
467 1801 497 1853 et
519 1792 629 1853 bestias
651 1792 707 1853 lroc
730 1795 867 1863 interest,
898 1793 976 1873 quod
1007 1793 1117 1854 bestiae
1145 1796 1242 1855 uentri
1271 1795 1416 1864 seruiunt,

120 1889 260 1954 homines
282 1894 402 1954 rationi.

82 2008 107 2049 15
206 1994 288 2055 lnter
310 2013 400 2073 surgo
424 2004 453 2056 et
475 2001 588 2074 exurge
611 2014 736 2076 resurgo
759 2013 908 2073 consurgo
931 1997 1053 2076 insurgo
1079 1997 1137 2058 hoc
1165 1999 1306 2066 interest,
1339 1995 1417 2077 quod

119 2112 212 2173 surgo
327 2114 440 2174 exurge
457 2096 494 2157 de
510 2097 600 2167 lecto,
624 2115 750 2178 resurgo
767 2117 783 2160 a
799 2105 908 2174 morte,
932 2116 1082 2176 consurgo
1105 2117 1171 2160 eum
1196 2099 1270 2169 aliis,
1294 2100 1418 2176 insurgo

119 2197 149 2257 in
175 2197 259 2258 alios.

204 2297 285 2359 lntcr
315 2297 507 2361 uolumtatem
537 2308 567 2361 et
597 2299 778 2362 uoluntatem
807 2311 836 2362 et
862 2305 1046 2378 uoluptatem
1078 2301 1135 2361 lroc
1168 2303 1305 2369 interest,
1339 2302 1416 2381 quod

118 2397 266 2461 uolumtas
290 2401 344 2460 liei
367 2410 426 2471 est,
450 2401 591 2464 uoluntas
613 2403 757 2474 hominis,
782 2405 918 2481 uoluptas
941 2401 1058 2464 diaboli.

78 2517 105 2557 ao
205 2501 285 2562 later
319 2500 500 2565 elementum
534 2511 563 2565 et
596 2505 768 2566 elimentum
802 2512 832 2566 et
864 2505 1038 2565 alimentum
1072 2503 1129 2564 lroc
1162 2507 1302 2573 interest,
1337 2503 1416 2583 quod
1458 2492 1461 2499 ’

118 2602 308 2664 elementum'
339 2603 376 2666 de
405 2606 526 2675 litteris,
564 2605 736 2668 elimentum
767 2605 803 2667 de
834 2609 980 2667 creaturis
1015 2605 1137 2676 dieitur,
1175 2607 1348 2668 alimentum
1380 2605 1417 2666 de

120 2706 209 2766 escis.
589 2779 594 2789 ¹

204 2805 285 2867 Inter
307 2809 534 2870 monumentum
557 2818 587 2871 et
608 2811 823 2872 monimentum
845 2810 901 2871 hoc
925 2812 1065 2879 interest,
1095 2809 1173 2887 quod
1201 2810 1416 2870 monimentum

118 2911 295 2980 memoriae,
319 2919 544 2972 monumentum
568 2911 737 2992 sepulturae
761 2911 894 2974 dicimus.

78 3024 104 3064 2⁵
203 3010 286 3072 luter
308 3010 395 3072 simul
419 3021 449 3074 et
470 3013 570 3074 simitu
595 3013 652 3074 hoe
672 3015 813 3085 interest,
843 3013 923 3092 qrrod
944 3011 1031 3073 simul
1053 3031 1110 3074 una
1134 3015 1307 3092 pariterque
1329 3010 1416 3092 †res

118 3111 241 3182 clamat,
266 3119 298 3172 ut
319 3113 421 3175 ‘simul
434 3113 572 3192 legimus’
595 3113 695 3176 ‘simul
710 3114 882 3177 scribimus'
898 3111 910 3195 ΙΙ
927 3115 945 3174 l.
960 3111 1035 3174 116⁶
1052 3111 1082 3196 ll,
1107 3117 1207 3175 simitu
1230 3113 1287 3174 loci
1309 3115 1417 3193 recipit
1472 3103 1478 3118 ”

118 3214 363 3291 significationem
389 3223 536 3295 tamquam
559 3216 659 3277 ‘simul
682 3217 747 3277 ltu'.

205 3315 286 3376 lnter
307 3324 407 3394 grates
428 3326 458 3378 et
479 3319 588 3395 gratias
617 3316 672 3378 lroc
700 3319 839 3397 interest.
869 3318 946 3397 quod
977 3325 1076 3395 grates
1104 3309 1277 3384 relerim'us.
1306 3317 1416 3393 gratias

119 3433 244 3494 agimus.

186 3706 202 3754 2
220 3704 344 3753 insidiare
395 3705 511 3769 cepimus
534 3715 710 3754 merentes-
729 3706 854 3756 insidiose
873 3706 1047 3768 Gothosredus
1063 3723 1090 3770 p.
1110 3708 1160 3755 106
1244 3709 1260 3756 3
1279 3705 1415 3755 consillum

117 3772 338 3838 -·pronuntiarlo
353 3772 526 3834 Gotdofredus
542 3790 568 3837 p.
582 3776 630 3822 106
681 3772 844 3823 birrrtunam
863 3773 911 3823 hoc
929 3785 969 3822 est
1010 3789 1099 3822 corsus
1118 3784 1157 3823 est
1199 3773 1252 3824 lors
1271 3789 1346 3823 casus
1366 3784 1415 3832 est,

116 3840 221 3890 lortuna
238 3840 298 3888 cleta
316 3849 355 3888 est
372 3851 396 3888 et
413 3839 518 3903 quidam
537 3866 569 3875 —
587 3840 641 3890 lors
659 3850 782 3902 tanquam
800 3857 868 3890 mors
889 3842 1062 3903 Gothosrerlrrs
1079 3859 1105 3905 p.
1124 3844 1174 3890 106
1243 3844 1257 3892 i
1276 3852 1301 3890 et
1319 3840 1416 3890 uolum-

116 3917 213 3972 ptatem
232 3906 280 3956 lroe
298 3918 337 3956 eat
405 3909 421 3958 8
440 3907 586 3972 uolumptas
622 3909 688 3958 Inter
707 3909 837 3958 uoluntate
849 3920 875 3958 et
886 3908 1017 3974 uoluptate
1036 3909 1087 3958 lroe
1105 3910 1218 3967 interest,
1238 3909 1306 3971 quod
1327 3908 1416 3958 uolun-

116 3987 157 4024 tas
175 3976 342 4040 -corporis
363 3975 579 4039 Gallosredusp.
599 3978 661 4038 100,
684 3977 718 4039 cf.
740 3978 814 4042 lieiff.
832 3994 858 4040 p.
878 3979 929 4026 205
1015 3978 1161 4038 dilueres,
1183 3992 1230 4027 orn.
1248 3979 1314 4026 iuter
1384 3978 1417 4025 10

115 4042 229 4112 interiere
281 4043 407 4092 interdum
427 4069 452 4078 -
476 4057 555 4092 cansa
578 4044 613 4093 rei
638 4044 810 4107 Gothosrcrlns
831 4061 857 4108 p.
883 4047 931 4093 100
1035 4048 1063 4094 11
1088 4045 1240 4094 meditamur
1258 4071 1290 4079 -
1308 4058 1416 4109 corpore

116 4110 292 4172 Gothosrcrlus
307 4127 334 4174 p.
355 4112 403 4159 100
484 4113 515 4161 13
533 4111 668 4161 seruiuunt
719 4113 815 4163 bestiae
833 4114 914 4161 uentri
933 4113 1051 4161 saeuiunt
1068 4113 1186 4161 homines
1203 4112 1303 4161 ratione
1323 4112 1416 4162 Getico-

112 4179 208 4240 srcdur
225 4195 251 4242 p.
270 4180 320 4228 106
423 4179 454 4228 16
472 4180 537 4228 inter
555 4195 636 4244 surgo
654 4189 679 4229 et
697 4196 796 4247 exurge
815 4196 923 4244 resurgo
946 4195 1077 4246 consurgu
1095 4181 1204 4244 insurgu
1222 4179 1271 4229 lroc
1288 4192 1327 4229 est
1345 4179 1415 4241 qnod
1438 4172 1446 4188 ‘

115 4260 197 4311 surgo
217 4260 315 4310 exurge
334 4246 365 4295 de
383 4245 447 4295 lecto
483 4247 549 4296 luter
567 4249 807 4314 surgo—insurgo
826 4249 852 4296 in
870 4248 934 4297 allos
953 4249 1026 4298 deest
1043 4250 1114 4311 oprrd
1132 4247 1328 4309 &attenedum
1348 4247 1416 4295 lacn·
1466 4243 1472 4258 ⁴

115 4329 186 4372 nam,
206 4329 279 4379 quma
296 4313 410 4364 indicaui
425 4321 485 4378 post
502 4319 601 4378 ‘serpo’
619 4317 704 4366 uerbis
723 4333 736 4366 e
754 4316 815 4367 sede
832 4320 955 4381 expleas,
975 4316 1010 4374 es.
1024 4316 1187 4379 differentius
1204 4315 1317 4365 Terentii
1332 4331 1415 4380 pram-

114 4383 215 4443 matici,
234 4396 297 4447 quas
314 4383 341 4432 in
355 4383 443 4446 praes.
461 4379 505 4447 (de
516 4383 612 4436 diacon.
623 4399 697 4434 serm.
710 4401 767 4449 cup.
781 4383 843 4447 III)
862 4400 898 4434 ear
914 4385 1002 4434 codice
1015 4382 1173 4433 Eincidlensi
1186 4385 1220 4433 32
1231 4400 1260 4448 p.
1274 4385 1324 4432 200
1337 4383 1415 4431 edidi.

116 4449 150 4498 18
168 4449 236 4498 luter
254 4449 409 4499 uoluntatem
428 4459 452 4498 ct
470 4449 634 4500 uolumretem
652 4451 701 4501 lroe
718 4465 758 4502 est
775 4451 844 4514 qrrod
865 4450 969 4500 uolricus
1013 4450 1081 4500 Inter
1098 4449 1263 4500 uelnmtatem
1276 4449 1416 4499 —diaboli

115 4519 190 4568 deest
207 4519 279 4582 opud
296 4517 486 4579 Gotdofrcdum.
555 4520 589 4569 20
607 4521 674 4570 Inter
691 4519 840 4569 clementum
860 4546 893 4554 -
910 4520 943 4569 de
961 4519 1027 4568 escis
1046 4521 1118 4570 decet
1135 4521 1206 4584 apud
1225 4517 1415 4580 Gotlrofredwn.

115 4587 445 4636 231utermonumcntum
464 4609 496 4620 —
514 4585 623 4636 dicimus
642 4589 715 4638 deest
731 4589 802 4653 epod
820 4587 1011 4651 Gordosredum.
1081 4587 1114 4636 25
1133 4597 1158 4636 et
1175 4587 1294 4636 semitam
1313 4585 1361 4634 lroe
1379 4594 1418 4634 est

114 4655 149 4704 26
168 4654 252 4703 semiti
330 4654 363 4702 at
382 4651 597 4717 significationem
609 4665 739 4720 tamquam
758 4655 888 4704 similitnm
908 4654 984 4704 simul
1002 4655 1165 4718 unnpariter
1183 4668 1306 4717 quaeres
1325 4652 1419 4702 clareat

115 4730 144 4770 nt
161 4721 239 4771 simul
257 4720 366 4784 legimus
385 4719 462 4770 simul
479 4721 629 4781 scribimus,
649 4723 761 4772 simitum
780 4723 843 4772 lucri
861 4723 952 4788 recipit
968 4722 1196 4787 significationem,
1221 4722 1296 4783 quasi
1319 4720 1418 4770 simuli-

114 4800 170 4838 tum
185 4788 358 4850 Gotlrofrcduc
372 4805 400 4852 p.
419 4786 470 4850 04,’
485 4788 520 4851 cf.
535 4789 611 4854 liciff.
623 4807 651 4855 p.
665 4793 715 4840 201
784 4793 817 4842 ‘28
834 4790 974 4840 rellerlmus
1027 4790 1095 4840 Inter
1112 4791 1193 4855 gratis
1212 4799 1236 4839 et
1253 4789 1351 4854 gratius
1370 4787 1419 4838 lroe

114 4858 231 4921 interest,
251 4857 322 4921 quod
340 4857 470 4921 congratis
489 4855 635 4922 referimus,
654 4860 750 4924 gratias
769 4860 870 4923 agimus
891 4858 1064 4921 Gotllosredue
1080 4875 1109 4923 p.
1129 4860 1170 4908 94.

141 4957 239 4999 tinum.
250 4965 304 4998 ner·
317 4956 402 4998 surra.
1185 4946 1216 4993 10
