3394 5448
318 352 381 418 228
712 353 1209 409 conunurrunmsrnnnusa

319 544 546 604 consonantium
576 542 797 614 consideretur,
826 543 913 622 longa
937 545 994 606 duo
1017 553 1046 606 ct
1067 546 1158 606 semis
1181 544 1227 606 uel
1251 545 1305 608 tria
1335 553 1488 626 tempora,
1517 545 1600 608 breuis

319 662 412 706 unum
435 656 464 706 et
486 647 576 706 semis
597 651 694 723 potest
716 644 835 707 babere.
880 646 980 726 Apud
1010 647 1204 716 metricos,
1228 648 1253 706 i·
1277 647 1507 709 uersilicatores.
1547 649 1599 708 Se-

319 749 450 826 mipes,
473 747 499 806 i·
524 745 664 807 dimidius
686 765 753 826 pes,
784 755 813 808 et
835 747 891 807 boc
914 755 1056 825 quantum
1080 747 1117 808 ad
1145 747 1236 827 pedes
1264 747 1438 828 disyllabos,
1471 750 1520 828 qui
1545 748 1598 808 ideo

293 849 447 928 primum
470 847 624 928 possident
646 848 759 916 locum,
789 849 857 928 quia
886 850 974 928 primi
1001 851 1114 929 reperti
1143 857 1212 911 sum
1239 847 1288 911 uel
1311 848 1389 928 quod
1414 851 1598 930 principatum

319 958 420 1011 tenent
442 951 520 1011 inter
541 949 686 1028 reliquos.
731 948 804 1009 lnde
826 957 855 1010 et
878 951 1058 1030 principales
1080 951 1229 1012 dicuntur.
1607 969 1616 1008 a

843 1134 891 1200 ΒΕ
918 1135 1087 1198 PElllBVS.

191 1276 316 1332 promor
402 1256 470 1317 Pes
497 1263 553 1316 est
581 1252 822 1333 syllabarum.
867 1254 1032 1316 ventilatur
1054 1273 1070 1315 a
1093 1253 1244 1316 nonnullis
1267 1257 1416 1333 quaestio,
1446 1273 1502 1317 eur
1523 1256 1598 1336 pedes

317 1358 347 1418 in
370 1362 615 1436 anteponantur.
661 1355 775 1416 Dicitur
798 1364 911 1427 tamen,
935 1358 1073 1433 quoniam
1097 1355 1164 1416 illos
1187 1375 1245 1417 non
1268 1357 1404 1436 improbe
1420 1359 1528 1436 posuit,
1543 1359 1597 1437 quia

317 1458 362 1519 his
384 1458 469 1539 quasi
490 1457 617 1537 quadam
641 1455 737 1536 pedali
760 1458 861 1537 regula
885 1457 921 1518 ad
944 1457 1131 1537 peragendos
1154 1475 1261 1518 uersus
1276 1468 1410 1537 tempora
1426 1457 1597 1538 syllabasque

318 1561 466 1621 metimur.
512 1559 620 1621 Certa
643 1557 913 1628 dinumeratio,
937 1568 1018 1620 certa
1042 1558 1104 1630 lex,
1128 1559 1223 1629 llrma,
1246 1559 1375 1620 delinita.
1401 1557 1413 1640 ll
1430 1556 1522 1640 20411
1545 1558 1624 1618 ‘lli-u

316 1662 494 1722 numeratio’
517 1660 713 1739 computatio:
737 1659 818 1721 nulla
841 1661 919 1720 enim
942 1659 997 1720 alia
1019 1679 1068 1722 res
1091 1661 1261 1722 dinumerat
1283 1670 1417 1742 tempora
1434 1668 1464 1721 et
1477 1657 1598 1740 syllabas,

317 1763 406 1823 ueluti
429 1760 530 1841 pedes.
575 1760 659 1821 Tem
667 1779 810 1840 porum,
839 1763 864 1821 i·
887 1762 1059 1840 spatiorum.
1104 1762 1178 1823 Nam
1201 1761 1320 1840 quidam
1343 1762 1434 1842 pedes
1456 1769 1535 1831 sunl,
1557 1763 1598 1839 qui

316 1862 374 1924 duo
396 1862 446 1925 uel
467 1865 524 1922 tria
547 1869 680 1942 tempora
703 1868 754 1923 aut
776 1869 916 1942 quattuor
939 1860 1048 1924 babent
1064 1863 1228 1924 seeundum
1244 1881 1403 1925 numerum
1420 1861 1596 1944 syllabarum.

315 1964 394 2026 llaec
424 1972 522 2026 autem
551 1963 681 2023 delinitio
708 1964 890 2025 substantiae
913 1971 972 2033 est,
996 1965 1027 2024 in
1050 1981 1108 2044 qua
1130 1966 1299 2045 proprietas
1322 1973 1351 2025 ct
1373 1967 1538 2026 communio
1560 1965 1596 2024 iu·

315 2064 473 2144 telligenda
497 2074 551 2127 est.
598 2066 768 2144 Proprietas
790 2066 820 2125 in
843 2065 914 2132 boo,
945 2066 1023 2142 quod
1053 2066 1125 2126 dicit
1146 2069 1238 2127 ‘certa
1262 2065 1462 2127 dinumeratio
1483 2065 1623 2146 syllana-n

316 2169 409 2232 rum’;
437 2168 676 2228 communionem
701 2183 773 2227 uero
796 2166 885 2227 babet
913 2185 980 2228 cum
1010 2166 1136 2245 syllaba,
1166 2167 1283 2247 quando
1312 2167 1383 2229 dicit
1404 2170 1502 2230 ‘certa
1522 2167 1596 2228 dinu-

316 2269 441 2328 meratio
476 2275 641 2346 temporum
651 2272 670 2338 ',
701 2270 770 2348 quia
799 2278 829 2328 et
855 2270 885 2328 iu
914 2268 1039 2346 syllaba,
1073 2271 1149 2329 sicut
1176 2271 1206 2330 in
1236 2269 1370 2349 pedibus,
1400 2276 1596 2332 mensurantur
1669 2313 1670 2324 ,

314 2378 458 2448 tempora.
504 2369 553 2429 Sic
580 2387 652 2447 ergo
679 2369 827 2447 iungitur:
862 2369 932 2448 ‘pes
955 2378 999 2431 est
1027 2377 1107 2430 certa
1135 2370 1333 2432 dinumeratio
1359 2369 1534 2450 syllabarum
1554 2368 1595 2430 uel
1669 2397 1670 2440 r

314 2477 395 2530 certa
428 2469 626 2532 dinumeratio
654 2473 845 2551 temporum'.
890 2470 961 2532 Post
993 2470 1134 2550 syllabam
1166 2471 1283 2543 delinit,
1316 2472 1387 2552 quid
1421 2473 1479 2534 sint
1507 2471 1593 2552 pedes

313 2573 382 2650 quia
412 2589 448 2632 ex
474 2570 591 2652 syllabis
619 2579 765 2634 constant.
816 2573 867 2634 Est
895 2589 968 2649 ergo
995 2591 1048 2652 pes
1077 2571 1257 2653 syllabarum
1285 2580 1366 2634 certa
1401 2573 1622 2641 dinumeratur

314 2675 382 2750 quia
411 2681 480 2735 sunt
506 2673 626 2753 quidam
660 2674 751 2754 pedes
784 2673 920 2755 disyllabi
948 2681 999 2734 aut
1028 2673 1170 2754 trisyllabi
1200 2673 1249 2734 uel
1276 2673 1475 2754 tetrasyllabi,
1504 2682 1593 2754 postea

314 2773 507 2855 polysyllabi,
531 2777 550 2834 i·
575 2773 682 2836 multas
704 2775 829 2854 syllabas
852 2774 1005 2845 habentes,
1030 2793 1105 2855 quos
1127 2777 1284 2856 ‘syzygias’
1307 2793 1459 2838 uocamus.
1501 2776 1591 2836 Acci·

173 2903 260 2956 papa,
275 2876 419 2945 1⁸dunt,
453 2877 476 2935 i·
507 2875 659 2937 eueniunt,
714 2877 939 2957 Vnicuiquc,
973 2881 999 2937 i·
1028 2879 1109 2938 omni
1142 2877 1220 2957 pedi.
1270 2879 1391 2949 Arois,
1429 2876 1547 2938 eleuatio
1569 2895 1590 2936 s.

314 2978 413 3046 uocis,
443 2995 478 3037 eo
506 2978 585 3057 quod
616 2977 657 3037 ibi
687 2997 744 3039 uox
768 2977 913 3039 eleuelur.
956 2977 1103 3048 Thasia,
1133 2977 1312 3049 humiliatio,
1340 2980 1366 3039 i·
1391 2978 1532 3059 depositio
1551 2975 1589 3039 uel
1668 3013 1669 3016 =

314 3078 469 3148 demissio,
498 3081 567 3158 quia
595 3078 637 3139 ibi
666 3097 723 3140 uox
752 3078 927 3160 deponatur.
973 3078 1167 3150 Numerus,
1196 3097 1220 3139 s.
1243 3088 1359 3150 certus,
1384 3081 1403 3140 i·
1427 3087 1498 3159 quot
1516 3079 1618 3160 sylla-o
1668 3065 1669 3100 ¹

313 3178 366 3239 bas
399 3177 496 3241 babet.
542 3181 714 3260 Tempus,
748 3181 774 3240 i·
804 3189 876 3260 quot
911 3189 1042 3260 tempora
1077 3183 1194 3259 accipit.
1246 3180 1456 3251 Resolutio,
1490 3179 1588 3260 quaudo

313 3299 391 3341 unus
406 3299 461 3360 pes
483 3280 607 3342 soluitur
629 3283 659 3342 in
683 3281 818 3353 alterum,
835 3280 974 3343 uidelicet
995 3281 1156 3361 disyllabus
1178 3285 1208 3342 in
1231 3281 1418 3362 trisyllabum
1440 3282 1487 3343 uel
1508 3280 1587 3360 trlsyl·

312 3380 397 3443 labus
419 3386 450 3443 in
473 3382 712 3463 tetrasyllabum,
743 3392 910 3461 temporum
940 3391 1038 3444 tamen
1060 3386 1176 3445 rationo
1203 3392 1336 3445 seruata:
1366 3382 1417 3444 illc
1446 3385 1521 3445 enirn
1544 3399 1587 3462 pes

313 3485 433 3562 ponitur
460 3502 514 3565 pro
542 3484 651 3556 altero,
682 3502 748 3547 cum
772 3502 831 3562 quo
854 3485 957 3546 eadem
981 3491 1116 3564 tempora
1140 3485 1251 3547 habere
1279 3483 1383 3554 debet,
1414 3493 1511 3564 utpote
1531 3501 1586 3563 pro·

312 3586 537 3648 celeusmaticus
564 3605 619 3666 pro
648 3585 762 3666 dactylo
790 3586 839 3647 uel
870 3585 1018 3665 spondeo,
1053 3589 1121 3665 qnia
1155 3586 1316 3647 eorundem
1350 3594 1515 3665 temporum
1543 3591 1613 3644 astu

312 3687 438 3759 Quidam
462 3691 541 3748 enim
564 3696 634 3749 sunt
654 3687 804 3767 simplices
833 3732 1580 3750 ...................

853 3921 916 4004 [nn
939 3921 1064 4005 runis]

171 4123 436 4209 r·³⁷1‚2⁷ll205ll
461 4137 490 4189 et
513 4126 735 4206 proprietatem.
781 4124 862 4187 Ordo
886 4135 943 4188 ost:
981 4126 1191 4188 Conturbat
1223 4147 1348 4208 saepe,
1378 4131 1403 4189 i·
1433 4127 1583 4207 irequeutcr

311 4237 479 4289 commouet
500 4237 675 4289 accentuum
700 4226 806 4305 legem,
830 4227 889 4288 ‘uel
911 4231 987 4290 ratio
1010 4227 1236 4308 distinguendi’‚
1260 4232 1285 4289 i·
1310 4229 1470 4291 diuidendi.
1510 4224 1583 4286 Verbi

310 4331 419 4407 gratia,
448 4331 562 4406 siquis
588 4327 691 4407 legens
719 4329 922 4390 ‘malesanus'
950 4329 1063 4391 diuidat
1089 4333 1121 4391 in
1150 4331 1224 4392 druos
1251 4340 1407 4402 accontus,
1436 4338 1467 4392 ut
1491 4327 1609 4390 ‘male’o
1666 4373 1667 4430 ἐ

312 4501 375 4508 --.-
389 4501 461 4508 -—-
470 4501 539 4507 .,.--..
1666 4439 1667 4525 1

377 4617 556 4682 ildissylabos
626 4619 641 4668 'l
660 4617 803 4676 uentilatur,
819 4633 952 4683 suprascr.
971 4619 988 4667 i·
1006 4629 1123 4668 mouetur
1202 4620 1235 4669 at
1253 4617 1386 4682 dissyllsbi
1405 4629 1447 4668 aut
1464 4613 1579 4680 uisaylbbi

308 4689 341 4736 22
359 4687 505 4752 polisyllubi
574 4687 706 4750 siuzugias
775 4687 808 4738 25
825 4685 943 4738 dimissio
1011 4685 1189 4750 2'ldissyllabi
1207 4687 1233 4736 in
1252 4685 1426 4750 trissyllabum
1444 4685 1480 4735 uel
1497 4679 1578 4742 trissyl-

307 4754 380 4804 labus
448 4757 482 4805 29
499 4769 608 4816 cumque
675 4753 902 4818 proceleumaticus
977 4757 1011 4807 ³0
1028 4754 1121 4805 dactilo
1200 4757 1231 4805 31
1251 4751 1394 4821 simplices]
1413 4754 1483 4805 Inter
1494 4767 1519 4817 p.
1535 4749 1575 4797 20¹

309 4828 334 4871 et
352 4825 403 4873 205
420 4825 540 4874 manullo
554 4823 620 4885 solia
637 4823 829 4873 interciderunt.
