3420 5450
807 345 847 355 —-
892 321 955 367 Vlll
999 343 1040 352 -

279 499 455 558 ceterarum
471 515 599 576 quoque
613 491 781 556 Heluetiae
797 491 924 555 urbium
938 491 1149 556 bibliothecas
1170 491 1248 576 adii,
1272 491 1574 578 sangallensem

280 604 366 688 dico,
389 603 676 686 Basileensem,
700 601 990 666 Geneuensem:
1017 623 1093 667 nam
1107 602 1195 666 illius
1210 602 1354 687 claustri,
1376 605 1427 668 cui
1443 605 1572 689 Ange-

279 715 406 781 lorum
427 712 539 808 Mpns
561 734 681 778 nomen
703 715 765 796 est,
794 710 945 778 Frowino
974 712 1052 778 duee
1080 712 1207 778 saeculo
1234 712 1420 779 duodecimo
1444 714 1576 796 conditi,

280 847 352 891 eum
372 825 457 890 Galli
473 823 601 908 Morelii
623 821 836 888 Einsidlensis
858 821 989 888 sehedas
1010 822 1283 910 bibliographicas
1304 823 1480 889 liberaliter
1502 846 1576 890 con-

279 958 383 1002 cessas
409 936 613 1021 perscrutans
642 955 718 1012 111ι
736 933 800 998 nisi
827 956 928 998 unum
955 934 1075 998 librum
1095 934 1291 999 inuenissem
1313 937 1456 1000 extremo
1478 935 1576 1000 medii

278 1047 350 1128 aeui
372 1048 436 1110 fine
457 1044 669 1129 perscriptum
685 1043 779 1130 (plut.
795 1042 857 1128 VI,
876 1045 932 1109 27:
961 1044 1042 1109 liber
1056 1043 1305 1130 grammaticalis
1321 1044 1458 1111 Georius
1473 1044 1577 1111 dietus
1649 1019 1660 1150 1

280 1179 360 1222 saec.
384 1155 477 1243 XV),
505 1177 577 1221 1111
605 1155 674 1220 iure
700 1155 823 1220 nullam
844 1155 1003 1220 rationem
1024 1153 1132 1219 habui.
1177 1152 1239 1220 Sed
1260 1153 1340 1221 haee
1361 1159 1490 1241 postero
1512 1157 1578 1222 for·
1656 1231 1658 1238 Ι

278 1267 372 1332 tassia
399 1269 558 1351 tempore,
587 1287 660 1330 curn
687 1287 755 1330 non
782 1265 892 1331 uiuere
921 1265 1040 1349 solum,
1067 1265 1123 1330 sed
1149 1266 1348 1352 peregrinari
1375 1289 1503 1351 quoque
1526 1267 1576 1332 lit·
1651 1251 1657 1334 l

278 1382 419 1443 terarum
442 1399 538 1442 eausa
558 1398 616 1460 per
636 1398 786 1441 nummos
807 1376 948 1460 licuerit,
972 1376 1114 1459 expediri
1137 1379 1299 1460 poterunt.
1337 1367 1487 1442 Ceterum
1502 1378 1577 1443 libri
1643 1335 1654 1472 t

279 1487 498 1574 Sangallensis
519 1507 596 1571 prae
618 1487 732 1551 ceteris
753 1473 1144 1570 maximememorabiliS,
1171 1509 1235 1571 quo
1258 1486 1407 1552 Dosithei
1429 1487 1577 1572 Magistri
1644 1481 1648 1540 l

278 1601 449 1683 praecepta
476 1597 699 1680 continentur,
726 1595 789 1662 hoc
818 1597 889 1681 ipso
917 1619 1003 1662 anno
1031 1597 1180 1681 princeps
1208 1619 1290 1682 quae
1318 1601 1453 1664 uocatur
1478 1597 1576 1664 editio

279 1708 386 1774 Keilio
408 1711 538 1796 auctore
560 1707 653 1773 Halia
678 1707 808 1791 prodiit.
1690 1721 1691 1802 J

363 1817 432 1884 Nee
447 1820 516 1883 fieri
532 1818 665 1884 omnino
680 1821 821 1903 poterat,
844 1820 881 1883 ut
902 1839 940 1883 11
961 1818 1046 1902 ipsa,
1069 1818 1151 1903 quae
1173 1841 1212 1884 ex
1233 1819 1351 1903 tribus,
1374 1841 1453 1904 quas
1474 1821 1576 1885 nomi·

278 1929 370 2014 naui,
407 1929 612 1995 bibliothecis
649 1928 855 2014 collegeram,
897 1929 1005 1994 omnia
1040 1929 1161 2013 publici
1198 1929 1277 1995 iuris
1312 1929 1467 2016 facerem,
1504 1953 1577 1996 curn
1690 1941 1691 2022 J

279 2043 478 2138 accrescente
507 2040 543 2103 in
565 2038 631 2104 dies
653 2038 914 2125 apographorum
936 2043 1221 2125 excerptorumque
1244 2040 1387 2124 cumulo,
1416 2063 1458 2106 ne
1485 2042 1577 2107 fasci-

280 2150 425 2215 culorum
454 2150 593 2234 spatium
621 2149 840 2234 abibliopola
865 2149 1089 2215 liberalissimo
1119 2171 1305 2215 concessum
1333 2150 1463 2237 longius
1491 2175 1577 2217 exce·
1690 2201 1691 2240 3

279 2260 402 2346 derem,
424 2261 583 2326 nonnulla
603 2282 735 2345 prorsus
756 2259 968 2344 relinquenda
989 2263 1111 2344 essent,
1140 2261 1243 2326 multa
1264 2261 1436 2327 artioribus
1459 2263 1577 2328 finibus

280 2371 530 2458 constringenda
551 2371 604 2437 uel
628 2370 824 2437 tenuissimis
852 2371 1056 2436 lineamentis
1085 2370 1312 2436 adumbranda.
1355 2371 1483 2458 Itaque,
1513 2396 1577 2458 quo
1690 2399 1691 2452 q

278 2482 409 2568 longius
435 2483 470 2548 11
499 2504 595 2566 opere
622 2480 820 2548 conficiendo
850 2484 883 2546 et
905 2481 1095 2566 expoliendo
1122 2481 1365 2568 progrediebar,
1393 2504 1430 2548 1ο
1459 2484 1532 2567 plus
1559 2507 1578 2548 a
1690 2471 1691 2496 i

279 2593 417 2678 pristino
446 2592 582 2658 consilio
609 2591 688 2659 alias
715 2592 1001 2657 commentationes
1031 2614 1099 2657 non
1126 2597 1193 2657 tam
1214 2615 1234 2658 a
1256 2592 1401 2657 codicum
1423 2592 1579 2659 hactenus
1690 2659 1691 2686 ,

279 2704 519 2789 incognitorum
547 2703 599 2767 uel
626 2703 847 2789 neglectorum
869 2703 1059 2769 auctoritate
1080 2703 1257 2788 profectas,
1286 2724 1383 2787 quam
1411 2703 1451 2768 11
1473 2726 1578 2770 emen·

281 2813 386 2879 danda
400 2813 683 2899 grammaticorum
705 2813 782 2878 olim
805 2812 964 2879 editorum
985 2814 1105 2898 scripta
1125 2812 1305 2898 institutas,
1328 2835 1410 2897 quae
1433 2817 1578 2880 ueterum

280 2924 394 2990 studiis
421 2923 638 3010 grammaticis
666 2923 862 3008 explicandis
884 2923 1094 3009 insemirent,
1121 2923 1348 3008 interponendi
1371 2925 1423 2989 uel
1445 2925 1579 2991 corolla
1690 2907 1691 2984 t

280 3035 403 3101 riorum
417 3034 520 3099 instar
535 3033 712 3098 subiciendi
733 3034 934 3119 recedebam,
957 3035 1033 3119 quia
1051 3056 1092 3099 11
1109 3033 1315 3101 (lledonianis
1329 3034 1474 3119 quidem,
1496 3059 1579 3120 quae

281 3145 506 3230 promiseram,
529 3143 643 3209 studiis
664 3144 754 3209 11111
771 3145 1020 3229 relinquebatur.
1056 3143 1194 3210 Ferebat
1208 3146 1293 3210 enim
1309 3145 1450 3229 animus,
1473 3167 1578 3211 emen·

282 3255 427 3320 dationes
456 3252 602 3320 Oledonii
630 3275 764 3340 gramm
792 3253 863 3319 Lat.
891 3254 956 3320 uol.
980 3253 1011 3320 V
1032 3277 1064 3338 p.
1087 3255 1148 3320 681
1178 3276 1243 3340 seq.
1266 3255 1448 3340 propositas
1475 3257 1578 3322 causis
1690 3271 1691 3356 ,

281 3365 524 3449 rationibusque
545 3365 687 3448 firmare,
710 3364 797 3449 quod
818 3366 925 3448 ipsum
946 3365 981 3430 in
995 3386 1146 3448 praesens
1161 3365 1372 3431 differendum
1387 3365 1459 3432 fuit.
1496 3367 1579 3433 Item
1690 3375 1691 3452 1

282 3475 391 3542 omnia
418 3475 475 3540 illa
499 3475 784 3560 praetermittenda
812 3497 880 3540 esse
908 3479 997 3541 ratus
1024 3497 1112 3560 sum,
1141 3497 1223 3560 quae
1250 3475 1324 3542 1111
1349 3498 1369 3540 1
1390 3476 1578 3543 duodecimo

221 3647 226 3664 ,
282 3586 409 3652 saeculo
430 3607 532 3670 usque
554 3585 594 3650 ad
615 3585 712 3652 medii
735 3586 807 3651 aeui
828 3587 926 3651 finem
945 3587 1145 3672 grammatici
1160 3587 1439 3673 excogitauerunt,
1462 3589 1578 3673 quibus
1690 3661 1691 3666 γ

282 3719 350 3762 111
371 3696 466 3781 pauci
487 3696 562 3760 libri
584 3717 657 3761 cum
677 3695 733 3761 alii
747 3700 816 3761 tum
831 3696 1012 3763 Bemenses
1025 3698 1140 3782 repleti
1163 3700 1252 3782 sunt,
1274 3719 1342 3764 111
1364 3719 1428 3782 quo
1451 3699 1579 3764 inutilia
1690 3693 1691 3750 t

282 3808 345 3873 ista
372 3827 440 3872 esse
467 3807 655 3892 arbitrarer,
683 3807 802 3892 quippe
829 3829 911 3892 quae
938 3807 979 3874 ad
1005 3808 1136 3874 illorum
1161 3812 1343 3892 temporum
1365 3809 1524 3874 sentiendi
1547 3815 1580 3876 et
1690 3793 1691 3874 t

284 3917 409 3983 dicendi
437 3939 559 3982 morem
586 3917 814 3984 illustrandum
841 3920 918 3984 satis
944 3920 1082 3984 multum
1110 3919 1255 3984 conferre
1283 3918 1491 4003 confiderem,
1524 3919 1579 3984 sed
1690 3985 1691 3992 ,

208 4079 214 4086 .
284 4029 360 4113 quia
386 4027 425 4093 de
451 4027 503 4094 111
526 4025 660 4096 Carolus
682 4027 845 4095 Thurotus
867 4029 1023 4094 Parisinis
1050 4033 1291 4115 ceterarumque
1315 4028 1438 4094 Galbae
1465 4029 1579 4096 111111-

284 4139 449 4204 thecarum
470 4139 562 4204 libris
582 4139 768 4225 perquisitis
790 4140 911 4225 optime
933 4141 1066 4205 meritus
1087 4140 1243 4224 plurimos
1257 4140 1385 4205 illarum
1399 4139 1579 4206 litterarum

284 4249 391 4315 fontes
406 4250 470 4314 iam
487 4251 612 4315 retexit.
649 4250 818 4316 Praeterea
840 4250 878 4315 de
900 4250 997 4316 medii
1019 4251 1091 4316 aeui
1113 4251 1225 4316 studiis
1247 4250 1463 4336 grammaticis
1485 4273 1580 4336 quae-

285 4359 369 4424 renti
398 4379 436 4424 11
462 4360 666 4443 potissimum
693 4365 860 4426 auctorum
893 4362 1012 4445 scripta
1043 4362 1174 4427 maximi
1206 4360 1361 4427 momenti
1393 4381 1461 4426 esse
1492 4361 1579 4426 uide·

286 4469 418 4554 bantur,
453 4469 570 4553 quibus
599 4475 745 4537 ueterum
772 4472 1055 4564 grammaticorum
1080 4476 1251 4556 praecepta
1277 4474 1334 4536 aut
1360 4471 1497 4555 repetita
1524 4477 1579 4537 aut

286 4601 435 4664 expressa
462 4583 567 4664 erant,
595 4580 628 4644 id
654 4581 741 4666 quod
768 4582 807 4648 de
833 4585 1047 4647 extremorum
1074 4582 1274 4647 saeculorum
1296 4582 1504 4665 scriptoribus
1524 4604 1578 4647 11-

287 4713 447 4774 quaquam
478 4689 654 4774 praedicari
686 4696 808 4778 potest,
844 4715 917 4759 cum
950 4697 1082 4776 excepto
1113 4691 1259 4778 Vergilio
1287 4691 1420 4757 Marone
1449 4693 1578 4776 eiusque
