<?xml version="1.0" encoding="UTF-8"?>
<!DOCTYPE html PUBLIC "-//W3C//DTD XHTML 1.0 Transitional//EN"
    "http://www.w3.org/TR/xhtml1/DTD/xhtml1-transitional.dtd">
<html xmlns="http://www.w3.org/1999/xhtml" xml:lang="en" lang="en">
 <head>
  <title>
</title>
<meta http-equiv="Content-Type" content="text/html;charset=utf-8" />
  <meta name='ocr-system' content='tesseract 3.04.00' />
  <meta name='ocr-capabilities' content='ocr_page ocr_carea ocr_par ocr_line ocrx_word'/>
</head>
<body>
  <div class='ocr_page' id='page_1' title='image "./grammaticilatin00hagagoog_0416.png"; bbox 0 0 3390 5444; ppageno 0'>
   <div class='ocr_carea' id='block_1_1' title="bbox 292 246 1147 312">
    <p class='ocr_par' dir='ltr' id='par_1_1' title="bbox 292 246 1147 312">
     <span class='ocr_line' id='line_1_1' title="bbox 292 246 1147 312; baseline -0.012 0"><span class='ocrx_word' id='word_1_1' title='bbox 292 246 353 312; x_wconf 78' lang='lat'><strong>152</strong></span> <span class='ocrx_word' id='word_1_2' title='bbox 690 263 695 275; x_wconf 66' lang='lat'><em>„</em></span> <span class='ocrx_word' id='word_1_3' title='bbox 739 247 863 300; x_wconf 77' lang='lat' dir='ltr'><strong>senen</strong></span> <span class='ocrx_word' id='word_1_4' title='bbox 882 247 1147 302; x_wconf 80' lang='lat' dir='ltr'><strong>nxrosrrlonns</strong></span> 
     </span>
    </p>
   </div>
   <div class='ocr_carea' id='block_1_2' title="bbox 222 435 1611 3981">
    <p class='ocr_par' dir='ltr' id='par_1_2' title="bbox 288 435 1609 2149">
     <span class='ocr_line' id='line_1_2' title="bbox 291 435 1580 517; baseline -0.001 -18"><span class='ocrx_word' id='word_1_5' title='bbox 291 456 364 499; x_wconf 90' lang='lat' dir='ltr'><strong>mas.</strong></span> <span class='ocrx_word' id='word_1_6' title='bbox 408 437 541 499; x_wconf 87' lang='lat' dir='ltr'>Diximus</span> <span class='ocrx_word' id='word_1_7' title='bbox 569 436 606 498; x_wconf 91' lang='lat' dir='ltr'><strong>de</strong></span> <span class='ocrx_word' id='word_1_8' title='bbox 635 437 745 509; x_wconf 92' lang='lat' dir='ltr'><strong>modis,</strong></span> <span class='ocrx_word' id='word_1_9' title='bbox 777 456 855 500; x_wconf 91' lang='lat' dir='ltr'><strong>nuno</strong></span> <span class='ocrx_word' id='word_1_10' title='bbox 882 436 919 498; x_wconf 93' lang='lat' dir='ltr'><strong>de</strong></span> <span class='ocrx_word' id='word_1_11' title='bbox 942 437 1045 499; x_wconf 81' lang='lat' dir='ltr'><strong>formis</strong></span> <span class='ocrx_word' id='word_1_12' title='bbox 1067 438 1214 509; x_wconf 85' lang='lat' dir='ltr'><strong>dieamus,</strong></span> <span class='ocrx_word' id='word_1_13' title='bbox 1243 435 1494 517; x_wconf 78' lang='lat' dir='ltr'><strong>quemadmodum</strong></span> <span class='ocrx_word' id='word_1_14' title='bbox 1515 440 1580 498; x_wconf 88' lang='lat' dir='ltr'><strong>istae</strong></span> 
     </span>
     <span class='ocr_line' id='line_1_3' title="bbox 291 537 1578 619; baseline 0 -19"><span class='ocrx_word' id='word_1_15' title='bbox 291 541 405 602; x_wconf 89' lang='lat' dir='ltr'><strong>lormae</strong></span> <span class='ocrx_word' id='word_1_16' title='bbox 427 538 609 600; x_wconf 82' lang='lat' dir='ltr'><strong>intellectum</strong></span> <span class='ocrx_word' id='word_1_17' title='bbox 631 547 744 601; x_wconf 90' lang='lat' dir='ltr'><strong>tenent.</strong></span> <span class='ocrx_word' id='word_1_18' title='bbox 782 538 858 612; x_wconf 88' lang='lat' dir='ltr'><strong>Quid</strong></span> <span class='ocrx_word' id='word_1_19' title='bbox 881 541 1056 618; x_wconf 82' lang='lat' dir='ltr'><strong>significant,</strong></span> <span class='ocrx_word' id='word_1_20' title='bbox 1081 537 1182 601; x_wconf 91' lang='lat' dir='ltr'><strong>uerbis</strong></span> <span class='ocrx_word' id='word_1_21' title='bbox 1204 537 1240 600; x_wconf 90' lang='lat' dir='ltr'><strong>ab</strong></span> <span class='ocrx_word' id='word_1_22' title='bbox 1264 540 1335 618; x_wconf 89' lang='lat' dir='ltr'><strong>ipsis</strong></span> <span class='ocrx_word' id='word_1_23' title='bbox 1356 539 1463 600; x_wconf 86' lang='lat' dir='ltr'><strong>formis</strong></span> <span class='ocrx_word' id='word_1_24' title='bbox 1478 559 1578 619; x_wconf 80' lang='lat' dir='ltr'><strong>eogno-</strong></span> 
     </span>
     <span class='ocr_line' id='line_1_4' title="bbox 291 639 1579 720; baseline -0.002 -17"><span class='ocrx_word' id='word_1_25' title='bbox 291 645 417 704; x_wconf 86' lang='lat' dir='ltr'><strong>scimus:</strong></span> <span class='ocrx_word' id='word_1_26' title='bbox 447 641 527 703; x_wconf 90' lang='lat' dir='ltr'><strong>aliud</strong></span> <span class='ocrx_word' id='word_1_27' title='bbox 557 650 602 703; x_wconf 91' lang='lat' dir='ltr'><strong>est</strong></span> <span class='ocrx_word' id='word_1_28' title='bbox 631 645 709 705; x_wconf 88' lang='lat' dir='ltr'><strong>enim</strong></span> <span class='ocrx_word' id='word_1_29' title='bbox 731 640 857 704; x_wconf 90' lang='lat' dir='ltr'><strong>uerbum</strong></span> <span class='ocrx_word' id='word_1_30' title='bbox 880 640 963 720; x_wconf 77' lang='lat' dir='ltr'><strong>lego,</strong></span> <span class='ocrx_word' id='word_1_31' title='bbox 993 640 1072 704; x_wconf 86' lang='lat' dir='ltr'><strong>aliud</strong></span> <span class='ocrx_word' id='word_1_32' title='bbox 1095 640 1233 710; x_wconf 88' lang='lat' dir='ltr'><strong>lecturio,</strong></span> <span class='ocrx_word' id='word_1_33' title='bbox 1264 639 1343 702; x_wconf 90' lang='lat' dir='ltr'><strong>alind</strong></span> <span class='ocrx_word' id='word_1_34' title='bbox 1366 639 1481 711; x_wconf 87' lang='lat' dir='ltr'><strong>lectito.</strong></span> <span class='ocrx_word' id='word_1_35' title='bbox 1511 640 1579 702; x_wconf 91' lang='lat' dir='ltr'><strong>alind</strong></span> 
     </span>
     <span class='ocr_line' id='line_1_5' title="bbox 288 740 1578 823; baseline -0.002 -19"><span class='ocrx_word' id='word_1_36' title='bbox 288 743 416 805; x_wconf 87' lang='lat' dir='ltr'><strong>·ealesoo.</strong></span> <span class='ocrx_word' id='word_1_37' title='bbox 462 743 523 804; x_wconf 88' lang='lat' dir='ltr'><strong>ilae</strong></span> <span class='ocrx_word' id='word_1_38' title='bbox 545 751 615 804; x_wconf 92' lang='lat' dir='ltr'><strong>sunt</strong></span> <span class='ocrx_word' id='word_1_39' title='bbox 636 744 750 806; x_wconf 80' lang='lat' dir='ltr'><strong>formae</strong></span> <span class='ocrx_word' id='word_1_40' title='bbox 773 753 803 805; x_wconf 91' lang='lat' dir='ltr'><strong>et</strong></span> <span class='ocrx_word' id='word_1_41' title='bbox 825 762 931 805; x_wconf 90' lang='lat' dir='ltr'><strong>reuera</strong></span> <span class='ocrx_word' id='word_1_42' title='bbox 955 743 1065 804; x_wconf 87' lang='lat' dir='ltr'><strong>babent</strong></span> <span class='ocrx_word' id='word_1_43' title='bbox 1086 741 1234 823; x_wconf 90' lang='lat' dir='ltr'><strong>quandam</strong></span> <span class='ocrx_word' id='word_1_44' title='bbox 1251 740 1416 803; x_wconf 80' lang='lat' dir='ltr'><strong>naturalem</strong></span> <span class='ocrx_word' id='word_1_45' title='bbox 1432 743 1578 804; x_wconf 89' lang='lat' dir='ltr'><strong>rationem.</strong></span> 
     </span>
     <span class='ocr_line' id='line_1_6' title="bbox 291 843 1598 926; baseline -0.003 -19"><span class='ocrx_word' id='word_1_46' title='bbox 291 844 394 907; x_wconf 89' lang='lat' dir='ltr'><strong>Omnis</strong></span> <span class='ocrx_word' id='word_1_47' title='bbox 410 847 488 907; x_wconf 90' lang='lat' dir='ltr'><strong>enim</strong></span> <span class='ocrx_word' id='word_1_48' title='bbox 510 846 608 916; x_wconf 89' lang='lat' dir='ltr'><strong>homo,</strong></span> <span class='ocrx_word' id='word_1_49' title='bbox 633 848 682 924; x_wconf 89' lang='lat' dir='ltr'><strong>qui</strong></span> <span class='ocrx_word' id='word_1_50' title='bbox 706 846 770 907; x_wconf 93' lang='lat' dir='ltr'><strong>nult</strong></span> <span class='ocrx_word' id='word_1_51' title='bbox 792 845 900 926; x_wconf 90' lang='lat' dir='ltr'><strong>aliquid</strong></span> <span class='ocrx_word' id='word_1_52' title='bbox 923 863 1021 926; x_wconf 78' lang='lat' dir='ltr'><strong>agere,</strong></span> <span class='ocrx_word' id='word_1_53' title='bbox 1046 863 1169 906; x_wconf 86' lang='lat' dir='ltr'><strong>neeesse</strong></span> <span class='ocrx_word' id='word_1_54' title='bbox 1192 852 1246 914; x_wconf 86' lang='lat' dir='ltr'><strong>est,</strong></span> <span class='ocrx_word' id='word_1_55' title='bbox 1269 852 1304 906; x_wconf 90' lang='lat' dir='ltr'><strong>ut</strong></span> <span class='ocrx_word' id='word_1_56' title='bbox 1323 843 1403 905; x_wconf 88' lang='lat' dir='ltr'><strong>bano</strong></span> <span class='ocrx_word' id='word_1_57' title='bbox 1424 845 1598 906; x_wconf 78' lang='lat' dir='ltr'><strong>naturalens</strong></span> 
     </span>
     <span class='ocr_line' id='line_1_7' title="bbox 290 947 1578 1026; baseline -0.001 -18"><span class='ocrx_word' id='word_1_58' title='bbox 290 948 434 1010; x_wconf 88' lang='lat' dir='ltr'><strong>rationem</strong></span> <span class='ocrx_word' id='word_1_59' title='bbox 456 956 606 1026; x_wconf 88' lang='lat' dir='ltr'><strong>sequatur.</strong></span> <span class='ocrx_word' id='word_1_60' title='bbox 651 949 751 1009; x_wconf 89' lang='lat' dir='ltr'><strong>Primo</strong></span> <span class='ocrx_word' id='word_1_61' title='bbox 775 950 852 1009; x_wconf 88' lang='lat' dir='ltr'><strong>enim</strong></span> <span class='ocrx_word' id='word_1_62' title='bbox 877 966 977 1010; x_wconf 90' lang='lat' dir='ltr'><strong>secum</strong></span> <span class='ocrx_word' id='word_1_63' title='bbox 1000 948 1123 1025; x_wconf 85' lang='lat' dir='ltr'><strong>eogitat;</strong></span> <span class='ocrx_word' id='word_1_64' title='bbox 1157 964 1224 1008; x_wconf 89' lang='lat' dir='ltr'><strong>oum</strong></span> <span class='ocrx_word' id='word_1_65' title='bbox 1248 948 1441 1025; x_wconf 78' lang='lat' dir='ltr'><strong>cogitauerit,</strong></span> <span class='ocrx_word' id='word_1_66' title='bbox 1468 947 1578 1026; x_wconf 85' lang='lat' dir='ltr'><strong>incipit;</strong></span> 
     </span>
     <span class='ocr_line' id='line_1_8' title="bbox 291 1046 1580 1130; baseline -0.002 -19"><span class='ocrx_word' id='word_1_67' title='bbox 291 1069 359 1111; x_wconf 91' lang='lat' dir='ltr'><strong>cum</strong></span> <span class='ocrx_word' id='word_1_68' title='bbox 380 1049 580 1119; x_wconf 88' lang='lat' dir='ltr'><strong>iuohoauerit,</strong></span> <span class='ocrx_word' id='word_1_69' title='bbox 606 1049 739 1128; x_wconf 87' lang='lat' dir='ltr'><strong>conplet;</strong></span> <span class='ocrx_word' id='word_1_70' title='bbox 762 1068 830 1111; x_wconf 90' lang='lat' dir='ltr'><strong>eum</strong></span> <span class='ocrx_word' id='word_1_71' title='bbox 853 1049 1053 1130; x_wconf 87' lang='lat' dir='ltr'><strong>conpleuerit,</strong></span> <span class='ocrx_word' id='word_1_72' title='bbox 1076 1050 1100 1108; x_wconf 94' lang='lat' dir='ltr'><strong>si</strong></span> <span class='ocrx_word' id='word_1_73' title='bbox 1123 1047 1201 1127; x_wconf 86' lang='lat' dir='ltr'><strong>bona</strong></span> <span class='ocrx_word' id='word_1_74' title='bbox 1224 1065 1272 1109; x_wconf 86' lang='lat' dir='ltr'><strong>res</strong></span> <span class='ocrx_word' id='word_1_75' title='bbox 1294 1046 1393 1117; x_wconf 88' lang='lat' dir='ltr'><strong>luerit,</strong></span> <span class='ocrx_word' id='word_1_76' title='bbox 1416 1048 1580 1128; x_wconf 80' lang='lat' dir='ltr'><strong>frequenter</strong></span> 
     </span>
     <span class='ocr_line' id='line_1_9' title="bbox 292 1149 1579 1231; baseline -0.002 -19"><span class='ocrx_word' id='word_1_77' title='bbox 292 1150 372 1212; x_wconf 87' lang='lat' dir='ltr'><strong>iilam</strong></span> <span class='ocrx_word' id='word_1_78' title='bbox 402 1153 519 1231; x_wconf 90' lang='lat' dir='ltr'><strong>inpetit.</strong></span> <span class='ocrx_word' id='word_1_79' title='bbox 564 1152 614 1212; x_wconf 89' lang='lat' dir='ltr'><strong>Sie</strong></span> <span class='ocrx_word' id='word_1_80' title='bbox 642 1169 713 1229; x_wconf 83' lang='lat' dir='ltr'><strong>ergo</strong></span> <span class='ocrx_word' id='word_1_81' title='bbox 741 1151 880 1213; x_wconf 83' lang='lat' dir='ltr'><strong>dicuntur</strong></span> <span class='ocrx_word' id='word_1_82' title='bbox 910 1153 1004 1230; x_wconf 88' lang='lat' dir='ltr'><strong>prima</strong></span> <span class='ocrx_word' id='word_1_83' title='bbox 1033 1149 1220 1218; x_wconf 89' lang='lat' dir='ltr'><strong>meditatiua,</strong></span> <span class='ocrx_word' id='word_1_84' title='bbox 1250 1149 1381 1210; x_wconf 82' lang='lat' dir='ltr'><strong>secunda</strong></span> <span class='ocrx_word' id='word_1_85' title='bbox 1411 1149 1579 1222; x_wconf 86' lang='lat' dir='ltr'><strong>inchoatiua,</strong></span> 
     </span>
     <span class='ocr_line' id='line_1_10' title="bbox 294 1243 1580 1334; baseline -0.002 -20"><span class='ocrx_word' id='word_1_86' title='bbox 294 1253 401 1315; x_wconf 92' lang='lat' dir='ltr'><strong>deinde</strong></span> <span class='ocrx_word' id='word_1_87' title='bbox 414 1255 555 1333; x_wconf 84' lang='lat' dir='ltr'><strong>perlecta,</strong></span> <span class='ocrx_word' id='word_1_88' title='bbox 569 1261 675 1333; x_wconf 90' lang='lat' dir='ltr'><strong>quarta</strong></span> <span class='ocrx_word' id='word_1_89' title='bbox 689 1254 917 1334; x_wconf 73' lang='lat' dir='ltr'><strong>frequentatiua</strong></span> <span class='ocrx_word' id='word_1_90' title='bbox 929 1260 960 1312; x_wconf 92' lang='lat' dir='ltr'><strong>nt</strong></span> <span class='ocrx_word' id='word_1_91' title='bbox 973 1259 1042 1331; x_wconf 87' lang='lat' dir='ltr'><strong>puta</strong></span> <span class='ocrx_word' id='word_1_92' title='bbox 1054 1243 1207 1312; x_wconf 73' lang='lat' dir='ltr'><strong>‘lecturio&#39;</strong></span> <span class='ocrx_word' id='word_1_93' title='bbox 1223 1268 1283 1311; x_wconf 92' lang='lat' dir='ltr'><strong>non</strong></span> <span class='ocrx_word' id='word_1_94' title='bbox 1296 1248 1398 1328; x_wconf 72' lang='lat' dir='ltr'><strong>‘lego&#39;,</strong></span> <span class='ocrx_word' id='word_1_95' title='bbox 1411 1253 1464 1314; x_wconf 91' lang='lat' dir='ltr'><strong>sed</strong></span> <span class='ocrx_word' id='word_1_96' title='bbox 1476 1252 1580 1330; x_wconf 82' lang='lat' dir='ltr'><strong>‘legere</strong></span> 
     </span>
     <span class='ocr_line' id='line_1_11' title="bbox 292 1352 1606 1434; baseline -0.005 -18"><span class='ocrx_word' id='word_1_97' title='bbox 292 1354 383 1426; x_wconf 92' lang='lat' dir='ltr'><strong>uolo&#39;,</strong></span> <span class='ocrx_word' id='word_1_98' title='bbox 400 1355 584 1434; x_wconf 76' lang='lat' dir='ltr'><strong>‘scriptorio&#39;</strong></span> <span class='ocrx_word' id='word_1_99' title='bbox 600 1355 677 1415; x_wconf 86' lang='lat' dir='ltr'><strong>idest</strong></span> <span class='ocrx_word' id='word_1_100' title='bbox 692 1353 837 1415; x_wconf 81' lang='lat' dir='ltr'><strong>‘scribere</strong></span> <span class='ocrx_word' id='word_1_101' title='bbox 853 1354 943 1424; x_wconf 91' lang='lat' dir='ltr'><strong>uolo&#39;,</strong></span> <span class='ocrx_word' id='word_1_102' title='bbox 960 1353 1085 1415; x_wconf 79' lang='lat' dir='ltr'><strong>‘esurio’</strong></span> <span class='ocrx_word' id='word_1_103' title='bbox 1102 1353 1179 1414; x_wconf 91' lang='lat' dir='ltr'><strong>idest</strong></span> <span class='ocrx_word' id='word_1_104' title='bbox 1195 1353 1296 1414; x_wconf 74' lang='lat' dir='ltr'><strong>‘edere</strong></span> <span class='ocrx_word' id='word_1_105' title='bbox 1313 1352 1403 1424; x_wconf 86' lang='lat' dir='ltr'><strong>uolo&#39;;</strong></span> <span class='ocrx_word' id='word_1_106' title='bbox 1420 1357 1519 1417; x_wconf 89' lang='lat' dir='ltr'><strong>omnia</strong></span> <span class='ocrx_word' id='word_1_107' title='bbox 1533 1355 1579 1414; x_wconf 87' lang='lat' dir='ltr'><strong>ista</strong></span> <span class='ocrx_word' id='word_1_108' title='bbox 1590 1373 1606 1410; x_wconf 85' lang='lat' dir='ltr'><strong>a</strong></span> 
     </span>
     <span class='ocr_line' id='line_1_12' title="bbox 294 1453 1581 1537; baseline -0.002 -19"><span class='ocrx_word' id='word_1_109' title='bbox 294 1456 465 1519; x_wconf 90' lang='lat' dir='ltr'><strong>meditatiua</strong></span> <span class='ocrx_word' id='word_1_110' title='bbox 487 1463 564 1518; x_wconf 89' lang='lat' dir='ltr'><strong>sunt.</strong></span> <span class='ocrx_word' id='word_1_111' title='bbox 602 1456 781 1527; x_wconf 89' lang='lat' dir='ltr'><strong>lneboatina,</strong></span> <span class='ocrx_word' id='word_1_112' title='bbox 806 1475 882 1537; x_wconf 88' lang='lat' dir='ltr'><strong>quae</strong></span> <span class='ocrx_word' id='word_1_113' title='bbox 905 1475 959 1516; x_wconf 87' lang='lat' dir='ltr'><strong>nos</strong></span> <span class='ocrx_word' id='word_1_114' title='bbox 981 1454 1091 1535; x_wconf 90' lang='lat' dir='ltr'><strong>aliquid</strong></span> <span class='ocrx_word' id='word_1_115' title='bbox 1106 1455 1222 1515; x_wconf 91' lang='lat' dir='ltr'><strong>initiare</strong></span> <span class='ocrx_word' id='word_1_116' title='bbox 1238 1453 1376 1525; x_wconf 80' lang='lat' dir='ltr'><strong>ostendit,</strong></span> <span class='ocrx_word' id='word_1_117' title='bbox 1400 1454 1477 1516; x_wconf 85' lang='lat' dir='ltr'><strong>idest</strong></span> <span class='ocrx_word' id='word_1_118' title='bbox 1493 1455 1581 1516; x_wconf 81' lang='lat' dir='ltr'><strong>lasere</strong></span> 
     </span>
     <span class='ocr_line' id='line_1_13' title="bbox 294 1555 1579 1638; baseline -0.001 -19"><span class='ocrx_word' id='word_1_119' title='bbox 294 1558 342 1619; x_wconf 93' lang='lat' dir='ltr'><strong>uel</strong></span> <span class='ocrx_word' id='word_1_120' title='bbox 357 1559 466 1628; x_wconf 86' lang='lat' dir='ltr'><strong>dicere,</strong></span> <span class='ocrx_word' id='word_1_121' title='bbox 484 1567 515 1619; x_wconf 89' lang='lat' dir='ltr'><strong>ut</strong></span> <span class='ocrx_word' id='word_1_122' title='bbox 531 1566 602 1638; x_wconf 89' lang='lat' dir='ltr'><strong>puta</strong></span> <span class='ocrx_word' id='word_1_123' title='bbox 618 1556 755 1618; x_wconf 77' lang='lat' dir='ltr'><strong>‘calesso&#39;</strong></span> <span class='ocrx_word' id='word_1_124' title='bbox 780 1577 838 1619; x_wconf 90' lang='lat' dir='ltr'><strong>non</strong></span> <span class='ocrx_word' id='word_1_125' title='bbox 863 1563 908 1618; x_wconf 91' lang='lat' dir='ltr'><strong>est</strong></span> <span class='ocrx_word' id='word_1_126' title='bbox 930 1557 1047 1628; x_wconf 77' lang='lat' dir='ltr'><strong>‘caleo’,</strong></span> <span class='ocrx_word' id='word_1_127' title='bbox 1071 1557 1123 1618; x_wconf 91' lang='lat' dir='ltr'><strong>sed</strong></span> <span class='ocrx_word' id='word_1_128' title='bbox 1140 1555 1251 1617; x_wconf 74' lang='lat' dir='ltr'><strong>‘ealere</strong></span> <span class='ocrx_word' id='word_1_129' title='bbox 1266 1557 1401 1636; x_wconf 88' lang='lat' dir='ltr'><strong>incipio’,</strong></span> <span class='ocrx_word' id='word_1_130' title='bbox 1426 1557 1579 1618; x_wconf 76' lang='lat' dir='ltr'><strong>‘lerueseo’</strong></span> 
     </span>
     <span class='ocr_line' id='line_1_14' title="bbox 294 1655 1581 1739; baseline -0.002 -19"><span class='ocrx_word' id='word_1_131' title='bbox 294 1661 438 1722; x_wconf 75' lang='lat' dir='ltr'><strong>‘seruere&#39;</strong></span> <span class='ocrx_word' id='word_1_132' title='bbox 461 1661 579 1739; x_wconf 82' lang='lat' dir='ltr'><strong>incipio.</strong></span> <span class='ocrx_word' id='word_1_133' title='bbox 625 1660 773 1730; x_wconf 89' lang='lat' dir='ltr'><strong>Perleeta,</strong></span> <span class='ocrx_word' id='word_1_134' title='bbox 799 1659 850 1720; x_wconf 93' lang='lat' dir='ltr'><strong>ubi</strong></span> <span class='ocrx_word' id='word_1_135' title='bbox 873 1658 980 1738; x_wconf 86' lang='lat' dir='ltr'><strong>plenus</strong></span> <span class='ocrx_word' id='word_1_136' title='bbox 1003 1666 1050 1720; x_wconf 85' lang='lat' dir='ltr'><strong>est</strong></span> <span class='ocrx_word' id='word_1_137' title='bbox 1069 1675 1191 1728; x_wconf 89' lang='lat' dir='ltr'><strong>sensus,</strong></span> <span class='ocrx_word' id='word_1_138' title='bbox 1214 1664 1248 1719; x_wconf 90' lang='lat' dir='ltr'><strong>ut</strong></span> <span class='ocrx_word' id='word_1_139' title='bbox 1261 1655 1345 1735; x_wconf 81' lang='lat' dir='ltr'><strong>lego:</strong></span> <span class='ocrx_word' id='word_1_140' title='bbox 1368 1656 1443 1718; x_wconf 89' lang='lat' dir='ltr'><strong>nihil</strong></span> <span class='ocrx_word' id='word_1_141' title='bbox 1466 1658 1581 1738; x_wconf 88' lang='lat' dir='ltr'><strong>amplius</strong></span> 
     </span>
     <span class='ocr_line' id='line_1_15' title="bbox 293 1758 1579 1842; baseline -0.002 -20"><span class='ocrx_word' id='word_1_142' title='bbox 293 1761 395 1832; x_wconf 88' lang='lat' dir='ltr'><strong>habet,</strong></span> <span class='ocrx_word' id='word_1_143' title='bbox 422 1781 476 1842; x_wconf 91' lang='lat' dir='ltr'><strong>per</strong></span> <span class='ocrx_word' id='word_1_144' title='bbox 498 1762 577 1842; x_wconf 93' lang='lat' dir='ltr'><strong>quod</strong></span> <span class='ocrx_word' id='word_1_145' title='bbox 601 1778 727 1842; x_wconf 81' lang='lat' dir='ltr'><strong>quaeras</strong></span> <span class='ocrx_word' id='word_1_146' title='bbox 749 1762 888 1831; x_wconf 85' lang='lat' dir='ltr'><strong>ulterius,</strong></span> <span class='ocrx_word' id='word_1_147' title='bbox 912 1779 967 1822; x_wconf 85' lang='lat' dir='ltr'><strong>neo</strong></span> <span class='ocrx_word' id='word_1_148' title='bbox 990 1761 1160 1822; x_wconf 85' lang='lat' dir='ltr'><strong>meditatina</strong></span> <span class='ocrx_word' id='word_1_149' title='bbox 1183 1766 1306 1820; x_wconf 82' lang='lat' dir='ltr'><strong>estnec</strong></span> <span class='ocrx_word' id='word_1_150' title='bbox 1328 1758 1514 1830; x_wconf 83' lang='lat' dir='ltr'><strong>inchoatiua,</strong></span> <span class='ocrx_word' id='word_1_151' title='bbox 1536 1759 1579 1822; x_wconf 84' lang='lat' dir='ltr'><strong>sed</strong></span> 
     </span>
     <span class='ocr_line' id='line_1_16' title="bbox 294 1858 1609 1946; baseline -0.007 -21"><span class='ocrx_word' id='word_1_152' title='bbox 294 1865 436 1944; x_wconf 77' lang='lat' dir='ltr'><strong>perfectio</strong></span> <span class='ocrx_word' id='word_1_153' title='bbox 470 1871 500 1923; x_wconf 87' lang='lat' dir='ltr'><strong>et</strong></span> <span class='ocrx_word' id='word_1_154' title='bbox 532 1861 686 1924; x_wconf 88' lang='lat' dir='ltr'><strong>absolutio.</strong></span> <span class='ocrx_word' id='word_1_155' title='bbox 737 1867 993 1940; x_wconf 81' lang='lat' dir='ltr'><strong>Frequentutiuo,</strong></span> <span class='ocrx_word' id='word_1_156' title='bbox 1028 1880 1103 1940; x_wconf 90' lang='lat' dir='ltr'><strong>quae</strong></span> <span class='ocrx_word' id='word_1_157' title='bbox 1137 1879 1193 1922; x_wconf 90' lang='lat' dir='ltr'><strong>nos</strong></span> <span class='ocrx_word' id='word_1_158' title='bbox 1225 1878 1315 1940; x_wconf 89' lang='lat' dir='ltr'><strong>saepe</strong></span> <span class='ocrx_word' id='word_1_159' title='bbox 1345 1858 1456 1937; x_wconf 92' lang='lat' dir='ltr'><strong>aliquid</strong></span> <span class='ocrx_word' id='word_1_160' title='bbox 1483 1861 1609 1946; x_wconf 71' lang='lat' dir='ltr'><strong>saonen</strong></span> 
     </span>
     <span class='ocr_line' id='line_1_17' title="bbox 294 1960 1562 2044; baseline -0.002 -18"><span class='ocrx_word' id='word_1_161' title='bbox 294 1965 432 2036; x_wconf 85' lang='lat' dir='ltr'><strong>ostendit,</strong></span> <span class='ocrx_word' id='word_1_162' title='bbox 450 1974 482 2027; x_wconf 81' lang='lat' dir='ltr'><strong>ut</strong></span> <span class='ocrx_word' id='word_1_163' title='bbox 497 1965 623 2040; x_wconf 74' lang='lat' dir='ltr'><strong>‘lectito&#39;</strong></span> <span class='ocrx_word' id='word_1_164' title='bbox 640 1983 729 2044; x_wconf 86' lang='lat' dir='ltr'><strong>saepe</strong></span> <span class='ocrx_word' id='word_1_165' title='bbox 744 1965 819 2043; x_wconf 84' lang='lat' dir='ltr'><strong>lego,</strong></span> <span class='ocrx_word' id='word_1_166' title='bbox 834 1967 968 2027; x_wconf 76' lang='lat' dir='ltr'><strong>‘cursito&#39;</strong></span> <span class='ocrx_word' id='word_1_167' title='bbox 984 1983 1073 2044; x_wconf 90' lang='lat' dir='ltr'><strong>saepe</strong></span> <span class='ocrx_word' id='word_1_168' title='bbox 1088 1982 1187 2034; x_wconf 90' lang='lat' dir='ltr'><strong>eurro,</strong></span> <span class='ocrx_word' id='word_1_169' title='bbox 1198 1963 1326 2024; x_wconf 71' lang='lat' dir='ltr'><strong>‘dictito’</strong></span> <span class='ocrx_word' id='word_1_170' title='bbox 1343 1960 1562 2043; x_wconf 72' lang='lat' dir='ltr'><strong>saepelli.145&#39;</strong></span> 
     </span>
     <span class='ocr_line' id='line_1_18' title="bbox 296 2061 1581 2149; baseline -0.005 -22"><span class='ocrx_word' id='word_1_171' title='bbox 296 2066 372 2128; x_wconf 89' lang='lat' dir='ltr'><strong>dieo.</strong></span> <span class='ocrx_word' id='word_1_172' title='bbox 416 2067 496 2128; x_wconf 86' lang='lat' dir='ltr'><strong>liaeo</strong></span> <span class='ocrx_word' id='word_1_173' title='bbox 519 2075 563 2128; x_wconf 87' lang='lat' dir='ltr'><strong>est</strong></span> <span class='ocrx_word' id='word_1_174' title='bbox 585 2065 710 2144; x_wconf 88' lang='lat' dir='ltr'><strong>qualitas</strong></span> <span class='ocrx_word' id='word_1_175' title='bbox 733 2066 905 2138; x_wconf 90' lang='lat' dir='ltr'><strong>uerborum,</strong></span> <span class='ocrx_word' id='word_1_176' title='bbox 928 2086 1002 2149; x_wconf 93' lang='lat' dir='ltr'><strong>quae</strong></span> <span class='ocrx_word' id='word_1_177' title='bbox 1026 2065 1169 2126; x_wconf 90' lang='lat' dir='ltr'><strong>diuiditur</strong></span> <span class='ocrx_word' id='word_1_178' title='bbox 1192 2067 1224 2125; x_wconf 93' lang='lat' dir='ltr'><strong>in</strong></span> <span class='ocrx_word' id='word_1_179' title='bbox 1246 2061 1351 2124; x_wconf 92' lang='lat' dir='ltr'><strong>modos</strong></span> <span class='ocrx_word' id='word_1_180' title='bbox 1374 2069 1404 2122; x_wconf 90' lang='lat' dir='ltr'><strong>et</strong></span> <span class='ocrx_word' id='word_1_181' title='bbox 1423 2063 1455 2124; x_wconf 95' lang='lat' dir='ltr'><strong>in</strong></span> <span class='ocrx_word' id='word_1_182' title='bbox 1471 2065 1581 2124; x_wconf 89' lang='lat' dir='ltr'><strong>iormas.</strong></span> 
     </span>
    </p>

    <p class='ocr_par' dir='ltr' id='par_1_3' title="bbox 294 2164 1611 2858">
     <span class='ocr_line' id='line_1_19' title="bbox 379 2164 1581 2248; baseline -0.003 -18"><span class='ocrx_word' id='word_1_183' title='bbox 379 2169 421 2230; x_wconf 90' lang='lat' dir='ltr'><strong>De</strong></span> <span class='ocrx_word' id='word_1_184' title='bbox 444 2168 708 2246; x_wconf 83' lang='lat' dir='ltr'><strong>coniugationibus.</strong></span> <span class='ocrx_word' id='word_1_185' title='bbox 754 2169 804 2231; x_wconf 88' lang='lat' dir='ltr'><strong>Sie</strong></span> <span class='ocrx_word' id='word_1_186' title='bbox 825 2178 895 2231; x_wconf 85' lang='lat' dir='ltr'><strong>sunt</strong></span> <span class='ocrx_word' id='word_1_187' title='bbox 917 2170 1153 2248; x_wconf 83' lang='lat' dir='ltr'><strong>coniugationes,</strong></span> <span class='ocrx_word' id='word_1_188' title='bbox 1184 2164 1434 2245; x_wconf 89' lang='lat' dir='ltr'><strong>quemadmodum</strong></span> <span class='ocrx_word' id='word_1_189' title='bbox 1463 2164 1581 2226; x_wconf 88' lang='lat' dir='ltr'><strong>deelina-</strong></span> 
     </span>
     <span class='ocr_line' id='line_1_20' title="bbox 296 2266 1582 2351; baseline -0.003 -19"><span class='ocrx_word' id='word_1_190' title='bbox 296 2273 392 2332; x_wconf 86' lang='lat' dir='ltr'><strong>tiones</strong></span> <span class='ocrx_word' id='word_1_191' title='bbox 407 2271 559 2332; x_wconf 88' lang='lat' dir='ltr'><strong>nominum</strong></span> <span class='ocrx_word' id='word_1_192' title='bbox 577 2271 599 2331; x_wconf 88' lang='lat' dir='ltr'>V</span> <span class='ocrx_word' id='word_1_193' title='bbox 614 2279 698 2332; x_wconf 91' lang='lat' dir='ltr'><strong>sunt:</strong></span> <span class='ocrx_word' id='word_1_194' title='bbox 723 2271 817 2351; x_wconf 87' lang='lat' dir='ltr'><strong>prima</strong></span> <span class='ocrx_word' id='word_1_195' title='bbox 834 2271 990 2333; x_wconf 87' lang='lat' dir='ltr'><strong>declinatio</strong></span> <span class='ocrx_word' id='word_1_196' title='bbox 1007 2273 1036 2332; x_wconf 93' lang='lat' dir='ltr'><strong>in</strong></span> <span class='ocrx_word' id='word_1_197' title='bbox 1055 2289 1088 2331; x_wconf 90' lang='lat' dir='ltr'><strong>ae</strong></span> <span class='ocrx_word' id='word_1_198' title='bbox 1112 2266 1315 2349; x_wconf 80' lang='lat' dir='ltr'><strong>diphthongon</strong></span> <span class='ocrx_word' id='word_1_199' title='bbox 1338 2268 1510 2344; x_wconf 80' lang='lat' dir='ltr'><strong>genetiuom</strong></span> <span class='ocrx_word' id='word_1_200' title='bbox 1531 2269 1582 2328; x_wconf 88' lang='lat' dir='ltr'><strong>sin-</strong></span> 
     </span>
     <span class='ocr_line' id='line_1_21' title="bbox 296 2370 1611 2452; baseline -0.01 -19"><span class='ocrx_word' id='word_1_201' title='bbox 296 2371 428 2452; x_wconf 82' lang='lat' dir='ltr'><strong>gularem</strong></span> <span class='ocrx_word' id='word_1_202' title='bbox 458 2372 562 2442; x_wconf 86' lang='lat' dir='ltr'><strong>mittit,</strong></span> <span class='ocrx_word' id='word_1_203' title='bbox 590 2372 722 2433; x_wconf 85' lang='lat' dir='ltr'><strong>seonuda</strong></span> <span class='ocrx_word' id='word_1_204' title='bbox 750 2374 780 2432; x_wconf 90' lang='lat' dir='ltr'><strong>in</strong></span> <span class='ocrx_word' id='word_1_205' title='bbox 808 2374 835 2442; x_wconf 90' lang='lat' dir='ltr'><strong>i,</strong></span> <span class='ocrx_word' id='word_1_206' title='bbox 864 2374 951 2435; x_wconf 93' lang='lat' dir='ltr'><strong>tertia</strong></span> <span class='ocrx_word' id='word_1_207' title='bbox 980 2375 1010 2434; x_wconf 90' lang='lat' dir='ltr'><strong>in</strong></span> <span class='ocrx_word' id='word_1_208' title='bbox 1038 2374 1078 2442; x_wconf 91' lang='lat' dir='ltr'><strong>is,</strong></span> <span class='ocrx_word' id='word_1_209' title='bbox 1108 2377 1213 2449; x_wconf 88' lang='lat' dir='ltr'><strong>quarta</strong></span> <span class='ocrx_word' id='word_1_210' title='bbox 1239 2371 1344 2437; x_wconf 88' lang='lat' dir='ltr'><strong>inus,</strong></span> <span class='ocrx_word' id='word_1_211' title='bbox 1374 2370 1478 2447; x_wconf 88' lang='lat' dir='ltr'><strong>quinta</strong></span> <span class='ocrx_word' id='word_1_212' title='bbox 1500 2371 1529 2430; x_wconf 92' lang='lat' dir='ltr'><strong>in</strong></span> <span class='ocrx_word' id='word_1_213' title='bbox 1550 2371 1611 2429; x_wconf 79' lang='lat' dir='ltr'><strong>eia</strong></span> 
     </span>
     <span class='ocr_line' id='line_1_22' title="bbox 295 2470 1582 2555; baseline -0.004 -19"><span class='ocrx_word' id='word_1_214' title='bbox 295 2474 452 2546; x_wconf 86' lang='lat' dir='ltr'><strong>Quomodo</strong></span> <span class='ocrx_word' id='word_1_215' title='bbox 475 2493 546 2553; x_wconf 83' lang='lat' dir='ltr'><strong>ergo</strong></span> <span class='ocrx_word' id='word_1_216' title='bbox 569 2476 644 2535; x_wconf 86' lang='lat' dir='ltr'><strong>istae</strong></span> <span class='ocrx_word' id='word_1_217' title='bbox 665 2474 786 2552; x_wconf 86' lang='lat' dir='ltr'><strong>regulae</strong></span> <span class='ocrx_word' id='word_1_218' title='bbox 809 2485 917 2555; x_wconf 85' lang='lat' dir='ltr'><strong>regunt</strong></span> <span class='ocrx_word' id='word_1_219' title='bbox 939 2475 1068 2543; x_wconf 84' lang='lat' dir='ltr'><strong>nomina,</strong></span> <span class='ocrx_word' id='word_1_220' title='bbox 1092 2476 1133 2534; x_wconf 90' lang='lat' dir='ltr'><strong>sio</strong></span> <span class='ocrx_word' id='word_1_221' title='bbox 1155 2477 1228 2536; x_wconf 89' lang='lat' dir='ltr'><strong>istae</strong></span> <span class='ocrx_word' id='word_1_222' title='bbox 1245 2470 1469 2546; x_wconf 74' lang='lat' dir='ltr'><strong>coniugationes</strong></span> <span class='ocrx_word' id='word_1_223' title='bbox 1484 2470 1582 2539; x_wconf 72' lang='lat' dir='ltr'><strong>uerba:</strong></span> 
     </span>
     <span class='ocr_line' id='line_1_23' title="bbox 295 2573 1581 2658; baseline -0.003 -20"><span class='ocrx_word' id='word_1_224' title='bbox 295 2577 399 2639; x_wconf 89' lang='lat' dir='ltr'><strong>iisdem</strong></span> <span class='ocrx_word' id='word_1_225' title='bbox 428 2575 542 2654; x_wconf 79' lang='lat' dir='ltr'><strong>legibus</strong></span> <span class='ocrx_word' id='word_1_226' title='bbox 569 2577 690 2655; x_wconf 87' lang='lat' dir='ltr'><strong>penitus</strong></span> <span class='ocrx_word' id='word_1_227' title='bbox 717 2575 804 2654; x_wconf 84' lang='lat' dir='ltr'><strong>plana</strong></span> <span class='ocrx_word' id='word_1_228' title='bbox 832 2579 974 2656; x_wconf 91' lang='lat' dir='ltr'><strong>quinque,</strong></span> <span class='ocrx_word' id='word_1_229' title='bbox 1005 2594 1081 2654; x_wconf 91' lang='lat' dir='ltr'><strong>quae</strong></span> <span class='ocrx_word' id='word_1_230' title='bbox 1109 2576 1151 2637; x_wconf 91' lang='lat' dir='ltr'><strong>ibi</strong></span> <span class='ocrx_word' id='word_1_231' title='bbox 1176 2577 1337 2638; x_wconf 89' lang='lat' dir='ltr'><strong>ostendunt</strong></span> <span class='ocrx_word' id='word_1_232' title='bbox 1359 2573 1581 2658; x_wconf 67' lang='lat' dir='ltr'><strong>coniugatione,</strong></span> 
     </span>
     <span class='ocr_line' id='line_1_24' title="bbox 294 2677 1581 2762; baseline 0.002 -22"><span class='ocrx_word' id='word_1_233' title='bbox 294 2687 378 2749; x_wconf 93' lang='lat' dir='ltr'><strong>sunt,</strong></span> <span class='ocrx_word' id='word_1_234' title='bbox 408 2677 515 2756; x_wconf 91' lang='lat' dir='ltr'><strong>quibus</strong></span> <span class='ocrx_word' id='word_1_235' title='bbox 543 2681 623 2739; x_wconf 92' lang='lat' dir='ltr'><strong>omni</strong></span> <span class='ocrx_word' id='word_1_236' title='bbox 650 2677 740 2739; x_wconf 89' lang='lat' dir='ltr'><strong>modo</strong></span> <span class='ocrx_word' id='word_1_237' title='bbox 767 2678 955 2755; x_wconf 86' lang='lat' dir='ltr'><strong>quaerendae</strong></span> <span class='ocrx_word' id='word_1_238' title='bbox 977 2687 1062 2740; x_wconf 89' lang='lat' dir='ltr'><strong>sunt:</strong></span> <span class='ocrx_word' id='word_1_239' title='bbox 1092 2688 1209 2762; x_wconf 86' lang='lat' dir='ltr'><strong>tempus</strong></span> <span class='ocrx_word' id='word_1_240' title='bbox 1231 2701 1374 2747; x_wconf 91' lang='lat' dir='ltr'><strong>numerus</strong></span> <span class='ocrx_word' id='word_1_241' title='bbox 1398 2683 1502 2746; x_wconf 90' lang='lat' dir='ltr'><strong>modus</strong></span> <span class='ocrx_word' id='word_1_242' title='bbox 1522 2697 1581 2760; x_wconf 86' lang='lat' dir='ltr'><strong>per·</strong></span> 
     </span>
     <span class='ocr_line' id='line_1_25' title="bbox 295 2778 725 2858; baseline -0.007 -16"><span class='ocrx_word' id='word_1_243' title='bbox 295 2799 367 2842; x_wconf 90' lang='lat' dir='ltr'><strong>sona</strong></span> <span class='ocrx_word' id='word_1_244' title='bbox 390 2782 508 2858; x_wconf 76' lang='lat' dir='ltr'><strong>syllaba</strong></span> <span class='ocrx_word' id='word_1_245' title='bbox 530 2781 596 2841; x_wconf 91' lang='lat' dir='ltr'><strong>siue</strong></span> <span class='ocrx_word' id='word_1_246' title='bbox 619 2778 725 2840; x_wconf 91' lang='lat' dir='ltr'><strong>littera.</strong></span> 
     </span>
    </p>

    <p class='ocr_par' dir='ltr' id='par_1_4' title="bbox 222 2882 1610 3981">
     <span class='ocr_line' id='line_1_26' title="bbox 380 2882 1610 2964; baseline 0 -20"><span class='ocrx_word' id='word_1_247' title='bbox 380 2882 622 2960; x_wconf 86' lang='lat' dir='ltr'><strong>Coniugationem</strong></span> <span class='ocrx_word' id='word_1_248' title='bbox 646 2900 717 2961; x_wconf 88' lang='lat' dir='ltr'><strong>ergo</strong></span> <span class='ocrx_word' id='word_1_249' title='bbox 739 2882 783 2942; x_wconf 89' lang='lat' dir='ltr'><strong>sio</strong></span> <span class='ocrx_word' id='word_1_250' title='bbox 804 2899 914 2961; x_wconf 92' lang='lat' dir='ltr'><strong>quaere</strong></span> <span class='ocrx_word' id='word_1_251' title='bbox 937 2890 1072 2962; x_wconf 90' lang='lat' dir='ltr'><strong>tempore</strong></span> <span class='ocrx_word' id='word_1_252' title='bbox 1094 2889 1258 2964; x_wconf 91' lang='lat' dir='ltr'><strong>praesenti,</strong></span> <span class='ocrx_word' id='word_1_253' title='bbox 1289 2907 1414 2951; x_wconf 84' lang='lat' dir='ltr'><strong>nurnero</strong></span> <span class='ocrx_word' id='word_1_254' title='bbox 1437 2884 1578 2964; x_wconf 73' lang='lat' dir='ltr'><strong>singulari,</strong></span> <span class='ocrx_word' id='word_1_255' title='bbox 1591 2899 1610 2938; x_wconf 77' lang='lat'><strong>2⁵</strong></span> 
     </span>
     <span class='ocr_line' id='line_1_27' title="bbox 297 2979 1582 3072; baseline 0.001 -27"><span class='ocrx_word' id='word_1_256' title='bbox 297 2985 385 3045; x_wconf 92' lang='lat' dir='ltr'><strong>modo</strong></span> <span class='ocrx_word' id='word_1_257' title='bbox 407 2979 584 3057; x_wconf 87' lang='lat' dir='ltr'><strong>indication,</strong></span> <span class='ocrx_word' id='word_1_258' title='bbox 614 2999 742 3062; x_wconf 90' lang='lat' dir='ltr'><strong>persona</strong></span> <span class='ocrx_word' id='word_1_259' title='bbox 765 2984 911 3054; x_wconf 84' lang='lat' dir='ltr'><strong>secunda,</strong></span> <span class='ocrx_word' id='word_1_260' title='bbox 936 2987 1016 3046; x_wconf 92' lang='lat' dir='ltr'><strong>etin</strong></span> <span class='ocrx_word' id='word_1_261' title='bbox 1038 2984 1146 3048; x_wconf 90' lang='lat' dir='ltr'><strong>litteris</strong></span> <span class='ocrx_word' id='word_1_262' title='bbox 1167 2989 1216 3051; x_wconf 93' lang='lat' dir='ltr'><strong>uel</strong></span> <span class='ocrx_word' id='word_1_263' title='bbox 1238 2990 1269 3051; x_wconf 92' lang='lat' dir='ltr'><strong>in</strong></span> <span class='ocrx_word' id='word_1_264' title='bbox 1293 2990 1413 3072; x_wconf 83' lang='lat' dir='ltr'><strong>syllabis</strong></span> <span class='ocrx_word' id='word_1_265' title='bbox 1435 2992 1465 3050; x_wconf 91' lang='lat' dir='ltr'><strong>in</strong></span> <span class='ocrx_word' id='word_1_266' title='bbox 1488 2989 1582 3049; x_wconf 92' lang='lat' dir='ltr'><strong>aetiuis</strong></span> 
     </span>
     <span class='ocr_line' id='line_1_28' title="bbox 297 3083 1581 3168; baseline 0.001 -21"><span class='ocrx_word' id='word_1_267' title='bbox 297 3084 399 3147; x_wconf 90' lang='lat' dir='ltr'><strong>uerbis</strong></span> <span class='ocrx_word' id='word_1_268' title='bbox 422 3093 452 3145; x_wconf 90' lang='lat' dir='ltr'><strong>et</strong></span> <span class='ocrx_word' id='word_1_269' title='bbox 474 3083 672 3158; x_wconf 85' lang='lat' dir='ltr'><strong>neutralibus,</strong></span> <span class='ocrx_word' id='word_1_270' title='bbox 697 3087 727 3145; x_wconf 91' lang='lat' dir='ltr'><strong>in</strong></span> <span class='ocrx_word' id='word_1_271' title='bbox 750 3087 890 3165; x_wconf 89' lang='lat' dir='ltr'><strong>passinis,</strong></span> <span class='ocrx_word' id='word_1_272' title='bbox 919 3088 1069 3148; x_wconf 83' lang='lat' dir='ltr'><strong>communi</strong></span> <span class='ocrx_word' id='word_1_273' title='bbox 1093 3096 1122 3149; x_wconf 94' lang='lat' dir='ltr'><strong>et</strong></span> <span class='ocrx_word' id='word_1_274' title='bbox 1144 3088 1314 3168; x_wconf 90' lang='lat' dir='ltr'><strong>deponenti.</strong></span> <span class='ocrx_word' id='word_1_275' title='bbox 1360 3091 1436 3163; x_wconf 82' lang='lat' dir='ltr'><strong>Quid</strong></span> <span class='ocrx_word' id='word_1_276' title='bbox 1460 3099 1504 3151; x_wconf 88' lang='lat' dir='ltr'><strong>est</strong></span> <span class='ocrx_word' id='word_1_277' title='bbox 1524 3088 1581 3157; x_wconf 87' lang='lat' dir='ltr'><strong>hoe,</strong></span> 
     </span>
     <span class='ocr_line' id='line_1_29' title="bbox 297 3185 1582 3272; baseline -0.001 -24"><span class='ocrx_word' id='word_1_278' title='bbox 297 3187 376 3268; x_wconf 91' lang='lat' dir='ltr'><strong>quod</strong></span> <span class='ocrx_word' id='word_1_279' title='bbox 400 3185 479 3246; x_wconf 88' lang='lat' dir='ltr'><strong>dieo:</strong></span> <span class='ocrx_word' id='word_1_280' title='bbox 505 3189 609 3246; x_wconf 81' lang='lat' dir='ltr'><strong>‘amas&#39;</strong></span> <span class='ocrx_word' id='word_1_281' title='bbox 633 3189 728 3266; x_wconf 92' lang='lat' dir='ltr'><strong>prima</strong></span> <span class='ocrx_word' id='word_1_282' title='bbox 752 3189 937 3267; x_wconf 77' lang='lat' dir='ltr'><strong>coniugatio?</strong></span> <span class='ocrx_word' id='word_1_283' title='bbox 966 3188 1040 3250; x_wconf 87' lang='lat' dir='ltr'><strong>Nem</strong></span> <span class='ocrx_word' id='word_1_284' title='bbox 1063 3191 1285 3269; x_wconf 81' lang='lat' dir='ltr'><strong>coniugationes</strong></span> <span class='ocrx_word' id='word_1_285' title='bbox 1307 3193 1382 3254; x_wconf 87' lang='lat' dir='ltr'><strong>istae</strong></span> <span class='ocrx_word' id='word_1_286' title='bbox 1405 3211 1459 3272; x_wconf 92' lang='lat' dir='ltr'><strong>per</strong></span> <span class='ocrx_word' id='word_1_287' title='bbox 1480 3190 1582 3250; x_wconf 78' lang='lat' dir='ltr'><strong>litteras</strong></span> 
     </span>
     <span class='ocr_line' id='line_1_30' title="bbox 297 3288 1581 3369; baseline 0 -19"><span class='ocrx_word' id='word_1_288' title='bbox 297 3290 547 3352; x_wconf 88' lang='lat' dir='ltr'><strong>demonstrantur.</strong></span> <span class='ocrx_word' id='word_1_289' title='bbox 594 3288 662 3349; x_wconf 92' lang='lat' dir='ltr'><strong>Sia</strong></span> <span class='ocrx_word' id='word_1_290' title='bbox 686 3288 839 3360; x_wconf 88' lang='lat' dir='ltr'><strong>babuerit,</strong></span> <span class='ocrx_word' id='word_1_291' title='bbox 863 3291 959 3369; x_wconf 89' lang='lat' dir='ltr'><strong>prima</strong></span> <span class='ocrx_word' id='word_1_292' title='bbox 983 3296 1041 3358; x_wconf 86' lang='lat' dir='ltr'><strong>est;</strong></span> <span class='ocrx_word' id='word_1_293' title='bbox 1069 3291 1094 3352; x_wconf 89' lang='lat' dir='ltr'><strong>si</strong></span> <span class='ocrx_word' id='word_1_294' title='bbox 1118 3310 1149 3360; x_wconf 93' lang='lat' dir='ltr'><strong>e,</strong></span> <span class='ocrx_word' id='word_1_295' title='bbox 1173 3294 1304 3354; x_wconf 84' lang='lat' dir='ltr'><strong>secunda</strong></span> <span class='ocrx_word' id='word_1_296' title='bbox 1328 3302 1387 3364; x_wconf 86' lang='lat' dir='ltr'><strong>est;</strong></span> <span class='ocrx_word' id='word_1_297' title='bbox 1411 3296 1436 3355; x_wconf 91' lang='lat' dir='ltr'><strong>si</strong></span> <span class='ocrx_word' id='word_1_298' title='bbox 1458 3295 1481 3362; x_wconf 92' lang='lat' dir='ltr'><strong>i,</strong></span> <span class='ocrx_word' id='word_1_299' title='bbox 1505 3292 1581 3352; x_wconf 86' lang='lat' dir='ltr'><strong>tertia</strong></span> 
     </span>
     <span class='ocr_line' id='line_1_31' title="bbox 298 3367 1610 3473; baseline -0.001 -21"><span class='ocrx_word' id='word_1_300' title='bbox 298 3399 351 3452; x_wconf 85' lang='lat' dir='ltr'><strong>est.</strong></span> <span class='ocrx_word' id='word_1_301' title='bbox 389 3367 537 3470; x_wconf 60' lang='lat' dir='ltr'><strong>Et‘quare</strong></span> <span class='ocrx_word' id='word_1_302' title='bbox 559 3391 654 3468; x_wconf 92' lang='lat' dir='ltr'><strong>prima</strong></span> <span class='ocrx_word' id='word_1_303' title='bbox 679 3398 723 3450; x_wconf 90' lang='lat' dir='ltr'><strong>est</strong></span> <span class='ocrx_word' id='word_1_304' title='bbox 743 3388 801 3462; x_wconf 87' lang='lat' dir='ltr'><strong>illa,</strong></span> <span class='ocrx_word' id='word_1_305' title='bbox 825 3409 900 3471; x_wconf 90' lang='lat' dir='ltr'><strong>quae</strong></span> <span class='ocrx_word' id='word_1_306' title='bbox 923 3392 961 3451; x_wconf 82' lang='lat' dir='ltr'><strong>oi</strong></span> <span class='ocrx_word' id='word_1_307' title='bbox 998 3391 1192 3454; x_wconf 85' lang='lat' dir='ltr'><strong>Rationabilis</strong></span> <span class='ocrx_word' id='word_1_308' title='bbox 1215 3402 1274 3465; x_wconf 91' lang='lat' dir='ltr'><strong>est;</strong></span> <span class='ocrx_word' id='word_1_309' title='bbox 1299 3414 1366 3457; x_wconf 88' lang='lat' dir='ltr'><strong>nam</strong></span> <span class='ocrx_word' id='word_1_310' title='bbox 1388 3393 1504 3473; x_wconf 91' lang='lat' dir='ltr'><strong>quando</strong></span> <span class='ocrx_word' id='word_1_311' title='bbox 1519 3393 1610 3453; x_wconf 78' lang='lat' dir='ltr'><strong>utet-o</strong></span> 
     </span>
     <span class='ocr_line' id='line_1_32' title="bbox 299 3490 1582 3572; baseline 0 -18"><span class='ocrx_word' id='word_1_312' title='bbox 299 3512 364 3554; x_wconf 93' lang='lat' dir='ltr'><strong>mus</strong></span> <span class='ocrx_word' id='word_1_313' title='bbox 385 3495 456 3555; x_wconf 84' lang='lat' dir='ltr'><strong>istas</strong></span> <span class='ocrx_word' id='word_1_314' title='bbox 478 3490 606 3560; x_wconf 86' lang='lat' dir='ltr'><strong>uocales,</strong></span> <span class='ocrx_word' id='word_1_315' title='bbox 630 3509 717 3571; x_wconf 87' lang='lat' dir='ltr'><strong>quam</strong></span> <span class='ocrx_word' id='word_1_316' title='bbox 740 3493 877 3572; x_wconf 86' lang='lat' dir='ltr'><strong>primam,</strong></span> <span class='ocrx_word' id='word_1_317' title='bbox 901 3493 978 3554; x_wconf 88' lang='lat' dir='ltr'><strong>idest</strong></span> <span class='ocrx_word' id='word_1_318' title='bbox 993 3492 1125 3555; x_wconf 87' lang='lat' dir='ltr'><strong>uocalem</strong></span> <span class='ocrx_word' id='word_1_319' title='bbox 1141 3497 1339 3565; x_wconf 87' lang='lat' dir='ltr'><strong>nominamus,</strong></span> <span class='ocrx_word' id='word_1_320' title='bbox 1364 3499 1420 3558; x_wconf 87' lang='lat' dir='ltr'><strong>nisi</strong></span> <span class='ocrx_word' id='word_1_321' title='bbox 1437 3518 1462 3568; x_wconf 89' lang='lat' dir='ltr'><strong>a,</strong></span> <span class='ocrx_word' id='word_1_322' title='bbox 1484 3513 1582 3556; x_wconf 90' lang='lat' dir='ltr'><strong>secun-</strong></span> 
     </span>
     <span class='ocr_line' id='line_1_33' title="bbox 298 3586 1581 3677; baseline -0.002 -21"><span class='ocrx_word' id='word_1_323' title='bbox 298 3596 365 3656; x_wconf 89' lang='lat' dir='ltr'><strong>dam</strong></span> <span class='ocrx_word' id='word_1_324' title='bbox 390 3613 419 3662; x_wconf 90' lang='lat' dir='ltr'><strong>e,</strong></span> <span class='ocrx_word' id='word_1_325' title='bbox 450 3594 566 3654; x_wconf 89' lang='lat' dir='ltr'><strong>tertiam</strong></span> <span class='ocrx_word' id='word_1_326' title='bbox 595 3593 623 3652; x_wconf 83' lang='lat' dir='ltr'><strong>ii</strong></span> <span class='ocrx_word' id='word_1_327' title='bbox 666 3593 764 3654; x_wconf 89' lang='lat' dir='ltr'><strong>Prima</strong></span> <span class='ocrx_word' id='word_1_328' title='bbox 793 3602 874 3656; x_wconf 83' lang='lat' dir='ltr'><strong>reete</strong></span> <span class='ocrx_word' id='word_1_329' title='bbox 903 3593 1011 3656; x_wconf 88' lang='lat' dir='ltr'><strong>dieitur</strong></span> <span class='ocrx_word' id='word_1_330' title='bbox 1039 3586 1221 3674; x_wconf 85' lang='lat' dir='ltr'><strong>coniugatio,</strong></span> <span class='ocrx_word' id='word_1_331' title='bbox 1249 3598 1330 3676; x_wconf 91' lang='lat' dir='ltr'><strong>quod</strong></span> <span class='ocrx_word' id='word_1_332' title='bbox 1357 3597 1447 3661; x_wconf 88' lang='lat' dir='ltr'><strong>habet</strong></span> <span class='ocrx_word' id='word_1_333' title='bbox 1467 3600 1581 3677; x_wconf 91' lang='lat' dir='ltr'><strong>primam</strong></span> 
     </span>
     <span class='ocr_line' id='line_1_34' title="bbox 299 3694 1581 3778; baseline -0.002 -20"><span class='ocrx_word' id='word_1_334' title='bbox 299 3694 445 3764; x_wconf 88' lang='lat' dir='ltr'><strong>uoealem;</strong></span> <span class='ocrx_word' id='word_1_335' title='bbox 469 3694 599 3755; x_wconf 86' lang='lat' dir='ltr'><strong>secunda</strong></span> <span class='ocrx_word' id='word_1_336' title='bbox 615 3695 791 3772; x_wconf 82' lang='lat' dir='ltr'><strong>coniugatio,</strong></span> <span class='ocrx_word' id='word_1_337' title='bbox 816 3696 894 3774; x_wconf 92' lang='lat' dir='ltr'><strong>quod</strong></span> <span class='ocrx_word' id='word_1_338' title='bbox 911 3694 1071 3757; x_wconf 80' lang='lat' dir='ltr'><strong>secundam</strong></span> <span class='ocrx_word' id='word_1_339' title='bbox 1088 3695 1237 3766; x_wconf 89' lang='lat' dir='ltr'><strong>uoealem;</strong></span> <span class='ocrx_word' id='word_1_340' title='bbox 1262 3701 1359 3769; x_wconf 88' lang='lat' dir='ltr'><strong>tertia,</strong></span> <span class='ocrx_word' id='word_1_341' title='bbox 1383 3697 1459 3778; x_wconf 92' lang='lat' dir='ltr'><strong>quod</strong></span> <span class='ocrx_word' id='word_1_342' title='bbox 1475 3699 1581 3759; x_wconf 90' lang='lat' dir='ltr'><strong>tertiam</strong></span> 
     </span>
     <span class='ocr_line' id='line_1_35' title="bbox 299 3795 1581 3878; baseline -0.003 -19"><span class='ocrx_word' id='word_1_343' title='bbox 299 3797 440 3859; x_wconf 85' lang='lat' dir='ltr'><strong>uoealam.</strong></span> <span class='ocrx_word' id='word_1_344' title='bbox 475 3797 538 3856; x_wconf 84' lang='lat' dir='ltr'><strong>Dixi</strong></span> <span class='ocrx_word' id='word_1_345' title='bbox 554 3797 684 3875; x_wconf 91' lang='lat' dir='ltr'><strong>quinque</strong></span> <span class='ocrx_word' id='word_1_346' title='bbox 701 3795 792 3856; x_wconf 88' lang='lat' dir='ltr'><strong>rebus</strong></span> <span class='ocrx_word' id='word_1_347' title='bbox 804 3797 934 3858; x_wconf 85' lang='lat' dir='ltr'><strong>inueniri</strong></span> <span class='ocrx_word' id='word_1_348' title='bbox 949 3799 1187 3875; x_wconf 81' lang='lat' dir='ltr'><strong>coniugationes:</strong></span> <span class='ocrx_word' id='word_1_349' title='bbox 1211 3807 1348 3878; x_wconf 89' lang='lat' dir='ltr'><strong>tempore</strong></span> <span class='ocrx_word' id='word_1_350' title='bbox 1365 3817 1487 3861; x_wconf 89' lang='lat' dir='ltr'><strong>nnmero</strong></span> <span class='ocrx_word' id='word_1_351' title='bbox 1502 3798 1581 3859; x_wconf 91' lang='lat' dir='ltr'><strong>modo</strong></span> 
     </span>
     <span class='ocr_line' id='line_1_36' title="bbox 222 3896 1609 3981; baseline -0.004 -19"><span class='ocrx_word' id='word_1_352' title='bbox 222 3973 223 3976; x_wconf 8' lang='grc' dir='ltr'><strong>Ἴ</strong></span> <span class='ocrx_word' id='word_1_353' title='bbox 299 3917 427 3980; x_wconf 86' lang='lat' dir='ltr'><strong>persona</strong></span> <span class='ocrx_word' id='word_1_354' title='bbox 456 3896 567 3978; x_wconf 82' lang='lat' dir='ltr'><strong>syllaba</strong></span> <span class='ocrx_word' id='word_1_355' title='bbox 596 3897 644 3958; x_wconf 93' lang='lat' dir='ltr'><strong>uel</strong></span> <span class='ocrx_word' id='word_1_356' title='bbox 671 3897 778 3960; x_wconf 89' lang='lat' dir='ltr'><strong>littera.</strong></span> <span class='ocrx_word' id='word_1_357' title='bbox 824 3899 900 3960; x_wconf 87' lang='lat' dir='ltr'><strong>Eece</strong></span> <span class='ocrx_word' id='word_1_358' title='bbox 928 3916 995 3959; x_wconf 90' lang='lat' dir='ltr'><strong>amo</strong></span> <span class='ocrx_word' id='word_1_359' title='bbox 1017 3917 1049 3960; x_wconf 89' lang='lat' dir='ltr'><strong>as</strong></span> <span class='ocrx_word' id='word_1_360' title='bbox 1072 3919 1088 3960; x_wconf 90' lang='lat' dir='ltr'><strong>a</strong></span> <span class='ocrx_word' id='word_1_361' title='bbox 1111 3899 1215 3961; x_wconf 87' lang='lat' dir='ltr'><strong>habet:</strong></span> <span class='ocrx_word' id='word_1_362' title='bbox 1246 3903 1363 3981; x_wconf 87' lang='lat' dir='ltr'><strong>respice</strong></span> <span class='ocrx_word' id='word_1_363' title='bbox 1386 3901 1422 3963; x_wconf 91' lang='lat' dir='ltr'><strong>ad</strong></span> <span class='ocrx_word' id='word_1_364' title='bbox 1440 3919 1485 3968; x_wconf 89' lang='lat' dir='ltr'><strong>ea,</strong></span> <span class='ocrx_word' id='word_1_365' title='bbox 1513 3913 1609 3979; x_wconf 74' lang='lat' dir='ltr'><strong>quaes</strong></span> 
     </span>
    </p>
   </div>
   <div class='ocr_carea' id='block_1_3' title="bbox 299 4134 1580 4406">
    <p class='ocr_par' dir='ltr' id='par_1_5' title="bbox 299 4134 1580 4406">
     <span class='ocr_line' id='line_1_37' title="bbox 367 4134 1580 4254; baseline 0 -69"><span class='ocrx_word' id='word_1_366' title='bbox 367 4135 470 4198; x_wconf 79' lang='lat' dir='ltr'><strong>2qnod</strong></span> <span class='ocrx_word' id='word_1_367' title='bbox 539 4137 603 4184; x_wconf 74' lang='lat' dir='ltr'><strong>bae</strong></span> <span class='ocrx_word' id='word_1_368' title='bbox 621 4144 682 4184; x_wconf 83' lang='lat' dir='ltr'><strong>sum</strong></span> <span class='ocrx_word' id='word_1_369' title='bbox 761 4136 871 4199; x_wconf 83' lang='lat' dir='ltr'><strong>begere</strong></span> <span class='ocrx_word' id='word_1_370' title='bbox 888 4136 989 4185; x_wconf 79' lang='lat' dir='ltr'><strong>addidit</strong></span> <span class='ocrx_word' id='word_1_371' title='bbox 1005 4151 1035 4185; x_wconf 87' lang='lat' dir='ltr'><strong>m.</strong></span> <span class='ocrx_word' id='word_1_372' title='bbox 1055 4135 1090 4185; x_wconf 94' lang='lat' dir='ltr'><strong>II</strong></span> <span class='ocrx_word' id='word_1_373' title='bbox 1158 4134 1305 4254; x_wconf 58' lang='lat' dir='ltr'><strong>lranoqlroo</strong></span> <span class='ocrx_word' id='word_1_374' title='bbox 1355 4138 1471 4188; x_wconf 72' lang='lat' dir='ltr'><strong>¹tienim</strong></span> <span class='ocrx_word' id='word_1_375' title='bbox 1490 4137 1580 4186; x_wconf 79' lang='lat' dir='ltr'><strong>addidit</strong></span> 
     </span>
     <span class='ocr_line' id='line_1_38' title="bbox 300 4200 1577 4268; baseline -0.003 -13"><span class='ocrx_word' id='word_1_376' title='bbox 300 4223 330 4255; x_wconf 86' lang='lat' dir='ltr'><strong>m.</strong></span> <span class='ocrx_word' id='word_1_377' title='bbox 351 4203 385 4254; x_wconf 90' lang='grc' dir='ltr'><strong>ΙΙ</strong></span> <span class='ocrx_word' id='word_1_378' title='bbox 454 4201 628 4254; x_wconf 80' lang='lat' dir='ltr'><strong>iineoanerit</strong></span> <span class='ocrx_word' id='word_1_379' title='bbox 678 4200 813 4268; x_wconf 72' lang='lat' dir='ltr'><strong>diopetis]</strong></span> <span class='ocrx_word' id='word_1_380' title='bbox 834 4203 941 4268; x_wconf 81' lang='lat' dir='ltr'><strong>repetit?</strong></span> <span class='ocrx_word' id='word_1_381' title='bbox 978 4200 1032 4267; x_wconf 90' lang='lat' dir='ltr'><strong>Sio]</strong></span> <span class='ocrx_word' id='word_1_382' title='bbox 1052 4204 1074 4253; x_wconf 84' lang='lat' dir='ltr'><strong>si</strong></span> <span class='ocrx_word' id='word_1_383' title='bbox 1128 4207 1160 4256; x_wconf 87' lang='lat'><strong>10</strong></span> <span class='ocrx_word' id='word_1_384' title='bbox 1177 4207 1225 4254; x_wconf 83' lang='lat' dir='ltr'><strong>sori</strong></span> <span class='ocrx_word' id='word_1_385' title='bbox 1246 4205 1311 4254; x_wconf 87' lang='lat' dir='ltr'><strong>turio</strong></span> <span class='ocrx_word' id='word_1_386' title='bbox 1364 4207 1447 4256; x_wconf 86' lang='lat' dir='ltr'><strong>esurio</strong></span> <span class='ocrx_word' id='word_1_387' title='bbox 1464 4203 1489 4253; x_wconf 93' lang='lat' dir='ltr'><strong>id</strong></span> <span class='ocrx_word' id='word_1_388' title='bbox 1553 4205 1577 4252; x_wconf 89' lang='lat'><strong>11</strong></span> 
     </span>
     <span class='ocr_line' id='line_1_39' title="bbox 299 4271 1579 4339; baseline -0.003 -17"><span class='ocrx_word' id='word_1_389' title='bbox 299 4273 325 4323; x_wconf 90' lang='lat' dir='ltr'><strong>id</strong></span> <span class='ocrx_word' id='word_1_390' title='bbox 344 4272 426 4321; x_wconf 84' lang='lat' dir='ltr'><strong>lasere</strong></span> <span class='ocrx_word' id='word_1_391' title='bbox 513 4273 545 4320; x_wconf 81' lang='lat'><strong>14</strong></span> <span class='ocrx_word' id='word_1_392' title='bbox 562 4286 608 4336; x_wconf 90' lang='lat' dir='ltr'><strong>per</strong></span> <span class='ocrx_word' id='word_1_393' title='bbox 625 4280 689 4332; x_wconf 90' lang='lat' dir='ltr'><strong>quot</strong></span> <span class='ocrx_word' id='word_1_394' title='bbox 758 4272 788 4320; x_wconf 83' lang='lat'><strong>15</strong></span> <span class='ocrx_word' id='word_1_395' title='bbox 806 4271 992 4333; x_wconf 87' lang='lat' dir='ltr'><strong>lreqnentatiun</strong></span> <span class='ocrx_word' id='word_1_396' title='bbox 1009 4273 1102 4322; x_wconf 83' lang='lat' dir='ltr'><strong>addidi</strong></span> <span class='ocrx_word' id='word_1_397' title='bbox 1157 4289 1232 4339; x_wconf 90' lang='lat' dir='ltr'><strong>sepe,</strong></span> <span class='ocrx_word' id='word_1_398' title='bbox 1255 4288 1356 4339; x_wconf 79' lang='lat' dir='ltr'><strong>semper</strong></span> <span class='ocrx_word' id='word_1_399' title='bbox 1424 4273 1502 4322; x_wconf 80' lang='lat' dir='ltr'><strong>lacera</strong></span> <span class='ocrx_word' id='word_1_400' title='bbox 1519 4279 1541 4321; x_wconf 84' lang='lat' dir='ltr'><strong>et</strong></span> <span class='ocrx_word' id='word_1_401' title='bbox 1557 4282 1579 4318; x_wconf 85' lang='lat' dir='ltr'><strong>ut</strong></span> 
     </span>
     <span class='ocr_line' id='line_1_40' title="bbox 301 4338 1577 4406; baseline -0.005 -14"><span class='ocrx_word' id='word_1_402' title='bbox 301 4341 392 4392; x_wconf 85' lang='lat' dir='ltr'><strong>addidi</strong></span> <span class='ocrx_word' id='word_1_403' title='bbox 461 4340 491 4389; x_wconf 87' lang='lat'><strong>16</strong></span> <span class='ocrx_word' id='word_1_404' title='bbox 510 4339 594 4388; x_wconf 84' lang='lat' dir='ltr'><strong>dicato</strong></span> <span class='ocrx_word' id='word_1_405' title='bbox 673 4338 769 4388; x_wconf 79' lang='lat' dir='ltr'><strong>libes</strong></span> <span class='ocrx_word' id='word_1_406' title='bbox 855 4341 885 4389; x_wconf 84' lang='lat'><strong>19</strong></span> <span class='ocrx_word' id='word_1_407' title='bbox 903 4339 1047 4404; x_wconf 81' lang='lat' dir='ltr'><strong>diptongon</strong></span> <span class='ocrx_word' id='word_1_408' title='bbox 1066 4341 1201 4406; x_wconf 80' lang='lat' dir='ltr'><strong>genetiuus</strong></span> <span class='ocrx_word' id='word_1_409' title='bbox 1220 4341 1358 4406; x_wconf 80' lang='lat' dir='ltr'><strong>singularis</strong></span> <span class='ocrx_word' id='word_1_410' title='bbox 1443 4342 1472 4389; x_wconf 73' lang='lat'><strong>22</strong></span> <span class='ocrx_word' id='word_1_411' title='bbox 1491 4339 1577 4389; x_wconf 84' lang='lat' dir='ltr'><strong>hisdem</strong></span> 
     </span>
    </p>
   </div>
   <div class='ocr_carea' id='block_1_4' title="bbox 299 4403 1578 4514">
    <p class='ocr_par' dir='ltr' id='par_1_6' title="bbox 299 4403 1578 4514">
     <span class='ocr_line' id='line_1_41' title="bbox 299 4403 1578 4514; baseline -0.004 -54"><span class='ocrx_word' id='word_1_412' title='bbox 299 4411 333 4460; x_wconf 82' lang='lat'><strong>24</strong></span> <span class='ocrx_word' id='word_1_413' title='bbox 351 4407 448 4472; x_wconf 78' lang='lat' dir='ltr'><strong>syllaba</strong></span> <span class='ocrx_word' id='word_1_414' title='bbox 466 4408 557 4457; x_wconf 85' lang='lat' dir='ltr'><strong>addidi</strong></span> <span class='ocrx_word' id='word_1_415' title='bbox 641 4408 675 4457; x_wconf 79' lang='lat'><strong>26</strong></span> <span class='ocrx_word' id='word_1_416' title='bbox 693 4407 731 4456; x_wconf 89' lang='lat' dir='ltr'><strong>uel</strong></span> <span class='ocrx_word' id='word_1_417' title='bbox 751 4407 775 4455; x_wconf 88' lang='lat' dir='ltr'><strong>io</strong></span> <span class='ocrx_word' id='word_1_418' title='bbox 795 4403 912 4472; x_wconf 84' lang='lat' dir='ltr'><strong>syllabis]</strong></span> <span class='ocrx_word' id='word_1_419' title='bbox 931 4407 996 4458; x_wconf 82' lang='lat' dir='ltr'><strong>Post</strong></span> <span class='ocrx_word' id='word_1_420' title='bbox 1012 4407 1076 4458; x_wconf 82' lang='lat' dir='ltr'><strong>duee</strong></span> <span class='ocrx_word' id='word_1_421' title='bbox 1092 4410 1257 4514; x_wconf 57' lang='lat' dir='ltr'><strong>repetendoque</strong></span> <span class='ocrx_word' id='word_1_422' title='bbox 1272 4410 1387 4473; x_wconf 74' lang='lat' dir='ltr'><strong>sortasse</strong></span> <span class='ocrx_word' id='word_1_423' title='bbox 1405 4411 1428 4458; x_wconf 91' lang='lat' dir='ltr'><strong>in</strong></span> <span class='ocrx_word' id='word_1_424' title='bbox 1446 4408 1540 4462; x_wconf 81' lang='lat' dir='ltr'><strong>litteris.</strong></span> <span class='ocrx_word' id='word_1_425' title='bbox 1558 4411 1578 4456; x_wconf 85' lang='lat' dir='ltr'><strong>et</strong></span> 
     </span>
     <span class='ocr_line' id='line_1_42' title="bbox 1214 4485 1237 4513; baseline 0 0"><span class='ocrx_word' id='word_1_426' title='bbox 1214 4485 1237 4513; x_wconf 70' lang='lat'><strong>05</strong></span> 
     </span>
    </p>
   </div>
   <div class='ocr_carea' id='block_1_5' title="bbox 299 4519 1577 4780">
    <p class='ocr_par' dir='ltr' id='par_1_7' title="bbox 299 4519 1577 4780">
     <span class='ocr_line' id='line_1_43' title="bbox 300 4519 1577 4592; baseline -0.005 -14"><span class='ocrx_word' id='word_1_427' title='bbox 300 4543 376 4578; x_wconf 84' lang='lat' dir='ltr'><strong>uersu</strong></span> <span class='ocrx_word' id='word_1_428' title='bbox 393 4529 509 4592; x_wconf 78' lang='lat' dir='ltr'><strong>sequenti</strong></span> <span class='ocrx_word' id='word_1_429' title='bbox 525 4533 584 4576; x_wconf 77' lang='lat' dir='ltr'><strong>orate</strong></span> <span class='ocrx_word' id='word_1_430' title='bbox 603 4527 627 4574; x_wconf 92' lang='lat' dir='ltr'><strong>in</strong></span> <span class='ocrx_word' id='word_1_431' title='bbox 647 4526 774 4591; x_wconf 85' lang='lat' dir='ltr'><strong>passiuis:</strong></span> <span class='ocrx_word' id='word_1_432' title='bbox 795 4527 820 4573; x_wconf 93' lang='lat' dir='ltr'><strong>in</strong></span> <span class='ocrx_word' id='word_1_433' title='bbox 839 4524 945 4590; x_wconf 84' lang='lat' dir='ltr'><strong>syllabis</strong></span> <span class='ocrx_word' id='word_1_434' title='bbox 1013 4527 1046 4577; x_wconf 81' lang='lat'><strong>28</strong></span> <span class='ocrx_word' id='word_1_435' title='bbox 1065 4527 1114 4577; x_wconf 87' lang='lat' dir='ltr'><strong>iste</strong></span> <span class='ocrx_word' id='word_1_436' title='bbox 1183 4530 1216 4579; x_wconf 82' lang='lat'><strong>30</strong></span> <span class='ocrx_word' id='word_1_437' title='bbox 1234 4527 1276 4577; x_wconf 86' lang='lat' dir='ltr'><strong>illa</strong></span> <span class='ocrx_word' id='word_1_438' title='bbox 1339 4543 1404 4590; x_wconf 89' lang='lat' dir='ltr'><strong>quoe</strong></span> <span class='ocrx_word' id='word_1_439' title='bbox 1422 4519 1577 4586; x_wconf 83' lang='lat' dir='ltr'><strong>rationabilis]</strong></span> 
     </span>
     <span class='ocr_line' id='line_1_44' title="bbox 299 4591 1577 4661; baseline -0.005 -15"><span class='ocrx_word' id='word_1_440' title='bbox 299 4597 364 4661; x_wconf 72' lang='lat' dir='ltr'><strong>fort.</strong></span> <span class='ocrx_word' id='word_1_441' title='bbox 383 4605 408 4645; x_wconf 86' lang='lat' dir='ltr'><strong>et</strong></span> <span class='ocrx_word' id='word_1_442' title='bbox 425 4609 503 4657; x_wconf 79' lang='lat' dir='ltr'><strong>quare</strong></span> <span class='ocrx_word' id='word_1_443' title='bbox 527 4593 611 4660; x_wconf 86' lang='lat' dir='ltr'><strong>prims</strong></span> <span class='ocrx_word' id='word_1_444' title='bbox 634 4603 673 4643; x_wconf 90' lang='lat' dir='ltr'><strong>est</strong></span> <span class='ocrx_word' id='word_1_445' title='bbox 694 4593 754 4643; x_wconf 84' lang='lat' dir='ltr'><strong>illa?</strong></span> <span class='ocrx_word' id='word_1_446' title='bbox 791 4591 864 4652; x_wconf 81' lang='lat' dir='ltr'><strong>Qriod</strong></span> <span class='ocrx_word' id='word_1_447' title='bbox 882 4593 1039 4643; x_wconf 85' lang='lat' dir='ltr'><strong>rationabilia</strong></span> <span class='ocrx_word' id='word_1_448' title='bbox 1058 4603 1097 4644; x_wconf 84' lang='lat' dir='ltr'><strong>est</strong></span> <span class='ocrx_word' id='word_1_449' title='bbox 1183 4598 1214 4646; x_wconf 87' lang='grc'><strong>31</strong></span> <span class='ocrx_word' id='word_1_450' title='bbox 1234 4595 1259 4645; x_wconf 93' lang='lat' dir='ltr'><strong>id</strong></span> <span class='ocrx_word' id='word_1_451' title='bbox 1278 4595 1392 4646; x_wconf 84' lang='lat' dir='ltr'><strong>uooolero</strong></span> <span class='ocrx_word' id='word_1_452' title='bbox 1472 4595 1505 4644; x_wconf 87' lang='grc'><strong>33</strong></span> <span class='ocrx_word' id='word_1_453' title='bbox 1522 4607 1577 4654; x_wconf 87' lang='lat' dir='ltr'><strong>quae</strong></span> 
     </span>
     <span class='ocr_line' id='line_1_45' title="bbox 300 4659 1577 4780; baseline -0.004 -69"><span class='ocrx_word' id='word_1_454' title='bbox 300 4663 439 4780; x_wconf 60' lang='lat' dir='ltr'><strong>piqppqqdam</strong></span> <span class='ocrx_word' id='word_1_455' title='bbox 508 4664 581 4713; x_wconf 87' lang='lat' dir='ltr'><strong>tertia</strong></span> <span class='ocrx_word' id='word_1_456' title='bbox 599 4677 665 4724; x_wconf 85' lang='lat' dir='ltr'><strong>qnae</strong></span> <span class='ocrx_word' id='word_1_457' title='bbox 749 4664 782 4714; x_wconf 83' lang='lat'><strong>34</strong></span> <span class='ocrx_word' id='word_1_458' title='bbox 799 4661 1008 4727; x_wconf 84' lang='lat' dir='ltr'><strong>coniugationnm</strong></span> <span class='ocrx_word' id='word_1_459' title='bbox 1026 4671 1141 4728; x_wconf 87' lang='lat' dir='ltr'><strong>tempore</strong></span> <span class='ocrx_word' id='word_1_460' title='bbox 1160 4677 1291 4715; x_wconf 85' lang='lat' dir='ltr'><strong>numerum</strong></span> <span class='ocrx_word' id='word_1_461' title='bbox 1378 4665 1411 4716; x_wconf 81' lang='lat'><strong>35</strong></span> <span class='ocrx_word' id='word_1_462' title='bbox 1432 4659 1469 4711; x_wconf 86' lang='lat' dir='ltr'><strong>uel</strong></span> <span class='ocrx_word' id='word_1_463' title='bbox 1491 4661 1577 4724; x_wconf 86' lang='lat' dir='ltr'><strong>syllaba</strong></span> 
     </span>
    </p>
   </div>
   <div class='ocr_carea' id='block_1_6' title="bbox 0 0 1711 5444">
    <p class='ocr_par' dir='ltr' id='par_1_8' title="bbox 0 0 1711 5444">
     <span class='ocr_line' id='line_1_46' title="bbox 0 0 1711 5444; baseline 0 0"><span class='ocrx_word' id='word_1_464' title='bbox 0 0 1711 5444; x_wconf 95' lang='lat' dir='ltr'><strong> </strong></span> 
     </span>
    </p>
   </div>
  </div>
 </body>
</html>
