3390 5444
321 296 383 362 154
771 295 895 348 senen
913 295 1191 349 surosrrrouns.

320 487 399 564 ‘lego
416 485 527 564 legor’;
551 493 580 546 at
596 491 697 546 contra
714 483 829 546 sublata
853 502 868 544 r
889 481 1017 544 redeunt
1038 483 1067 542 in
1092 483 1197 544 aetina.
1243 482 1285 545 Ab
1308 483 1424 562 agendo
1446 483 1600 546 dictasunt

319 589 425 655 aetina,
449 606 465 647 a
488 586 627 666 patiendo
648 587 775 665 passiua.
814 584 887 645 Nam
909 602 1009 663 neque
1031 585 1127 645 aetina
1150 603 1215 646 esse
1237 594 1373 665 possunt,
1397 603 1474 665 quae
1495 587 1598 667 passius

320 709 377 751 non
402 691 525 762 iaciunt,
550 704 648 765 neque
670 689 804 768 passion,
828 705 904 767 quae
927 688 955 747 in
979 688 1076 748 actiua
1099 703 1160 747 non
1182 686 1317 748 redeunt.
1363 686 1447 759 Quod
1469 689 1495 748 si
1516 686 1597 768 aliqua

318 809 353 851 ex
376 789 448 870 ipsis
471 807 529 850 non
553 789 688 859 iecerint,
711 789 770 850 iam
792 796 896 848 neutra
920 787 1073 858 dicuntur,
1096 795 1128 850 ut
1150 797 1220 868 puta
1243 790 1348 865 ‘nato'‚
1371 790 1449 868 quod
1469 807 1527 850 non
1542 790 1598 852 lacit

318 894 439 960 ‘nator’,
457 898 595 952 nentrum
612 898 666 952 est.
697 890 841 968 ‘Loquor’
856 899 966 968 autem,
978 891 1060 966 quod
1072 907 1132 950 non
1147 889 1263 971 ‘loquo'
1277 891 1355 961 iacit,
1372 889 1525 970 deponens
1540 889 1615 952 dici-s

318 1003 375 1054 tur.
419 992 471 1054 llla
495 994 574 1054 enim
597 990 690 1053 uerba
714 989 859 1054 neutralia
882 991 1047 1053 actiuorum
1069 992 1196 1052 sormam
1222 999 1404 1070 sequnntur,
1420 978 1597 1072 'deponentia

318 1096 512 1175 passiuorum.
554 1094 607 1155 Est
629 1095 717 1155 etiam
740 1091 876 1162 uerbum,
900 1092 978 1173 qnod
1002 1110 1159 1154 commune
1181 1093 1300 1163 dicitnr,
1323 1092 1401 1174 quod
1426 1103 1597 1173 elegantem

318 1204 346 1257 et
380 1197 541 1276 patientem
574 1195 719 1273 significat
746 1202 775 1255 et
802 1211 891 1255 unam
926 1194 1154 1256 declinationem
1188 1195 1335 1274 passiuam
1364 1202 1478 1258 tantum
1507 1193 1596 1256 babet:

316 1297 449 1360 ‘osculor
464 1297 629 1366 criminor';
653 1295 770 1376 qnando
786 1295 852 1357 dico
868 1295 1019 1367 ‘osculor’,
1036 1305 1066 1358 et
1080 1304 1217 1376 agentem
1233 1305 1263 1358 et
1283 1299 1445 1376 patientem
1463 1298 1598 1377 significo:

317 1399 450 1462 ‘osculor
466 1403 517 1469 te’,
541 1398 670 1460 ‘osculor
685 1417 701 1459 a
717 1399 768 1458 te’.
800 1397 836 1458 n
857 1396 937 1458 unde
959 1397 1176 1460 discernimus?
1199 1396 1333 1460 Casibus.
1369 1399 1401 1460 Si
1424 1401 1502 1462 enim
1525 1417 1624 1460 acco-u

317 1504 446 1564 setinum
469 1503 591 1580 iungas,
615 1501 730 1580 agentis
753 1501 828 1569 erit,
852 1499 875 1559 si
899 1498 1078 1571 ablatiuom,
1102 1501 1250 1579 patientis.

401 1604 443 1665 [le
465 1602 607 1664 numeris.
652 1600 801 1663 Numerus
822 1599 991 1679 singularis,
1014 1612 1048 1664 ut
1070 1600 1151 1680 lego,
1174 1599 1312 1682 pluralis,
1337 1609 1369 1663 ut
1391 1601 1528 1680 legimus.

401 1706 508 1784 Figura
532 1702 657 1783 simplex
681 1711 726 1765 est
748 1710 800 1764 aut
822 1703 989 1782 conposita,
1013 1711 1044 1763 nt
1066 1702 1133 1780 lego
1157 1702 1292 1781 neglego.

400 1807 550 1886 Tempora
574 1805 596 1866 V
617 1800 629 1886 ΙΙ
651 1803 671 1866 l.
690 1799 766 1865 146·
787 1801 798 1886 l
821 1804 852 1864 in
878 1803 992 1868 uerbis:
1022 1821 1164 1884 praesens
1193 1807 1387 1884 praeteritum
1415 1805 1598 1882 inperfectum

316 1910 482 1991 perlectum
510 1915 539 1968 et
566 1904 887 1986 plusquamperfectum
916 1906 1057 1967 futurum.
1103 1906 1264 1974 Praesens,
1294 1905 1372 1983 quod
1396 1907 1506 1984 agitur,
1534 1905 1627 1984 tegas

316 2009 530 2090 inperfectum,
554 2006 633 2088 qnod
654 2006 797 2085 agebatur
819 2006 953 2087 quidem,
976 2008 1030 2070 sed
1051 2007 1224 2088 conpletum
1246 2026 1305 2069 non
1328 2014 1388 2079 est,
1412 2017 1444 2069 nt
1465 2006 1598 2086 legebam.

316 2110 500 2180 Perfectum,
530 2109 608 2188 quod
637 2108 724 2188 paulo
747 2116 814 2170 ante
836 2107 1008 2189 conpletum
1030 2117 1089 2179 est,
1119 2117 1152 2170 nt
1174 2108 1248 2186 legi;
1276 2108 1598 2190 plusquamperfectum,

315 2215 398 2288 qood
418 2211 489 2273 olim
512 2209 681 2291 conpletum
705 2219 763 2281 cst,
790 2219 822 2271 ut
843 2209 989 2288 legeram;
1013 2211 1163 2281 futurum,
1186 2210 1264 2291 qnod
1287 2211 1428 2281 inminet,
1450 2218 1483 2272 nt
1504 2210 1598 2289 legam.

401 2313 548 2375 Personae
570 2323 639 2375 sunt
661 2320 735 2388 tres,
759 2312 825 2393 lego
848 2313 924 2393 legis
945 2310 1017 2390 legit
1038 2310 1163 2390 legimns
1185 2310 1283 2391 legitis
1303 2311 1416 2390 legunt.

828 2497 877 2560 DE
898 2497 1096 2561 ADVERBIO.
1610 2513 1629 2551 n

399 2616 582 2680 Aduerbinm
610 2626 751 2698 estpars
779 2619 935 2689 orationis,
965 2635 1040 2699 quae
1062 2616 1234 2695 adiungitur
1257 2615 1360 2677 uerbo.
1407 2616 1476 2678 ldco
1500 2616 1600 2678 dictum

315 2717 506 2789 aduerbium,
530 2719 610 2797 quod
632 2720 696 2780 sine
719 2719 813 2781 uerbo
836 2737 995 2798 numquam
1019 2725 1217 2798 potestesse,
1242 2725 1274 2779 ut
1297 2727 1366 2799 puta
1390 2721 1481 2779 ‘cras’
1505 2717 1602 2780 adner-

316 2819 411 2892 bium,
435 2822 505 2882 item
530 2820 654 2892 ‘bodie'‚
679 2822 730 2882 sed
753 2820 826 2882 nibil
849 2839 903 2901 per
926 2840 957 2882 se
979 2822 1139 2900 significat,
1169 2821 1225 2880 nisi
1248 2819 1338 2882 addas
1361 2819 1488 2882 uerbum
1512 2821 1600 2888 etiam.

315 2930 455 3002 utputa:
478 2925 556 2983 ‘cras
577 2922 707 2992 laciam',
731 2925 801 2984 ‘iam
825 2923 948 2992 dicam';
971 2923 1039 2985 dico
1063 2923 1142 2983 enim
1158 2929 1187 2982 et
1201 2922 1279 2986 lacio
1296 2921 1387 2984 uerba
1404 2931 1484 2984 sunt.
1529 2922 1601 3000 Ergo

314 3023 393 3104 quod
416 3041 578 3104 numquam
601 3017 665 3085 sine
688 3023 796 3094 uerbo,
820 3024 932 3085 dictum
955 3032 1000 3084 est
1021 3021 1205 3084 aduerbium.
1612 3036 1630 3074 a

399 3124 549 3187 Aduerbio
576 3123 715 3187 accidunt
735 3124 790 3201 itt,
820 3125 996 3204 significatio
1024 3125 1195 3203 conparatio
1223 3126 1327 3204 ligura.
1371 3125 1602 3206 significationes

314 3225 425 3289 multae
441 3235 520 3297 sunt,
543 3245 615 3306 quas
638 3226 783 3290 babemus
804 3229 841 3288 in
857 3235 946 3288 arte.
984 3226 1059 3286 Sunt
1081 3227 1160 3286 enim
1183 3224 1323 3288 adocrbia
1346 3226 1404 3288 loci
1428 3227 1476 3288 bio
1497 3226 1602 3288 illicet

314 3331 412 3392 omnia
435 3319 500 3398 ritaj
524 3346 599 3408 quae
621 3335 691 3390 sunt
711 3330 747 3391 in
770 3336 860 3390 arte.

398 3431 623 3511 conparationis
656 3430 693 3490 lll
726 3411 796 3492 saint
827 3430 951 3507 gradus:
986 3429 1132 3508 positiuus
1165 3432 1378 3509 conparatinus
1409 3429 1602 3510 superlatiuus

320 3580 412 3595 .....
432 3531 511 3613 quod
535 3550 568 3592 ea
591 3530 746 3602 aduerbia,
769 3550 846 3612 quae
868 3532 1108 3611 conparationem
1132 3531 1288 3611 recipiunt,
1312 3534 1341 3594 in
1364 3533 1493 3613 positiuo
1515 3531 1630 3611 maduo

313 3636 386 3696 duas
408 3632 527 3712 regulas
549 3632 673 3704 babent,
690 3635 727 3694 in
750 3634 941 3713 conparatiuo
965 3649 1069 3702 arnam,
1092 3633 1122 3692 in
1145 3631 1327 3713 superlatino
1350 3652 1449 3695 unam.

399 3735 430 3796 ln
455 3735 583 3813 positino
606 3735 707 3796 autin
730 3753 746 3794 e
770 3742 879 3796 exeunt
900 3741 951 3795 aut
973 3734 1002 3794 in
1025 3753 1057 3803 r;
1080 3735 1111 3794 in
1134 3752 1165 3805 e,
1190 3742 1222 3794 ut
1244 3734 1330 3796 docte
1353 3736 1449 3802 clare;
1473 3737 1505 3796 in
1527 3755 1552 3804 r,
1574 3743 1601 3795 ut

313 3835 449 3899 dociliter
472 3836 605 3898 faciliter.
652 3835 866 3917 Conparatiuus
887 3838 918 3897 in
942 3853 985 3904 us,
1010 3842 1043 3896 ut
1064 3834 1189 3896 docilius
1210 3835 1326 3897 facilius
1348 3835 1456 3898 clarius
1480 3837 1601 3899 celerius

313 3936 493 4018 etreliqua.
544 3935 750 4018 Superlatinus
777 3941 838 4000 exit
865 3941 895 4000 in
924 3957 953 4008 e,
984 3945 1016 3998 nt
1043 3936 1213 3998 doctissime
1240 3936 1500 4000 excellentissimo.
1549 3937 1600 4000 Sed

313 4041 448 4112 dicimus,
472 4037 550 4119 quod
574 4040 702 4121 positino
726 4040 799 4102 dnae
823 4039 944 4120 regulae
959 4049 1045 4101 saint:
1068 4039 1229 4120 quaeritur,
1253 4039 1372 4119 quando
1394 4041 1425 4102 in
1446 4059 1463 4100 e
1487 4047 1630 4110 exeunte

313 4141 431 4219 qnando
458 4143 490 4201 in
514 4160 543 4211 r,
572 4149 604 4202 nt
631 4142 665 4202 in
695 4148 774 4203 arte
802 4141 962 4205 secunda
991 4142 1126 4203 Donati
1154 4139 1306 4202 babemus.
1352 4141 1435 4214 Quae
1462 4141 1599 4205 adnerbia

380 4391 529 4459 eiecerint]
555 4393 649 4445 iruerint
733 4397 840 4460 bquod
863 4397 953 4448 addidi
1019 4395 1081 4446 iacit
1096 4395 1124 4444 t'n
1140 4411 1221 4461 uterq.
1307 4394 1497 4462 daetiunmm]
1517 4412 1598 4460 aeque,

309 4478 443 4530 suprascr.
461 4476 568 4526 aequam
638 4465 749 4515 laterbe
809 4465 872 4515 8m
889 4479 965 4524 unam
1018 4465 1049 4514 te
1068 4465 1167 4513 numeri
1183 4463 1322 4529 singularis
1392 4465 1598 4532 inconpositum

313 4535 345 4583 14
363 4545 469 4598 presens
487 4531 635 4596 preteritum
705 4535 736 4583 15
755 4547 860 4598 presens
931 4535 962 4582 ln
980 4542 1007 4582 ut
1024 4528 1151 4596 legebam]
1171 4533 1226 4584 Pro
1242 4533 1290 4583 boe
1306 4533 1334 4581 in
1351 4535 1407 4586 cod.
1423 4530 1598 4583 dabetnrcon-

312 4633 381 4698 plere
399 4633 530 4683 lectionem
602 4633 634 4684 18
651 4634 721 4696 qnod
739 4640 798 4684 ante
817 4633 875 4682 olim
894 4635 986 4684 addidi
1040 4607 1152 4698 leger}m
1222 4636 1255 4685 29
1273 4629 1457 4700 superlaudans]
1478 4635 1545 4686 Post
1559 4634 1599 4685 dcc

312 4701 413 4751 umbem
430 4703 541 4758 excidit,
560 4709 587 4751 ut
605 4701 743 4752 inomandum
762 4707 804 4754 uel
819 4703 951 4752 sciendam
969 4704 1010 4752 net
1026 4703 1094 4752 scies
1112 4703 1154 4754 nel
1169 4702 1249 4752 simile
1266 4702 1335 4768 quid.
1419 4703 1453 4752 30
1476 4704 1598 4769 possitiuo

312 4771 343 4819 31
363 4767 439 4817 babet
506 4769 539 4819 ild
558 4767 660 4834 Donati]
680 4769 716 4832 cs.
732 4787 760 4835 p.
781 4772 843 4833 380,
880 4775 895 4821 1
