3400 5450
544 359 548 370 ’
640 399 851 454 seruauere.
1354 400 1396 463 65
1463 408 1467 415 ·

177 588 370 668 Propriorum
400 588 555 649 nominum
584 596 656 665 quot
682 596 751 649 suot
783 587 918 667 speciosi
964 588 1118 659 Quattuor.
1162 588 1261 659 Quael
1304 588 1394 650 Prac-

98 707 202 751 nomen
226 707 336 752 nomen
359 707 711 768 cognomen'agnomcn,
736 695 768 750 ut
790 688 915 751 Publius
930 685 1087 752 Cornelius
1110 687 1208 770 Scipio
1231 690 1396 751 Africanus.

96 791 176 873 Apud
192 792 331 854 Graecos
354 798 452 854 autern
475 792 667 871 propriorum
690 792 844 852 nominum
860 791 936 853 duac
950 792 1166 872 suntspecies,
1190 791 1266 854 idest
1286 807 1395 870 cogno·

98 912 161 956 men
190 900 221 955 et
249 911 413 972 agnomen,
442 893 500 954 hoc
522 900 567 952 est
594 910 722 972 persona
745 901 775 954 ει
795 902 888 955 aetus.
933 893 1120 956 Praenomcn
1149 911 1241 972 quare
1269 894 1397 956 dicitur?

74 995 137 1058 allo
159 996 239 1076 quod
262 997 379 1057 nomini
400 995 608 1076 praeponitur,
632 1002 665 1056 ut
679 994 803 1057 Publius
819 994 983 1057 Cornelius.
1021 996 1156 1078 Primum
1175 998 1254 1058 enim
1277 995 1396 1074 quando

97 1099 158 1178 quis
178 1098 322 1168 nascitur,
345 1114 528 1176 praenomen
550 1096 637 1158 datur
655 1098 697 1167 ei,
721 1097 774 1158 sed
796 1115 958 1177 numquam
981 1115 1071 1160 seruo
1093 1105 1143 1158 aut
1164 1095 1288 1177 ignobili
1310 1115 1396 1176 prae-

96 1200 257 1260 nominatio
284 1200 381 1271 datur,
410 1199 478 1277 quia
506 1198 542 1259 de
565 1217 599 1260 re
622 1197 719 1278 aliqua
748 1198 900 1276 dignitatis
928 1200 1093 1278 inponitur,
1123 1199 1179 1261 boc
1207 1199 1337 1273 estsine
1359 1199 1397 1260 de

97 1300 249 1362 nobilitate
271 1300 320 1363 uel
343 1301 380 1362 de
402 1299 536 1362 claritate
558 1318 740 1380 praenomen
764 1303 928 1380 inponitur.
965 1299 1053 1360 Verbi
1075 1303 1170 1379 gratia
1193 1301 1301 1362 Lucius
1323 1300 1396 1361 dici·

97 1411 142 1464 tur
165 1421 201 1465 eo
224 1403 303 1483 quod
331 1404 452 1468 scientia
483 1401 592 1473 luceat,
623 1410 653 1463 et
679 1404 722 1462 sic
745 1401 871 1464 Publius
894 1401 1010 1472 dicitur,
1041 1420 1077 1462 eo
1104 1402 1183 1482 quod
1213 1401 1396 1483 reipublicae

65 1505 200 1584 indignus
223 1507 271 1566 sit.
316 1505 502 1567 Praenumen
525 1520 598 1582 ergo
620 1505 740 1584 optione
762 1511 921 1584 parentum
943 1505 1106 1585 inponitur,
1130 1507 1179 1586 qui
1202 1512 1305 1584 optant
1327 1503 1396 1564 iuliis

95 1608 163 1677 suis,
186 1615 221 1668 ut
241 1607 390 1687 sapientes
413 1614 443 1666 ει
464 1605 536 1666 clari
558 1613 589 1666 et
609 1603 792 1686 reipublicae
815 1605 896 1684 digni
919 1607 1121 1672 inueniantur.
1153 1604 1205 1668 Vel
1220 1606 1287 1667 ideo
1309 1623 1396 1687 prae·

97 1725 202 1770 nomen
225 1707 342 1778 dicitur,
367 1726 403 1768 eo
425 1707 504 1787 quod
529 1706 653 1786 siugulis
673 1707 782 1768 litteris
803 1715 1012 1787 praenotatur:
1051 1708 1213 1788 aliquando
1235 1710 1314 1768 enim
1336 1726 1394 1769 unu

95 1810 206 1882 littera,
230 1809 388 1890 aliquando
411 1808 497 1880 bina,
528 1808 687 1889 aliquando
710 1816 810 1880 terna,
840 1807 998 1887 aliquando
1024 1817 1168 1890 quaterna
1190 1810 1288 1872 littera
1310 1829 1396 1891 prac-

96 1920 222 1974 notatur.
267 1911 343 1972 lliuc
373 1910 537 1972 bonatus
569 1911 655 1972 dicit:
691 1911 821 1974 Omnia
854 1913 1099 1991 praenomina
1137 1919 1198 1974 aut
1234 1911 1398 1991 singulis

64 2013 240 2075 alitteris
267 2020 558 2094 praenotantur,
588 2021 626 2074 ut
648 2012 672 2074 G
696 2013 811 2074 Gaius
833 2013 985 2084 Cacsar,
1014 2015 1037 2075 L
1060 2013 1197 2075 Lurius
1220 2012 1394 2084 Catilina,

95 2113 293 2177 PPnblius
320 2114 539 2185 Cornelium
568 2122 631 2177 aut
658 2113 761 2176 binis
788 2114 937 2176 litteris
964 2124 1254 2194 praenotantur,
1284 2125 1324 2177 ut
1345 2117 1394 2178 Gn

96 2218 242 2278 Gnaeus
264 2218 479 2298 Pompeius,
502 2201 565 2278 aut
586 2218 706 2278 ternis
728 2216 873 2278 litteris
896 2225 1183 2296 praenotantur,
1213 2226 1251 2278 ut
1273 2216 1394 2297 Semp.

95 2319 160 2380 hoc
181 2325 237 2380 cst
257 2319 502 2400 Sempronius
522 2317 692 2405 Roscius.
732 2317 789 2379 Sed
806 2318 884 2380 banc
904 2321 1079 2381 uarietatem
1095 2321 1214 2381 numeri
1229 2319 1405 2386 litterarum,

94 2420 211 2483 claritas
239 2422 327 2483 unius
356 2420 500 2501 cuiusque
527 2427 668 2498 praestat.
714 2419 770 2492 Qui
793 2421 872 2480 enim
895 2421 1017 2482 minime
1039 2421 1131 2483 luerit
1153 2419 1265 2494 clarus,
1295 2420 1395 2484 multis

62 2539 84 2578 to
96 2522 298 2604 praenotando
309 2522 423 2601 indiget
441 2521 562 2594 litteris,
588 2524 638 2600 qui
653 2539 726 2584 uero
740 2522 854 2583 cunctis
866 2528 955 2583 notus
973 2530 1004 2583 et
1022 2521 1119 2584 clarus
1138 2521 1274 2594 habetur,
1292 2524 1395 2603 paucis

94 2625 199 2687 litteris
222 2633 427 2706 praenotatur.
473 2624 588 2686 Nomen
611 2623 681 2705 quid
705 2625 769 2684 esti
804 2623 888 2696 Quod
912 2624 1023 2685 indicat
1040 2642 1148 2703 genus,
1172 2634 1205 2687 ut
1227 2624 1393 2688 Cornelius.

95 2727 221 2789 Cornelii
246 2730 327 2790 enim
350 2743 456 2787 omnes
476 2727 508 2787 in
531 2743 567 2786 eo
588 2744 700 2805 genere
722 2724 918 2807 appellantur,
942 2733 975 2788 ut
996 2726 1105 2788 dicitur
1120 2725 1258 2789 Cornelia
1273 2726 1392 2790 iamilia.

95 2828 249 2891 Cornelius
282 2831 361 2890 enim
394 2828 508 2908 primus
540 2828 587 2889 uir
614 2828 686 2911 luit,
720 2836 750 2888 ει
777 2847 855 2890 unus
882 2829 1009 2908 quisque
1037 2829 1074 2891 de
1102 2847 1212 2907 genere
1237 2831 1315 2900 eius,
1344 2832 1395 2910 qui

94 2930 247 2993 habuisset
275 2929 502 2992 similitudinem
528 2929 609 2992 illius
637 2931 668 2991 in
698 2929 774 2992 iacic
803 2938 853 2990 aut
880 2930 911 2990 in
935 2929 1078 2992 membris
1101 2929 1165 2992 aliis
1188 2932 1252 2994 siue
1273 2933 1304 2993 in
1327 2949 1392 2992 cor·

62 3048 179 3112 sapore,
210 3031 367 3095 Cornelius
394 3029 558 3094 dicebatur.
603 3032 774 3110 Cognomen
803 3049 896 3112 qnare
925 3032 1051 3095 dicitur?
1095 3035 1160 3106 Quo
1189 3035 1256 3112 quis
1284 3017 1394 3114 eogno-

94 3137 183 3197 soitur
206 3142 237 3195 et
259 3133 434 3216 appellatur.
479 3135 533 3196 Est
561 3135 640 3195 enim
668 3133 823 3214 proprium
848 3151 956 3195 nomen
979 3136 1066 3198 unius
1088 3137 1232 3216 cuiusque
1254 3136 1393 3206 bominis,

94 3245 125 3297 ut
152 3233 265 3317 Scipio.
316 3237 471 3314 Agnomen
505 3251 598 3314 quare
632 3234 758 3297 diciturl
805 3235 870 3298 lloc
902 3243 947 3298 est
975 3236 1012 3300 ab
1041 3245 1109 3299 actu
1136 3241 1221 3316 quasi
1250 3238 1395 3300 accedens

94 3355 210 3400 nomen.
258 3336 370 3409 Quibus
398 3337 494 3400 modis
522 3337 631 3400 dicitur
658 3334 669 3420 ΙΙ
685 3338 706 3399 l.
722 3333 782 3399 80l
798 3333 812 3419 ΙΙ
837 3341 1001 3416 agnomen?
1045 3338 1155 3402 Tribus
1177 3338 1287 3410 modis,
1316 3339 1396 3400 idest

94 3439 128 3501 ab
149 3441 250 3502 animo
273 3457 289 3500 a
312 3456 439 3518 corpore
461 3440 657 3503 extrinsecus.
691 3437 736 3501 Ab
759 3441 871 3511 auimo,
896 3449 928 3501 ut
950 3442 1168 3520 ‘magnanimus
1188 3439 1393 3504 Anchisiades’

61 3542 188 3605 edictus
204 3552 252 3604 εει
265 3543 396 3612 Aeneas,
419 3539 496 3603 illius
509 3541 673 3611 Anchisae,
697 3543 765 3619 quia
788 3541 897 3602 lortcm
918 3549 948 3604 et
969 3541 1100 3622 regalem
1123 3544 1255 3604 animum
1279 3541 1392 3606 babuit

93 3645 114 3704 A
138 3661 283 3725 corpore,
311 3649 344 3704 ut
371 3642 463 3704 lulius
490 3642 620 3704 Pulcher
647 3649 677 3702 ει
703 3642 827 3705 Ouidius
845 3631 948 3715 Naso,
978 3663 1014 3706 co
1041 3645 1119 3725 quod
1147 3663 1236 3707 nares
1264 3645 1393 3724 grandes

92 3744 200 3807 babuit
248 3745 444 3806 Extrinsecus
473 3762 621 3824 agnomen
650 3744 771 3820 dicitur,
801 3751 835 3805 ut
862 3743 999 3807 Tenedos
1025 3745 1116 3808 Diues
1143 3747 1240 3808 dictus
1268 3754 1327 3818 est,
1357 3765 1393 3808 eo

93 3847 168 3926 quod
202 3847 325 3910 diuitias
353 3844 461 3907 multas
488 3845 605 3908 babuit:
639 3847 825 3908 extrinsecus
854 3848 932 3910 enim
962 3848 1082 3910 diuitiae
1111 3857 1190 3910 sunt.
1239 3850 1391 3929 Agnomen

93 3967 160 4028 ergo
183 3948 221 4011 ab
245 3956 316 4012 aotu
338 3947 460 4020 dicitur,
489 3955 523 4010 ut
544 3949 702 4011 Africanus
724 3948 820 4010 dictus
844 3957 889 4010 est
911 3949 1011 4031 Scipio
1033 3950 1137 4012 consul
1159 3950 1327 4021 Romanus,
1357 3967 1392 4013 eo

61 4051 169 4131 ³⁶un
189 4052 321 4115 Airicam
349 4052 431 4114 uicit.
475 4049 538 4112 llac
565 4067 638 4128 ergo
666 4056 804 4129 quattuor
831 4051 946 4128 speeies
974 4068 1034 4112 nou
1058 4051 1197 4114 omnihus
1218 4049 1392 4113 hominibus

94 4153 176 4216 simul
205 4153 355 4216 accidunt.
399 4150 564 4232 Aliquando
591 4153 671 4213 enim
694 4169 752 4212 una
774 4152 891 4232 species
913 4153 1036 4224 accidit,
1066 4154 1124 4217 boc
1146 4147 1193 4218 est
1215 4171 1391 4234 cognomen,

156 4361 170 4409 1
188 4357 358 4424 Propriorum
375 4351 589 4422 neminemne]
613 4350 792 4405 Praemittitur
813 4356 900 4405 titulus
920 4355 1014 4406 litterta
1039 4356 1181 4409 marecolis
1206 4359 1333 4425 scriptus:
1359 4358 1392 4408 de

94 4427 224 4492 speciebus
244 4435 365 4488 quattuor
382 4425 544 4491 propriorum
563 4424 706 4477 nominum.
741 4421 811 4485 quod
845 4436 987 4488 pronomen
1040 4425 1195 4477 hcornilius
1264 4429 1391 4494 bgrecus

154 4495 204 4544 dae
273 4489 352 4545 anot
403 4506 544 4559 prenomen
629 4489 785 4543 boornilius
866 4491 1028 4558 erepublica
1102 4494 1132 4543 11
1151 4494 1289 4560 reipublice
1359 4495 1391 4543 14

93 4559 215 4629 Donatus]
233 4577 264 4628 p.
274 4565 339 4622 att,
350 4563 383 4612 10
436 4562 467 4613 15
485 4565 662 4627 praenotatam·
713 4573 786 4609 cesar
837 4560 967 4609 cantilena
1036 4560 1068 4610 16
1085 4562 1216 4625 cornilius,
1235 4565 1272 4613 rio
1289 4577 1391 4628 semper

154 4646 171 4681 n
189 4645 236 4698 gn.
255 4645 352 4696 genem
439 4631 470 4680 17
487 4639 533 4679 aut
555 4629 634 4682 torma
658 4627 748 4678 litteris
766 4624 963 4695 praenotantur]
982 4627 1047 4679 Post
1064 4629 1127 4680 hoec
1144 4633 1237 4681 lacuna
1253 4632 1392 4682 statuendo

93 4705 141 4748 ert:
156 4715 215 4750 m
233 4701 304 4765 meod
318 4699 435 4765 nequibo
451 4699 617 4763 pm‘adigmo,
636 4697 673 4748 od
689 4702 840 4764 quaternam
857 4698 968 4747 litteram
983 4697 1105 4761 pertinet.
1158 4699 1190 4750 19
1208 4708 1306 4764 prestat
1356 4699 1392 4748 24

92 4767 201 4818 abnirset
255 4765 316 4817 latia
383 4767 417 4817 29
434 4766 607 4833 magnanimis
625 4763 793 4816 anelriseades
862 4767 896 4817 80
913 4765 1000 4815 aenias
1063 4765 1169 4872 bnbhise
1237 4770 1268 4819 at
1288 4766 1392 4818 nitidius

1085 4843 1099 4871 ll

93 4899 165 4936 nasse
233 4887 268 4937 35
285 4885 317 4936 be
386 4901 437 4936 nun
456 4879 588 4952 omnibns]
608 4884 755 4935 nominibus
824 4885 858 4936 36
876 4885 1000 4936 accedunt
1068 4885 1168 4952 speeies

115 4984 209 5028 itm
221 4994 276 5026 nan.
289 4985 371 5028 suarm
1172 4972 1189 5026 [r
