3412 5452
311 393 416 446 cmv
763 397 767 404 '
818 381 871 434 Du
891 381 1076 436 sntvmtto

306 581 388 633 recte
410 570 499 646 nictit,
523 570 558 634 to
576 567 648 645 pieri
669 571 752 632 nullo
773 573 862 632 modo
877 588 977 648 posse,
1002 578 1035 634 ut
1055 570 1137 647 inae,
1162 575 1244 648 quoa
1261 571 1295 634 in
1309 576 1377 636 coa.
1394 573 1486 638 Bern.
1509 580 1599 638 semel

306 677 351 751 (p.
377 681 441 748 107,
467 673 514 752 25)
538 672 686 750 scriptum
711 670 752 734 sit
773 671 939 748 ‘Flauius',
970 675 1028 736 iac
1053 672 1152 751 ipsum
1179 673 1245 736 eius
1269 676 1468 750 qrammatt'ci
1492 696 1597 740 nomen

301 776 399 848 faisse
419 777 630 849 concludatur,
655 773 729 851 qnia
750 777 865 838 duobus
886 774 961 838 loeis
982 774 1054 838 aliis
1076 778 1122 853 (p.
1146 782 1212 850 tot,
1237 783 1353 853 tots)
1377 777 1489 841 diserte
1511 782 1597 844 ‘Fla-

304 877 427 938 uianus'
454 880 566 952 leqt'tur
593 885 622 937 et
647 875 681 937 in
709 876 845 940 omnibus
871 876 998 955 insuper
1021 877 1308 953 qratnmoticormo,
1338 888 1481 956 quotquot
1501 884 1540 942 tte
1561 900 1599 944 ea

303 997 337 1040 re
358 987 474 1048 extent,
498 977 661 1057 excerptis.
708 979 811 1055 Neque
831 986 931 1041 tamen
953 977 1072 1052 dubito,
1101 979 1176 1057 quin
1203 998 1314 1042 renero
1336 981 1467 1044 Flauius
1489 983 1598 1046 Oleari-

302 1081 365 1143 sius
385 1079 606 1157 intellepenaus
627 1079 676 1156 sit,
700 1079 787 1142 coitu
807 1097 913 1142 nomen
935 1082 985 1142 uel
1006 1089 1170 1158 temporum
1191 1079 1311 1144 iniuria
1332 1085 1382 1144 uel
1403 1092 1436 1148 ut
1459 1103 1598 1161 couqrna

303 1187 452 1260 quaedum
475 1180 752 1245 notissimorum'in
780 1185 870 1244 reios
894 1181 1106 1258 qrammoticis
1134 1182 1285 1244 nominum
1306 1186 1508 1248 consonantia
1524 1205 1597 1264 per-

298 1289 455 1358 ficeretur,
483 1283 517 1346 in
545 1283 695 1346 Flauiani
717 1285 853 1358 sormam
880 1302 941 1346 non
968 1283 1067 1346 minus
1087 1287 1236 1348 detortmn
1258 1293 1315 1356 est,
1344 1303 1434 1363 quant
1462 1289 1597 1352 Maximi

309 1387 478 1465 Victorini,
513 1405 598 1463 quem
628 1385 856 1449 Maximianum
882 1385 978 1448 meolii
1004 1386 1076 1450 aeni
1101 1386 1237 1450 ltomines
1264 1391 1470 1465 appellauere.
1517 1391 1598 1463 nota

302 1493 384 1564 qood
403 1509 464 1552 non
487 1493 580 1552 solum
595 1487 777 1552 Ptnsciunus
793 1487 870 1550 artis
890 1487 1116 1564 prommatieae
1136 1497 1230 1566 eaput
1250 1467 1518 1570 olque‘ptineeps,
1543 1497 1598 1554 setl

291 1590 498 1654 'Omninianus
513 1609 640 1672 quoque,
666 1589 876 1661 Terentianus,
900 1590 1151 1666 Fortunatianus,
1178 1590 1376 1668 Papinianus,
1398 1593 1592 1670 Valerianus,

302 1692 459 1768 Iulianus,
489 1692 609 1769 reliqua
630 1692 897 1770 qrammatieorum
918 1696 1028 1755 coltors
1049 1696 1171 1768 eadem,
1202 1699 1236 1754 ut
1258 1695 1315 1756 ltoo
1342 1697 1490 1758 uocabulo
1512 1705 1594 1766 utar,

303 1795 455 1857 nominum
472 1795 637 1873 parilitate
657 1797 815 1872 pandent?
857 1796 980 1871 Itaque,
1010 1795 1039 1857 si
1065 1795 1120 1858 illo
1141 1794 1219 1857 ortis
1240 1796 1404 1859 tiernensis
1426 1814 1596 1876 anonymae

304 1901 370 1959 loco
392 1900 427 1959 ob
450 1895 596 1960 ‘Claudii'
619 1896 750 1960 nominis
760 1897 894 1971 sormam
911 1895 1085 1959 ‘Flauiani’
1108 1914 1215 1958 nomen
1229 1915 1250 1957 a
1263 1896 1394 1960 librario
1408 1897 1441 1960 in
1463 1899 1594 1961 ‘Flauii'

228 1987 231 1992 ’
299 2003 431 2075 fiqurom
453 2007 600 2061 mutatum
621 2007 674 2074 est,
699 2019 756 2061 cur
777 2017 837 2062 non
860 1998 940 2061 itlem
963 1997 1034 2064 olim
1045 1998 1165 2073 sactum
1179 2017 1242 2061 esse
1255 2009 1431 2076 statuamus,
1454 2009 1488 2062 ut
1511 2002 1594 2062 ‘Fla-

301 2101 381 2164 uius’
404 2103 439 2162 oi
462 2100 660 2163 ‘contutant’
682 2099 864 2178 praesertim
891 2099 1022 2163 nominis
1038 2099 1303 2178 propinquitatem
1325 2100 1359 2164 in
1382 2101 1594 2166 ‘Flauiamtm’

299 2199 483 2285 cederet?*)
530 2203 609 2275 nota
630 2207 751 2265 antem?
795 2205 874 2266 llam
888 2201 968 2265 illud
980 2219 1097 2280 quoqne
1111 2201 1247 2280 copitart'
1262 2209 1373 2281 potest,
1396 2203 1593 2275 Flauianum,

300 2323 384 2379 quern
409 2307 574 2368 Muellerus
595 2304 685 2381 quasi
705 2323 784 2367 noua
811 2306 942 2381 quodam
970 2307 1130 2382 splendore
1156 2303 1375 2382 circumdedit,
1404 2306 1498 2368 Pauli
1520 2306 1593 2368 Dia-

299 2405 370 2468 coni
396 2405 574 2484 moqistrum
602 2416 711 2470 octono
742 2410 864 2470 saeculo
892 2405 1040 2470 uiuentem
1073 2405 1156 2468 inter
1181 2405 1365 2470 scholiorum
1394 2408 1593 2471 Bernertst'nm

299 2517 437 2571 auctores
457 2508 559 2587 recipi
578 2509 733 2587 potuisset
776 2508 870 2586 Atqui
896 2517 978 2570 recte
1005 2507 1124 2570 llet'lius
1152 2505 1304 2584 scholion,
1335 2510 1419 2584 quael
1438 2511 1534 2572 ltaies
1554 2513 1596 2571 att

299 2612 365 2672 Ecl.
397 2613 448 2682 Vl,
474 2619 528 2672 62:
552 2613 683 2674 ‘muscus
704 2629 810 2674 nomen
832 2613 944 2672 ierltae
965 2609 1119 2673 nascentis
1140 2609 1173 2672 in
1201 2609 1317 2672 cortice
1338 2615 1387 2674 trel
1407 2611 1441 2674 in
1458 2611 1592 2689 pariete,

298 2723 330 2775 ut
352 2711 525 2778 Flauianus
546 2713 603 2776 ait’
626 2716 670 2775 ael
691 2711 864 2776 Oiarisium
888 2715 929 2791 (p.
948 2721 995 2789 32,
1014 2717 1047 2788 3)
1069 2711 1188 2774 rettulit
1208 2713 1311 2774 Herm.
1335 2716 1358 2774 l.
1380 2716 1402 2775 l.
1448 2715 1528 2776 llam
1541 2712 1594 2791 qui

299 2824 328 2876 et
349 2814 416 2892 ipse
437 2815 471 2878 in
493 2814 617 2878 seltoliis
638 2815 844 2878 Bonnensibus
864 2817 1013 2878 landatur
1034 2815 1132 2893 Asper
1151 2814 1388 2894 psammeticus,
1411 2833 1592 2894 quamquam
1696 2880 1697 2899 ¹

297 2920 390 2979 multo
411 2916 592 2981 recentioris
619 2916 752 2994 oriqinis
773 2925 834 2996 est,
862 2925 964 2979 tomen
991 2925 1078 2978 sento
1105 2933 1172 2978 emo
1194 2925 1267 2993 post
1295 2916 1445 2980 Christian
1472 2921 1593 2980 saeculo

296 3021 381 3080 iana
401 3023 495 3082 multo
515 3019 714 3082 recentiorem
732 3019 833 3094 foisse
853 3017 970 3081 codicis
985 3017 1152 3080 Beruensis
1168 3023 1224 3078 ott
1245 3025 1274 3079 et
1293 3026 1441 3082 uetustate
1454 3028 1484 3080 et
1498 3019 1591 3082 inter-
1693 3103 1694 3114 ἵ

292 3120 452 3198 polotione
465 3115 672 3196 coonustatur,
693 3122 738 3197 cf.
754 3138 849 3198 supro
862 3140 894 3199 p.
911 3122 1042 3182 LXXX.
1080 3122 1157 3190 lom,
1181 3128 1214 3182 ut
1229 3119 1374 3198 omittam,
1392 3139 1509 3200 parurn
1525 3132 1593 3199 apte

297 3243 360 3285 uno
381 3241 448 3286 cum
471 3223 600 3286 Claudio
620 3222 655 3285 in
677 3241 712 3284 rc
731 3221 919 3300 qrauissima
939 3226 960 3284 l.
981 3226 1003 3284 l.
1028 3221 1213 3286 Flauionmn
1234 3223 1351 3285 saeculi
1371 3223 1475 3286 octoni
1496 3222 1589 3286 ltomi·

297 3345 372 3395 neos,
395 3344 454 3402 quo
475 3330 541 3390 loco
563 3324 757 3388 Priscianum
779 3327 885 3386 saltem
907 3323 1071 3394 nominari,
1094 3323 1122 3386 si
1143 3323 1346 3401 antiquiorem
1367 3329 1469 3404 nollet,
1492 3343 1514 3386 u
1530 3329 1588 3388 col·

296 3432 408 3490 lectore
430 3430 596 3505 oporteant,
620 3436 880 3501 commemoratum
898 3427 987 3506 sore,
1016 3435 1101 3489 tanta
1123 3435 1167 3488 est
1188 3426 1326 3490 omnibus
1347 3437 1491 3504 quotquot
1513 3430 1589 3490 Flo-

301 3529 390 3592 uioni
411 3530 532 3594 nomine
553 3539 661 3592 entant
681 3527 758 3592 locis
772 3547 838 3591 cum
852 3527 993 3592 i'ltorisio
1008 3528 1162 3603 adfinitas,
1187 3537 1219 3590 ut
1239 3547 1278 3590 ne
1300 3549 1377 3592 nnus
1398 3529 1522 3606 qm'dem
1541 3531 1588 3590 lto

299 3632 348 3694 die
369 3631 410 3693 sit
430 3633 589 3707 inuentus,
619 3631 693 3708 quin
720 3640 774 3693 aut
800 3634 907 3694 eadem
936 3639 989 3693 aut
1015 3628 1174 3692 simillima
1201 3639 1283 3692 certe
1309 3634 1396 3708 opud
1417 3631 1588 3694 Giortsium

297 3734 495 3812 reperiantur
516 3734 611 3796 eluta.
656 3735 724 3796 Hoc
745 3729 809 3810 quo
825 3731 931 3795 melius
952 3731 1166 3808 tntetthotur,
1182 3731 1255 3795 istos
1268 3736 1359 3806 locos,
1381 3751 1455 3810 quos
1468 3732 1588 3810 quidem

295 3836 442 3908 nouerim,
464 3836 555 3912 infra
572 3853 746 3916 propomam
768 3853 877 3912 omnes,
902 3853 1028 3911 quorum
1051 3852 1175 3897 numero
1191 3843 1262 3911 post
1283 3834 1381 3898 lleilii
1407 3835 1587 3913 disputatio

296 3957 363 4000 uem
385 3941 488 4001 Herm.
510 3942 533 4002 l.
557 3942 577 4002 l.
601 3938 717 4014 aliquot
739 3937 812 4000 noui
834 3945 1044 4000 accesserunt:

295 4094 316 4154 1
329 4095 387 4154 Ars
402 4111 554 4171 anonyma
570 4091 734 4154 Beruenst's
744 4110 778 4168 p.
794 4099 858 4165 107,
877 4077 930 4152 ¹eti:
1105 4088 1262 4176 Charisius
1279 4110 1313 4168 p.
1341 4098 1388 4166 25,
1415 4099 1446 4152 t:

338 4212 558 4292 Quinquaginta
593 4219 695 4274 aulem.
724 4209 801 4272 dune
829 4211 929 4273 lermi-
999 4209 1167 4272 Eiiesunlus
1183 4217 1280 4270 aulem
1296 4210 1400 4271 ordine
1414 4209 1584 4272 litterarum

297 4317 430 4376 notiones
445 4313 608 4376 secundum
631 4311 850 4375 Flauianum
873 4313 929 4374 hae
955 4313 1013 4373 sio:
1043 4329 1096 4392 pes
1125 4330 1141 4372 a
1171 4310 1198 4374 ni
1221 4330 1258 4372 nn
1281 4330 1334 4373 nus
1356 4331 1388 4373 nt
1410 4329 1464 4374 ars
1485 4331 1520 4374 ns
1541 4331 1583 4380 nx,

362 4497 391 4564 *J
410 4499 472 4550 Nam
491 4501 553 4564 hoc,
576 4501 644 4564 qnod
663 4499 725 4550 mihi
743 4499 880 4563 aliquando
899 4499 924 4550 in
943 4509 1052 4550 mentem
1071 4500 1153 4563 uenit,
1176 4513 1235 4549 sum
1254 4514 1305 4549 non
1323 4497 1447 4564 habetem,
1469 4513 1522 4561 quo
1538 4511 1582 4564 po·

293 4569 420 4618 tissimum
448 4580 599 4634 argumento
618 4584 650 4618 ex
667 4568 807 4618 litterarum
834 4567 942 4619 historin
965 4569 1045 4633 petito
1067 4567 1216 4630 delendam,
1246 4569 1308 4617 sutis
1335 4567 1450 4617 modeste
1472 4567 1581 4632 eloquar,

295 4636 443 4686 Maximiani
461 4647 486 4686 et
504 4635 618 4687 Flauinni
639 4638 783 4686 nominibus
805 4636 916 4687 inmotus
939 4651 990 4686 non
1013 4637 1086 4702 ipsos
1105 4635 1209 4689 Maximi
1229 4636 1354 4686 Victorini
1372 4645 1397 4685 et
1415 4635 1497 4686 fluuii
1514 4633 1581 4684 Sosi-

294 4707 359 4768 pntri
374 4704 482 4754 Citatisii
500 4703 579 4754 libros
597 4705 737 4754 intellectos
756 4703 845 4764 luisse,
865 4705 910 4754 sed
929 4703 1103 4754 tantummodo
1122 4703 1316 4769 discipulorum,
1335 4705 1380 4766 qui
1398 4703 1498 4752 illorum
1518 4704 1581 4752 uiso·

294 4787 349 4820 rum
367 4773 483 4822 doctrino
499 4773 580 4822 inbuti
598 4773 709 4823 luissent
725 4787 864 4835 eorumque
882 4774 992 4837 scriptu.
1010 4782 1039 4822 nt
1055 4787 1102 4837 pst·
1120 4781 1187 4831 erut,
1206 4771 1411 4823 etdesutibendn
1428 4779 1582 4820 conitentes

294 4841 348 4888 suis
367 4841 507 4890 uliosnmus
526 4841 636 4890 inuentis
655 4842 820 4907 adaugereut.
855 4840 905 4890 Sul
928 4840 990 4890 lineo
1008 4836 1129 4890 ut'nimis
1152 4841 1246 4889 interut
1264 4841 1382 4904 quaestio
1400 4841 1424 4890 in
1444 4841 1528 4890 medio
1545 4854 1580 4890 ts-

293 4907 430 4972 iiuquentin
448 4921 495 4958 est.
