3386 5442
289 360 353 425 234
683 361 919 412 couunurvu
937 359 1181 412 ntusmunnsu

201 551 445 616 ars,⁵nurueri.
488 549 575 610 blodo
606 549 692 618 dicit,
723 547 830 626 quibus
859 547 977 609 casibus
1006 547 1170 625 iunguntur
1197 545 1315 626 gratim.
1360 545 1497 607 Alieno
1525 563 1587 624 ge·

290 655 364 722 neri,
387 660 433 713 ut:
463 651 575 730 ‘homo
593 651 698 710 tortior
726 647 876 718 leonibus,
911 647 1043 710 uelocior
1071 647 1198 728 aquilis'.
1242 645 1306 707 Vei
1338 664 1404 708 suo
1437 649 1585 726 generi,

200 762 323 822 arnoni
352 753 439 814 bomo
467 751 638 813 homiuibus
665 759 862 830 comparatur.
908 751 948 810 Vt
976 751 1112 811 Hector
1144 748 1283 810 fortior
1315 748 1371 811 luit
1397 747 1586 810 Diomede.

291 854 377 916 blodo
405 853 502 915 alieno
529 854 645 932 generi,
674 854 742 932 quia
765 851 876 912 flector
898 852 1046 911 Troianus
1068 851 1137 919 luit,
1168 848 1323 912 Diomedes
1345 867 1420 911 uero
1443 849 1586 911 Graecus

292 956 474 1017 Audacior
504 955 692 1022 Troianis,
722 953 810 1014 modo
838 970 893 1014 suo
914 954 1027 1031 generi.
1071 951 1232 1014 Sciendum
1255 959 1353 1012 autem
1374 951 1442 1032 quia
1463 969 1607 1031 compa-s

292 1060 404 1119 ratiuus
427 1076 485 1118 non
509 1055 604 1116 solum
628 1055 756 1116 ablatiuo
778 1056 925 1132 iungitur,
954 1053 1006 1116 sed
1030 1055 1117 1114 etiam
1140 1053 1339 1119 nominatiuo,
1369 1069 1436 1113 cum
1459 1055 1587 1130 ‘quam'

292 1158 450 1240 particula:
473 1160 537 1220 sine
560 1159 637 1219 enim
661 1156 709 1216 illa
733 1173 793 1216 non
815 1163 921 1236 potest.
965 1153 1054 1216 Verbi
1077 1155 1170 1233 gratia
1194 1151 1337 1215 ‘uelocior
1359 1162 1404 1214 est
1425 1153 1473 1214 bic
1496 1170 1586 1231 quam

290 1261 363 1322 ille’.
409 1260 445 1320 Et
468 1259 621 1320 sciendum
646 1255 658 1340 ll
677 1255 739 1320 155
756 1255 767 1338 ll
791 1259 857 1337 quia
887 1259 1021 1335 iungitur
1048 1255 1248 1336 superlatiuus
1276 1255 1456 1315 nominatiuo
1485 1255 1585 1332 singu·

290 1361 343 1422 lari
371 1361 539 1429 nominum.
570 1361 636 1438 quia
666 1360 696 1419 in
725 1359 929 1436 singularitate
958 1357 1154 1438 pluralitatem
1178 1357 1301 1427 babent,
1330 1365 1363 1418 ut
1385 1355 1587 1416 ‘doctissimus

290 1464 402 1544 pop'uli'
419 1471 448 1523 et
463 1463 713 1541 ‘sapientissimus
735 1462 906 1522 contionis’.
945 1459 1049 1521 Contio
1072 1458 1181 1520 dicitur
1202 1460 1395 1536 congregatio
1417 1456 1620 1518 hominumn

200 1565 536 1632 ars,oFortiesimus
568 1563 826 1623 Troianorum.
869 1560 957 1623 blodo
990 1579 1043 1622 suo
1074 1561 1192 1637 generi,
1226 1558 1374 1620 Troianus
1406 1559 1485 1618 enirn
1519 1559 1585 1618 luit.

187 1687 237 1734 ars,
252 1689 276 1728 ro
290 1666 392 1729 Nulli
415 1675 667 1744 comparatur,
691 1666 760 1744 quia
783 1681 842 1723 non
865 1661 955 1724 babet
977 1660 1099 1723 alteram
1116 1679 1274 1738 personam
1290 1661 1338 1720 cui
1354 1657 1522 1740 copuletur,
1549 1667 1586 1720 ut

267 1769 438 1849 iupiter
461 1769 624 1847 optimus
647 1766 843 1834 inanimus,
867 1766 886 1824 i·
910 1781 1037 1842 magnus
1059 1762 1182 1842 iupiter.

188 1889 276 1938 ars,1a
360 1867 590 1947 Degeneribus.
634 1867 779 1928 Genera
803 1867 987 1928 nominum
1010 1871 1304 1941 suntquattuor.
1349 1861 1452 1924 Genus
1474 1861 1585 1923 dicitur

291 1991 305 2031 a
328 1969 516 2050 generando,
547 1988 582 2028 co
605 1968 683 2048 quod
712 1975 837 2046 generet
859 1975 888 2027 et
909 1977 1077 2045 generetur.
1121 1964 1183 2026 blas
1205 1966 1297 2026 maris
1320 1973 1365 2025 est
1386 1965 1582 2044 primitiuu1n‚
1597 1975 1617 2015 ²⁵

290 2070 360 2133 inde
376 2071 585 2132 diminutiuum
602 2068 749 2156 masculus
764 2066 792 2129 la
807 2066 875 2141 lum,
893 2067 971 2129 unde
988 2074 1017 2127 et
1032 2065 1244 2127 ‘masculum
1261 2068 1331 2126 tus’
1346 2064 1483 2142 legimus.
1511 2065 1584 2126 ilinc

290 2175 377 2234 etiam
393 2171 589 2233 masculinum
602 2170 758 2232 diriuatur.
784 2170 895 2232 Fernen
908 2171 1027 2230 leminis
1039 2177 1069 2229 et
1080 2169 1177 2229 lemur
1194 2169 1320 2228 femoris
1331 2175 1434 2247 partes
1447 2167 1585 2228 uidelicet

290 2276 424 2355 corporis
446 2275 472 2333 i·
495 2273 573 2332 inter
601 2271 712 2334 coxalia
742 2271 848 2350 quibus
876 2273 962 2351 equis
989 2269 1165 2340 insidemus,
1194 2268 1264 2329 inde
1293 2267 1437 2330 diriuatur
1465 2269 1584 2330 lemini-

290 2395 371 2438 num.
416 2375 560 2437 Neutrum
583 2392 678 2453 genus
700 2374 810 2434 dicitur
832 2391 886 2452 per
909 2372 1132 2450 abnegationem
1156 2369 1298 2439 duorum,
1330 2371 1421 2430 maris
1444 2369 1585 2431 uidelicet

290 2487 319 2539 et
348 2479 484 2539 feminae.
530 2477 692 2538 Commune
726 2492 821 2553 genus
853 2493 907 2554 per
940 2471 1237 2553 comprehensionem
1267 2473 1358 2532 maris
1387 2479 1417 2532 et
1445 2472 1619 2542 femineam

290 2582 357 2660 qnia
387 2579 442 2640 sub
472 2596 529 2638 tina
557 2576 723 2639 litteratura
751 2575 810 2636 duo
838 2593 947 2654 genera
975 2572 1211 2652 comprehendit.
1257 2573 1293 2634 Et
1315 2592 1350 2634 ex
1375 2573 1422 2633 iris
1444 2580 1584 2650 quattuor

289 2681 448 2758 generibus
471 2679 530 2740 duo
552 2687 621 2739 sunt
641 2674 817 2758 principalia
841 2694 966 2756 genera,
991 2674 1185 2736 masculinum
1210 2683 1239 2735 et
1260 2675 1447 2743 femininum,
1470 2673 1582 2752 reliqua

188 2805 237 2852 ars,
252 2805 276 2844 n
290 2801 362 2844 uero
385 2779 537 2842 artiiicalia
561 2780 580 2838 i·
605 2798 639 2839 ex
663 2787 726 2841 arte
748 2777 968 2838 descendentia.
992 2813 1032 2821 —
1056 2775 1137 2836 ‘Hic’
1159 2773 1316 2856 aliquando
1338 2792 1504 2855 pronomen
1525 2782 1582 2842 est,

289 2883 447 2963 aliquando
469 2869 621 2942 articulus.
666 2881 835 2941 Pronomen
859 2887 905 2939 est
925 2880 956 2938 in
979 2879 1241 2944 demonstratione.
1266 2895 1333 2937 cum
1357 2876 1498 2937 dicimus:
1521 2874 1583 2934 ‘bic

289 2987 381 3054 iecit’,
411 2982 658 3051 demonstrando,
681 2979 823 3042 articulus
846 2987 944 3040 autem
966 2980 996 3039 in
1021 2961 1231 3048 declinatione,
1260 2977 1401 3039 uidelicet
1421 2995 1488 3038 cum
1510 2973 1581 3036 dici·
1595 2989 1619 3028 2⁵

290 3105 370 3146 rnus:
395 3085 456 3145 ‘bic
468 3085 609 3162 magister
632 3082 719 3144 huius
741 3082 896 3160 magistri’.
941 3081 1107 3159 ‘Magister’
1130 3089 1227 3142 autem
1251 3079 1361 3142 dicitur
1384 3081 1468 3157 quasi
1490 3077 1582 3138 maior

290 3191 320 3248 in
343 3187 477 3248 statione.
524 3185 772 3252 Femininum,
795 3201 819 3242 s·
843 3201 947 3262 genus.
992 3182 1056 3242 Est
1084 3189 1118 3242 et
1144 3190 1271 3243 cetera
1300 3189 1337 3242 ut
1358 3179 1450 3242 haec
1472 3179 1580 3240 blusa.

290 3288 395 3349 ‘blusa'
419 3287 527 3348 dicitur
550 3287 634 3362 quasi
657 3303 764 3365 moysa.
798 3285 879 3364 lloys
901 3285 980 3344 enim
997 3285 1110 3344 Graece
1132 3281 1241 3344 dicitur
1263 3301 1353 3364 aquia,
1378 3281 1446 3343 inde
1468 3281 1580 3359 Moyses

290 3389 414 3458 dicitur,
438 3390 505 3469 quia
522 3388 558 3448 de
574 3405 649 3468 aqua
669 3386 803 3449 sublatus
819 3394 872 3446 est.
910 3389 989 3465 Aqua
1014 3402 1140 3462 namque
1162 3383 1288 3446 multum
1311 3385 1394 3444 iuuat
1415 3385 1445 3444 in
1461 3397 1578 3459 organo,

289 3490 369 3572 quod
396 3491 426 3551 in
456 3490 587 3571 ydraulia
619 3497 717 3568 potest
747 3487 852 3548 uideri.
902 3487 1041 3548 Ydraulia
1073 3494 1118 3547 est
1150 3503 1308 3564 organum:
1346 3478 1441 3562 ὕδωρ
1469 3483 1614 3544 Graecerc

289 3611 379 3670 aqua,
403 3585 505 3652 αὐλοί
523 3591 667 3652 cannulae
690 3589 831 3649 dicuntur
852 3591 871 3648 i.
895 3589 1018 3649 fistulae.
1063 3587 1135 3647 lnde
1155 3587 1310 3661 auloedus,
1335 3588 1386 3663 qui
1406 3584 1477 3645 tibia
1493 3583 1577 3645 canit.

290 3695 439 3756 Feruntur
461 3699 558 3753 autem
576 3692 677 3752 'fuisse
710 3708 819 3752 nouem
849 3691 950 3752 blusac
978 3687 1055 3750 tiliae
1082 3689 1159 3749 louis
1186 3696 1216 3748 et
1245 3687 1379 3756 lunonis,
1414 3703 1490 3765 quae
1514 3681 1577 3742 ideo

291 3792 305 3877 ll
324 3789 416 3872 15911
438 3795 589 3871 linguntur
617 3795 709 3854 luisse
736 3791 813 3853 iiliae
841 3792 919 3854 louis
947 3801 976 3852 et
1003 3791 1137 3860 lunonis,
1166 3792 1234 3869 quia
1263 3789 1342 3850 louis
1368 3790 1432 3867 ipse
1460 3793 1506 3847 est
1528 3801 1577 3843 aer

289 3898 426 3976 superior
450 3902 480 3956 et
501 3896 704 3963 tenuissimus,
733 3894 806 3955 luno
836 3895 899 3971 ipsa
923 3901 967 3953 est
989 3910 1039 3952 aer
1061 3891 1253 3971 corpulentus
1277 3899 1307 3951 et
1329 3890 1455 3950 uiciuior
1474 3896 1575 3948 terrae.

291 3997 332 4057 Ex
354 3996 405 4057 illo
427 3997 505 4058 enirn
529 3996 676 4077 superiori
699 4003 728 4056 et
749 3993 800 4056 ilio
815 3995 952 4056 interiori
967 4002 997 4055 et
1012 3993 1186 4074 corpulento
1202 3993 1353 4072 perficitur
1368 4009 1435 4052 uox.
1469 3989 1575 4050 Nouem
1588 3999 1612 4038 ω

291 4106 389 4158 autern
412 4097 478 4158 ideo
501 4099 639 4159 dicuntur
663 4097 753 4158 tuisse
775 4098 849 4174 quia,
865 4113 974 4157 nouem
998 4104 1067 4155 sunt
1094 4096 1205 4164 cilicia,
1234 4093 1342 4172 quibus
1369 4111 1427 4153 uor
1454 4091 1575 4151 bumana

290 4201 452 4279 peragitur,
475 4199 614 4260 uidelicet
635 4197 750 4279 plectro
773 4196 904 4276 linguae,
933 4194 1059 4277 appulsu
1088 4204 1226 4274 quattuor
1248 4195 1396 4265 dentium,
1426 4206 1573 4272 repercus-

291 4301 375 4361 sione
397 4299 524 4362 duorum
548 4297 709 4369 labrorum,
732 4317 808 4379 quae
830 4301 860 4359 in
882 4298 1001 4358 modum
1019 4296 1221 4377 cymbalorum
1244 4297 1484 4377 repercutiuntur
1503 4307 1574 4350 cauo

189 4417 238 4466 ars,
252 4418 276 4457 n
290 4403 418 4480 gutturis
440 4410 469 4463 et
490 4403 635 4463 adiutorio
657 4399 816 4481 pulmonis.
861 4399 1040 4461 Neutrum
1061 4419 1084 4461 s.
1108 4416 1217 4477 genus,
1249 4407 1303 4460 est
1331 4405 1367 4459 et
1395 4402 1514 4458 cetera
1535 4397 1574 4448 ut

358 4692 374 4740 4
392 4705 483 4754 grecus
538 4691 570 4741 16
587 4689 728 4743 masculum
748 4686 799 4752 tus]
817 4687 932 4738 mascula
949 4697 1005 4737 tura
1027 4685 1274 4752 7ηρ.1101.7111
1290 4689 1323 4736 65
1384 4686 1415 4736 ts
1431 4679 1572 4740 insedimus,

289 4757 519 4875 ffissfflflffi
588 4759 621 4809 30
638 4757 703 4821 ydor
720 4771 795 4823 grece
863 4759 895 4807 31
914 4754 973 4821 aule
1041 4755 1066 4802 ·i·
1085 4753 1186 4804 fistulae
1201 4769 1284 4819 supra
1301 4755 1391 4804 linem
1441 4745 1536 4798 nuledus
