3420 5450
326 371 450 418 LXXXII
735 357 803 408 ntus
821 357 952 408 ASPERI
971 355 1212 409 GRAMMATICI.

326 545 412 606 ‘Item
436 544 542 621 aliqua
564 547 602 605 de
625 544 754 606 nomine.
801 547 909 606 Murus
927 546 1050 619 sornns’
1073 553 1129 606 etc.
1145 580 1189 592 --
1198 563 1232 621 p.
1252 553 1300 620 57,
1320 553 1355 606 52
1377 547 1485 607 ‘altare
1505 551 1601 624 aptore

325 649 485 708 cochleare
499 646 564 707 dici
579 647 687 725 delet'‚
711 664 789 722 quae
810 645 843 706 in
857 649 926 706 cad.
946 655 1000 706 551
1016 650 1114 722 plane
1135 649 1255 722 desunt,
1280 647 1352 722 5555
1368 650 1406 708 555
1422 648 1487 725 ipso
1501 655 1602 726 Aspero

325 748 443 826 scripta
470 748 531 809 sint
557 766 653 824 neque
674 767 693 806 a
715 748 846 809 librario
868 751 917 808 551
944 749 1008 809 5155
1028 747 1230 824 pramntatico
1258 748 1395 822 adiecta,
1426 769 1484 812 non
1511 751 1603 812 dnlrito

325 859 353 910 55
376 853 411 912 55
432 849 481 924 id,
507 849 579 928 qnia
602 850 680 910 talia
703 849 926 911 adiectamenta
949 869 1008 911 non
1030 848 1189 925 55555555,
1213 853 1268 911 sed
1288 851 1321 911 in
1341 856 1402 924 5155
1423 852 1603 928 adplutinari

324 956 431 1030 soleat,
454 961 483 1012 55
499 959 686 1030 propterea,
715 953 798 1028 quod
817 969 877 1012 non
905 949 1011 1022 uideo,
1041 953 1188 1028 quomodo
1217 950 1359 1028 sinpaliue
1380 953 1458 1014 istae
1479 956 1604 1014 obseran-

324 1053 420 1115 tiones
435 1055 479 1114 ad
498 1054 643 1116 sermonis
659 1052 882 1143 proprietatem
900 1053 1104 1129 pertinentes,
1128 1071 1206 1130 quae
1222 1053 1293 1114 inde
1308 1072 1328 1114 a
1344 1073 1379 1131 p.
1394 1064 1442 1130 57,
1459 1063 1493 1114 12
1513 1059 1604 1130 lepnn·

324 1165 384 1230 tur,
409 1159 492 1216 nullo
514 1156 604 1231 quasi
623 1156 742 1232 plutine
763 1154 943 1232 interposito
965 1155 1067 1217 statim
1085 1165 1157 1233 post
1173 1175 1208 1231 p.
1236 1164 1285 1232 55,
1306 1163 1341 1215 25
1362 1157 1509 1218 collocari
1524 1167 1604 1234 potu·

323 1257 414 1318 erint.
460 1259 557 1333 Atque
578 1257 658 1319 idem
682 1261 720 1319 de
741 1257 803 1318 alio
825 1262 892 1319 loco
910 1277 943 1334 p.
969 1267 1019 1331 55,
1048 1265 1082 1317 27
1105 1293 1147 1302 -
1163 1275 1199 1334 p.
1224 1261 1604 1342 551225551555555555.

323 1353 402 1419 Nam
425 1367 457 1420 ul
477 1361 657 1434 concedam,
682 1361 776 1420 uerba
796 1379 828 1436 p.
855 1369 895 1419 55
901 1405 910 1439 ,
937 1365 1071 1419 25-55;
1099 1360 1149 1422 ‘ut
1171 1377 1191 1419 a
1211 1359 1367 1421 constanti
1387 1369 1558 1422 constanter
1571 1393 1606 1402 -—

323 1479 342 1520 a
364 1460 514 1522 concordi
535 1461 730 1523 concorditer
751 1471 781 1522 el
801 1461 849 1522 ln's
871 1459 1002 1522 similia’
1027 1463 1065 1520 alr
1087 1460 1151 1522 alio
1173 1460 1284 1540 addita
1300 1479 1392 1538 posse
1414 1461 1529 1538 uideri,
1557 1464 1607 1522 lenc

323 1565 362 1623 de
382 1563 491 1624 ceteris
508 1581 542 1640 p.
568 1573 622 1637 55,
650 1571 760 1623 5-22
780 1561 904 1624 minime
925 1562 1140 1640 concesserim,
1164 1562 1237 1638 5555
1260 1565 1298 1624 de
1319 1564 1541 1641 conparatione
1561 1565 1607 1623 ad·

323 1665 495 1727 nerinorum
518 1665 703 1742 artiproplto
725 1664 839 1726 Donati
861 1673 957 1726 artem
982 1665 1115 1742 primam
1144 1663 1362 1741 interpretanti
1384 1664 1506 1727 anulino
1526 1683 1607 1739 apar-

324 1771 394 1828 dum
409 1777 487 1828 erat.
518 1769 558 1828 Et
579 1758 705 1837 reuera,
728 1785 808 1843 quae
830 1769 867 1827 de
888 1785 998 1828 manca
1020 1766 1136 1842 aliquot
1158 1766 1374 1828 aduerlriorum
1395 1766 1609 1845 conparatione

320 1889 353 1946 p.
378 1879 431 1943 55,
458 1878 556 1929 3-55
579 1871 787 1948 obseruantnr,
815 1868 927 1946 optime
949 1871 986 1929 ab
1009 1871 1112 1930 eodem
1135 1869 1187 1930 illo
1210 1868 1365 1943 dicantar,
1396 1869 1463 1945 qai,
1490 1888 1556 1930 cum
1577 1871 1609 1928 de

323 1970 475 2032 nominum
498 1971 720 2047 conparatione
741 1975 864 2046 apeliot,
887 1990 919 2047 p.
945 1980 993 2045 55,
1020 1979 1097 2032 5-5
1119 1970 1234 2032 similia
1258 1971 1400 2032 tradidit.
1446 1975 1554 2046 Itaque
1574 1989 1606 2030 55

323 2091 453 2149 quoque,
477 2091 556 2148 qrccre
573 2092 607 2149 p.
633 2083 681 2142 55,
708 2081 825 2132 52-25
845 2072 878 2133 55
900 2077 961 2134 5515
983 2076 1050 2133 cod.
1070 2081 1127 2132 207
1149 2077 1301 2148 15555555,
1326 2093 1386 2134 555
1408 2084 1470 2135 tam
1493 2077 1528 2136 oli
1549 2091 1607 2132 enm

323 2193 462 2248 5555555,
486 2174 559 2250 quia
581 2195 611 2236 u.
639 2182 673 2234 te
696 2180 739 2236 ‘nt
760 2193 856 2252 supra
875 2174 987 2236 dictum
1010 2181 1064 2236 csl'
1089 2173 1138 2257 (p.
1157 2185 1212 2250 55,
1237 2185 1266 2236 l.
1289 2173 1319 2258 5)
1343 2176 1482 2250 additur,
1508 2173 1611 2250 Asper-i

323 2295 386 2337 csse
407 2275 606 2352 crediderim,
623 2295 728 2352 ‘quam
751 2281 831 2353 quod
852 2282 928 2338 tales
947 2279 1122 2351 sarmarum
1144 2281 1301 2352 calalopos
1327 2296 1417 2354 quam
1445 2275 1609 2353 locupletis·

322 2378 412 2440 simos
433 2396 608 2456 proponere
635 2377 733 2454 ipsius
754 2397 817 2440 mos
838 2379 970 2452 estsere
1003 2379 1111 2454 555555
1144 2381 1338 2450 obseruatum
1371 2379 1509 2452 idcireo,
1544 2376 1611 2452 quia

319 2501 352 2557 p.
378 2491 427 2550 55,
451 2489 549 2540 s-tt
571 2480 708 2540 rur-iores
735 2479 949 2542 aducrlriorum
973 2482 1095 2556 formas
1116 2481 1190 2542 satis
1212 2485 1314 2557 amplo
1335 2484 1541 2557 cnentplorum
1563 2499 1611 2540 nu-
1683 2493 1684 2500 ¹

321 2601 403 2644 mero
418 2581 624 2656 instruxerat,
650 2581 779 2643 usitatas
793 2591 882 2657 atque
897 2587 1042 2658 uulpares
1056 2601 1091 2645 eo
1107 2592 1284 2644 ornamento
1299 2601 1407 2644 carere
1421 2601 1482 2644 non
1494 2600 1609 2658 passus,

321 2703 399 2762 qnae
430 2703 526 2762 supra
559 2684 716 2766 omiserat,
752 2683 785 2746 55
816 2689 878 2758 tine
908 2685 1078 2748 subintulit.
1130 2686 1256 2746 Rectum
1287 2685 1365 2746 enim
1397 2683 1611 2746 sententiarum

320 2788 457 2849 ordinem
479 2786 655 2864 saepissime
682 2787 831 2863 neplenil,
860 2789 941 2864 quod
960 2786 1033 2848 inde
1056 2797 1153 2849 ortum
1181 2795 1240 2865 551,
1270 2790 1366 2863 quod,
1397 2805 1476 2863 quae
1498 2789 1537 2847 de
1557 2785 1613 2846 sin·

319 2889 401 2966 pulis
429 2889 579 2951 orationis
605 2889 746 2966 portans
773 2889 960 2965 reputariler
987 2889 1073 2951 dicta
1102 2887 1261 2950 obseruari
1282 2897 1446 2964 poterant,
1474 2890 1531 2950 sub
1558 2905 1613 2948 urm

322 2991 422 3052 omnia
444 3000 604 3068 conspectu
620 3009 811 3068 proponere,
835 2991 955 3068 reliqna
977 2989 1198 3067 inrepulariter
1219 2998 1370 3067 utsurpala
1391 2989 1481 3065 quasi
1503 3009 1613 3068 oppen-
1682 2999 1683 3006 ’

321 3092 400 3154 dic-is
427 3096 493 3154 loco
520 3093 702 3168 sulriunpere
727 3093 844 3154 maluit.
889 3097 987 3169 Atque
1013 3072 1089 3154 liaec
1116 3092 1187 3170 ipsa
1214 3095 1284 3154 dum
1313 3111 1353 3154 ex
1375 3091 1510 3154 diuersis
1530 3089 1614 3152 liaris

318 3194 530 3270 prammaticis
556 3213 724 3270 conparere
751 3197 864 3268 studet,
897 3214 987 3272 saepe
1014 3195 1108 3256 nimio
1141 3194 1306 3270 collipendi
1332 3197 1447 3256 ardore
1473 3197 1614 3272 abreptus

320 3314 355 3357 eo
377 3299 523 3359 deductus
550 3307 608 3371 est,
644 3307 675 3358 55
702 3300 853 3372 55515555,
887 3315 946 3372 quo
979 3297 1037 3358 ista
1069 3297 1227 3374 explicata
1260 3305 1364 3367 erant,
1396 3297 1614 3358 sententiarum

320 3417 453 3468 conexu,
479 3409 572 3476 prout
600 3399 707 3460 liberet
734 3398 880 3474 quidque,
911 3409 1098 3476 excerperet.
1146 3399 1209 3471 Quo
1226 3399 1347 3472 suctum
1369 3407 1425 3467 cst,
1455 3409 1488 3460 ut
1517 3397 1614 3460 mullis

320 3500 396 3563 loeis
417 3500 520 3563 ‘enim'
543 3503 592 3562 uel
613 3502 707 3562 ‘num’
727 3501 884 3577 porticula
905 3499 1006 3578 posita
1029 3503 1237 3576 5551555555,
1268 3503 1311 3562 555
1337 3501 1419 3578 qnod
1444 3501 1612 3574 reseratur,
1681 3537 1682 3563 ι

320 3602 365 3677 cf.
384 3622 418 3680 p.
438 3611 486 3673 57,
506 3611 550 3663 55.
570 3612 625 3674 25;
649 3611 697 3678 55,
717 3610 768 3671 21;
794 3610 911 3676 tltt‚19;
933 3601 1073 3664 similiter
1090 3623 1124 3680 p.
1144 3611 1191 3676 aa,
1218 3611 1256 3663 55
1279 3622 1340 3664 555
1362 3611 1421 3670 555,
1444 3621 1506 3679 quo
1529 3605 1614 3663 ‘Ilaec

320 3706 425 3767 uerld
442 3704 603 3782 pertinere
631 3704 783 3774 dicamus,
815 3703 877 3766 nisi
899 3715 1053 3766 auctorem
1076 3707 1251 3766 5551515555
1273 3704 1461 3781 excerpsisse
1484 3705 1613 3766 arbitre-

319 3825 397 3869 mur.
438 3809 571 3868 Celerum
594 3807 754 3870 uniuersus
776 3806 914 3883 opusculi
934 3807 1055 3868 liabitas
1076 3807 1104 3868 is
1125 3815 1184 3884 est,
1207 3815 1247 3878 55,
1271 3806 1325 3881 qrri
1345 3797 1480 3883 scripsit,
1503 3825 1612 3884 pucro-

319 3928 387 3970 rum
416 3908 528 3971 animis
554 3908 779 3986 simplicissima
806 3908 885 3970 ortis
914 3909 1137 3984 prammaticae
1159 3917 1328 3986 praecepto
1355 3926 1445 3984 quam
1469 3907 1614 3985 plurimis
1680 3957 1681 3995 ,

317 4016 440 4086 firmata
462 4011 609 4089 exemplis
630 4011 789 4072 inculcare
809 4009 939 4072 uoluisse
959 4010 1112 4087 uideatur,
1137 4012 1220 4087 qnod
1234 4019 1266 4072 ul
1280 4011 1425 4084 efficeret,
1450 4029 1531 4086 quae
1554 4009 1613 4082 dif-

318 4114 453 4188 ficiliora
475 4121 565 4175 eram
586 4113 755 4192 5555115555,
784 4122 838 4175 555
860 4113 981 4176 omniuo
1008 4112 1216 4192 praetermisit
1243 4121 1312 4188 aut,
1340 4129 1378 4172 ne
1405 4113 1488 4174 15555
1515 4109 1615 4186 officii

315 4226 437 4293 partem
454 4220 551 4294 plane
572 4214 743 4292 nepleuissc
762 4225 934 4292 putaretur,
958 4214 1054 4278 olritcr
1076 4225 1167 4290 alque
1188 4213 1303 4292 raptim
1322 4213 1529 4292 percursauit.

403 4320 442 4379 In
464 4319 651 4380 emendando
672 4316 772 4378 1555115
793 4335 871 4392 quae
892 4335 938 4378 nse
956 4317 1122 4394 superant,
1145 4320 1220 4378 haec
1235 4325 1315 4378 sunt.
1351 4319 1384 4378 P.
1404 4325 1453 4394 55,
1469 4325 1489 4374 5
1505 4315 1613 4392 ‘plior’

319 4419 510 4482 scribendum
531 4429 618 4491 erat;
636 4439 671 4497 p.
698 4428 752 4494 55,
779 4427 814 4478 55
836 4421 918 4496 quod
937 4418 1051 4496 lepilur
1073 4421 1245 4495 ‘prantert',
1264 4421 1362 4496 paulo
1381 4426 1450 4494 post
1474 4425 1511 4477 21
1529 4417 1614 4491 salso

320 4521 465 4599 repetiui,
494 4540 561 4584 cum
588 4521 705 4584 codicis
733 4524 759 4580 Α
785 4520 942 4598 scriptura
965 4523 1120 4596 ‘poemen'
1143 4508 1248 4598 p‘olius
1270 4521 1426 4596 ‘permar’
1454 4522 1614 4597 lependum

320 4643 382 4685 csse
402 4627 622 4686 demonstraret
627 4645 639 4695 ;
655 4643 691 4703 p.
717 4631 767 4702 53,
785 4631 822 4682 25
839 4640 900 4700 pro
918 4623 999 4683 ‘mel'
1015 4627 1159 4685 mellum
1181 4622 1315 4684 scribere
1337 4619 1486 4696 dubitaui,
1512 4639 1613 4698 quaut-

319 4744 408 4802 55555
430 4735 537 4789 uiator
553 4725 715 4804 proposita
743 4726 887 4788 ‘aurum’
916 4723 1058 4786 55555515
1086 4725 1294 4787 declinatione
1316 4723 1387 4786 ‘sic
1410 4723 1613 4787 declinan-

320 4831 401 4890 dum
428 4847 508 4890 esse
536 4836 695 4905 arpentum
717 4835 774 4890 555.
797 4831 856 4889 mel
879 4826 982 4890 uinum
1005 4829 1116 4890 oleum’
1140 4845 1254 4906 parum
1282 4835 1427 4890 accurate
1448 4829 1614 4897 docueram
