3400 5450
646 381 860 437 annuntiato.

163 578 271 632 natus
319 573 386 632 ixit:
411 568 618 650 Aliquando
642 571 738 631 enim
760 571 950 650 positiuus
972 572 1108 648 gradus
1130 578 1274 634 tantum
1297 573 1401 632 inue-

146 681 221 741 tur,
316 671 535 741 mediocris,
565 669 768 747 aliquando
796 679 916 734 autem
945 675 1138 753 positiuus
1160 682 1195 734 et
1218 689 1401 754 conpara-

140 791 204 834 uus
274 781 288 834 t
314 791 427 836 senex
455 773 596 834 senior.
640 771 713 832 Nam
743 773 916 835 senissimus
944 773 1002 836 dici
1031 783 1134 836 natura
1157 775 1325 854 tragilitatis
1346 775 1400 836 Ιιιι·

135 893 170 936 ιιι
229 895 289 937 non
312 877 465 956 permittit.
510 871 702 934 Interdum
729 874 923 951 positiuus
946 879 983 934 et
1004 873 1265 954 superlatiuus
1287 881 1400 936 mnium

136 993 155 1035 u
207 981 263 1046 tur,
288 981 328 1035 ut
350 975 433 1053 pius
455 973 660 1054 piissimus.
697 971 771 1034 Nam
794 975 873 1053 piior
896 974 956 1036 dici
979 990 1038 1036 non
1061 983 1167 1056 potest.
1203 975 1308 1038 Nullus
1322 977 1400 1037 enlm

121 1095 137 1136 o
199 1078 312 1138 ratiuus
333 1077 348 1135 i
366 1074 513 1155 duplicem
536 1073 717 1136 hebetante
739 1092 783 1143 or,
809 1073 860 1136 sed
884 1091 940 1154 pro
963 1078 1156 1156 conparatiuo
1178 1079 1272 1156 magis
1294 1076 1400 1138 aduer-

124 1180 131 1192 '
211 1179 348 1257 ponitur,
380 1185 413 1238 ut
440 1178 545 1255 ‘magis
574 1179 640 1257 pius
668 1177 719 1236 hic
742 1193 831 1254 quam
853 1177 928 1238 ille’.
972 1178 1063 1257 llagis
1085 1195 1203 1258 quoque
1226 1173 1399 1240 aduerblum

188 1279 283 1340 sduna
312 1279 455 1358 positiuc.
485 1278 536 1339 sed
566 1280 654 1339 etiam
684 1281 877 1359 conparatiuo
903 1280 1036 1357 iungitur
1058 1287 1087 1340 et
1109 1280 1205 1340 uicem
1228 1279 1400 1360 superlatiui

139 1380 237 1460 nplct,
262 1387 295 1441 ut
316 1381 422 1458 ‘magis
445 1378 572 1440 doctior'
594 1398 652 1460 pro
673 1378 878 1450 doctissimus:
902 1378 1104 1461 aliquando
1127 1384 1400 1461 conparatluus

128 1491 138 1542 t
173 1480 435 1562 superlatiuus
471 1490 586 1543 tantum
619 1483 787 1553 inuenitur,
825 1491 863 1542 ut
899 1481 1261 1562 ulteriorultimus.
1323 1482 1400 1544 Ali·

103 1583 248 1663 quando
269 1582 535 1662 superlatiuus
557 1591 713 1655 tanturn,
744 1589 780 1643 ut
802 1585 1041 1647 nouissimus.
1086 1585 1171 1645 Scias
1192 1593 1305 1654 autem,
1329 1601 1399 1646 con·

102 1685 288 1747 suetudinem
318 1687 426 1747 trinam
455 1703 520 1748 csse
542 1686 573 1746 in
597 1686 821 1766 conparatione:
850 1693 920 1747 sunt
941 1687 1020 1746 enim
1042 1683 1099 1746 alia
1122 1688 1254 1758 nomina,
1283 1690 1314 1748 in
1337 1688 1401 1764 qui·

103 1787 156 1848 bus
177 1805 238 1848 uox
262 1803 394 1865 congrue
413 1787 575 1867 respondet
589 1787 736 1867 qualitati,
760 1795 793 1848 ut
807 1786 912 1849 doctus
928 1787 1044 1848 doctior
1059 1787 1259 1862 doctissimus,
1283 1790 1402 1869 sapiens

102 1891 262 1968 sapientior
290 1889 541 1968 sapientissimus,
570 1888 656 1950 lortis
683 1889 789 1950 sortior
816 1890 1008 1958 fortissimus:
1038 1895 1068 1950 et
1098 1896 1167 1950 sunt
1192 1887 1248 1950 alia
1271 1891 1401 1961 nomina,

70 1993 131 2053 nin
158 1988 267 2068 quihus
295 2008 353 2051 uox
381 1990 515 2052 dissonat
540 2010 557 2052 a
584 1989 739 2069 qualitate,
775 1999 808 2052 ut
835 2009 960 2070 magnus
988 1993 1083 2052 maior
1110 1993 1270 2064 maximus,
1305 1991 1401 2053 bonus

104 2091 206 2153 melior
228 2095 373 2173 optimus,
397 2092 492 2154 malus
514 2095 599 2172 peior
621 2093 783 2173 pessimus,
808 2093 943 2154 modicus
966 2093 1063 2154 minor
1085 2094 1240 2163 minimus:
1265 2092 1402 2172 exigebat

102 2196 178 2256 enirn
201 2194 342 2274 qualitas,
365 2211 472 2266 uocem
495 2193 648 2274 aequalem
671 2211 737 2256 esse
759 2201 789 2255 et
812 2196 1055 2266 conuenientem,
1078 2203 1113 2257 ut
1127 2212 1252 2274 magnus
1267 2198 1402 2274 magnior

132 2292 184 2378 agli
201 2299 222 2357 1.
239 2293 299 2357 861
316 2293 487 2378 linissimus,
511 2297 609 2358 bonus
631 2295 739 2357 bonior
762 2296 958 2366 lenissimus,
983 2295 1078 2358 malus
1093 2296 1198 2359 mallor
1214 2295 1400 2369 malissimus,

169 2400 233 2461 icus
256 2398 400 2460 modicior
426 2399 659 2469 modicissimus,
688 2398 740 2460 sed
763 2397 820 2458 hoc
842 2415 890 2458 ars
911 2415 971 2458 non
994 2398 1147 2477 permittit
1191 2398 1265 2460 Nam
1288 2399 1401 2479 eupliu-

68 2502 165 2563 aoniae
192 2501 272 2562 ratio
298 2499 538 2578 inaequalitatem
567 2500 709 2580 deposcit.
757 2499 834 2560 Sunt
861 2499 917 2560 alia
946 2501 1081 2570 nomina,
1111 2503 1142 2560 in
1169 2499 1278 2581 quibus
1307 2503 1399 2564 inter·

101 2602 169 2663 dum
198 2601 328 2683 qualitas
356 2603 471 2673 delicit,
501 2610 534 2663 ut
561 2602 730 2663 mediocris.
781 2601 854 2662 Nam
883 2601 1062 2663 mediocrior
1091 2610 1121 2662 et
1148 2601 1400 2664 mediocrissimus

102 2704 160 2767 dici
187 2723 249 2766 non
277 2713 417 2784 possunt,
430 2705 532 2785 'quia,
562 2704 680 2784 quando
702 2703 812 2764 dicitur
834 2701 1008 2775 mediocris,
1037 2701 1144 2783 plenus
1166 2711 1211 2763 est
1231 2701 1401 2765 intellectus

102 2805 329 2875 mediocritatis:
351 2808 382 2867 in
398 2805 463 2868 aliis
481 2814 580 2867 autem
602 2803 776 2866 nominibus
797 2823 854 2865 uox
879 2805 992 2881 delicit,
1016 2806 1129 2884 utplus
1144 2806 1307 2885 piissimus:
1331 2823 1399 2867 nam

101 2909 177 2988 piior
207 2909 266 2969 dici
295 2926 354 2969 non
381 2915 488 2988 potest.
534 2908 637 2969 Omnis
666 2908 744 2968 enim
773 2909 985 2986 conparatiuus
1012 2923 1028 2967 a
1057 2907 1197 2984 genetiuo
1225 2908 1346 2986 positiul
1367 2909 1400 2968 lit

67 3033 89 3073 aa
102 3011 214 3072 adiecta
238 3029 273 3072 or
295 3008 420 3090 syllaba,
445 3019 477 3071 ot
498 3010 602 3071 doctus
624 3007 704 3068 docti
726 3008 857 3079 doctior;
887 3011 912 3070 si
934 3018 1032 3071 autem
1056 3009 1137 3070 dicas
1159 3011 1227 3088 pius
1248 3011 1290 3090 pii
1312 3011 1399 3090 plior,

100 3111 249 3193 duplicata
263 3115 273 3173 i
287 3112 385 3174 littera
408 3121 477 3174 ante
498 3130 533 3173 or
554 3112 626 3172 lerri
648 3128 707 3172 non
731 3119 842 3190 potest,
866 3113 933 3190 quia
956 3111 1039 3171 duoi
1061 3113 1091 3170 in
1115 3113 1309 3190 conparatiuo
1332 3121 1400 3174 ante

101 3233 134 3274 or
159 3221 241 3276 stare
273 3231 333 3275 non
361 3221 494 3294 possunt
541 3213 617 3275 Sunt
639 3213 694 3274 alia
718 3215 852 3284 nomina,
882 3229 957 3291 quae
979 3215 1215 3292 grammatici
1238 3213 1401 3292 prohibent

100 3319 273 3398 conparari,
297 3325 330 3378 ut
350 3316 461 3386 fidelis:
485 3333 553 3379 nam
579 3315 694 3377 fidelior
709 3315 758 3378 uel
773 3314 961 3376 fidelissimus
977 3314 1035 3374 dici
1049 3331 1156 3376 sensus
1172 3331 1230 3374 non
1246 3315 1401 3394 permittit,

101 3421 167 3498 qnia
197 3418 304 3498 plenus
333 3427 378 3480 cst
405 3415 573 3480 intellectus
600 3416 749 3478 fidelitatis
776 3419 809 3480 in
831 3416 897 3487 illo;
927 3418 951 3478 si
974 3418 1054 3478 enim
1076 3401 1192 3478 dicatur
1212 3416 1328 3478 tidelior
1351 3417 1400 3478 nei

69 3521 307 3590 addelissimus,
330 3519 394 3591 ille,
418 3523 470 3598 qui
491 3521 547 3581 luit
568 3519 679 3590 tidelis,
701 3518 828 3581 inlidelis
844 3527 897 3581 est.
934 3518 1087 3580 Positiuus
1109 3535 1180 3597 ergo
1202 3520 1233 3579 in
1255 3535 1400 3599 conpara·

102 3625 181 3684 tione
203 3623 357 3704 perlectus
379 3631 409 3684 et
429 3622 583 3685 absolutus
604 3631 649 3683 est
670 3639 686 3682 a
709 3623 862 3682 seruitute.
901 3621 1114 3701 conparatiuus
1129 3628 1227 3682 autem
1243 3619 1401 3701 aliquando

100 3727 191 3787 seruit
219 3726 418 3795 nominatiuo,
447 3727 621 3806 interposita
649 3741 752 3804 quam,
781 3732 814 3785 ut
836 3723 964 3784 ‘doctior
986 3723 1034 3785 hic
1057 3739 1144 3801 quam
1166 3721 1240 3794 ilte’,
1269 3733 1299 3785 et
1320 3723 1399 3786 abla-

102 3831 161 3890 tino
188 3846 261 3890 cum
290 3829 525 3909 praepositione,
554 3835 585 3888 ut
615 3826 732 3888 doctior
760 3826 797 3887 ab
825 3825 886 3887 illo.
930 3827 1005 3888 item
1032 3828 1242 3906 conparatiuus
1271 3826 1400 3889 ablatiuo

101 3929 245 4010 singulari
267 3933 333 3992 sine
353 3932 589 4011 praepositione,
612 3936 646 3990 ut
666 3929 783 3991 doctior
803 3928 865 3989 illo.
909 3927 982 3990 lndo
1004 3927 1167 3989 Donatus
1190 3927 1277 3988 dixit:
1307 3927 1399 3989 Con-

70 4034 297 4113 aaparatiuus
325 4016 462 4111 gradn's
489 4035 549 4095 cui
577 4033 679 4092 casui
708 4033 850 4093 seruili
892 4029 1067 4093 Ablatino
1095 4031 1177 4092 sine
1202 4031 1400 4109 praeposi·

103 4137 219 4197 tione:
255 4135 413 4196 dicimus
445 4137 542 4196 enim
577 4134 743 4196 ‘doctior
776 4131 871 4194 illc'.
920 4131 1033 4193 Tamen
1062 4132 1284 4194 Priscianus
1312 4130 1398 4192 dixit:

103 4287 330 4298 -—...-—.-.-—.

168 4387 332 4458 inornatus]
350 4407 378 4457 p.
399 4394 461 4457 374,
480 4393 512 4441 19
581 4390 726 4443 alternare
792 4383 969 4455 ilnterdum]
990 4386 1085 4440 Donati
1101 4386 1182 4440 uerba
1198 4393 1256 4439 ram
1273 4389 1291 4440 l.
1310 4389 1327 4440 1.
1383 4385 1400 4438 6

102 4473 147 4524 pro
165 4461 318 4526 conparatio
386 4457 572 4524 antiquando]
591 4461 689 4510 Donati
705 4457 813 4510 undat.
826 4460 844 4510 1.
913 4458 946 4508 to
965 4456 1035 4507 ultim
1094 4458 1244 4510 lacrimare
1296 4456 1400 4520 quibas,

102 4545 146 4578 on.
165 4530 192 4578 in
264 4531 297 4580 16
313 4527 423 4578 desonat
440 4530 542 4595 magnis
603 4529 635 4579 16
651 4523 730 4592 malilll
781 4525 883 4576 exiebat
952 4527 983 4576 17
1001 4525 1116 4589 equalem
1169 4527 1202 4575 to
1220 4522 1275 4575 lurs
1327 4522 1398 4588 Nssllll

103 4596 231 4716 qqpqofluia
249 4597 349 4715 rathqe
366 4597 521 4716 qnalitqtgrq
551 4665 556 4677 .
598 4599 710 4714 20²qunt
727 4593 997 4712 ιι11ηιιιιιιιίιιιιῖἑι1111111111Ι
1079 4595 1110 4644 at
1135 4591 1400 4712 ut2qaqqlioqrissimg

212 4683 218 4713 ι
365 4679 374 4713 ι
522 4681 536 4713 e
698 4676 767 4713 rama
788 4677 810 4711 cr
967 4675 1102 4712 erssemus
1235 4675 1273 4711 roa
1285 4675 1314 4712 or

104 4675 254 4799 interpollate
271 4733 314 4783 hic
331 4679 364 4783 el
373 4677 449 4796 duam
537 4679 703 4784 η34100ιὶιῇ
721 4730 774 4783 illo.
793 4733 852 4781 item
870 4731 1054 4796 conparatione
1073 4729 1185 4780 ablatiuo
1203 4729 1328 4795 singulari
1345 4731 1401 4779 sine

103 4802 295 4919 ριιέξοείιὲοιῇο
316 4803 404 4856 seruit.
440 4801 499 4852 inde
520 4802 630 4852 donatus
717 4796 845 4867 Donatus]
868 4816 897 4865 p.
921 4801 986 4863 ³55,
1011 4801 1043 4848 12
1146 4799 1179 4850 36
1201 4796 1401 4866 Priscianus]1

101 4885 126 4934 Ρ·
182 4874 225 4935 ιῙ
291 4910 298 4924 ·
