3400 5450
600 357 841 412 enauunmcn
1325 358 1367 423 59

71 545 148 606 uado
171 551 258 606 etex
281 547 493 626 praefecturis,
522 565 578 626 pro
600 546 708 608 cliente
730 549 818 608 uenio
841 556 872 608 et
893 566 947 626 pro
969 547 1143 616 clientibus,
1167 567 1238 628 prae
1262 549 1369 608 timore

71 647 152 726 fugio
176 655 300 728 elprae
322 647 495 723 timoribus,
520 648 616 727 palam
632 649 713 711 omni
736 647 812 710 lacio
835 655 865 710 et
886 648 983 729 palam
1005 649 1154 721 omnibus,
1178 652 1243 711 sine
1266 648 1368 710 labore

71 750 193 829 quiesco
216 757 246 824 et
267 752 332 810 sine
355 748 521 821 laboribus,
550 748 661 828 absque
689 750 797 811 iniuria
814 795 920 812 .....
937 760 968 812 et
989 750 1101 830 absque
1122 753 1253 821 iniuriis,
1282 757 1371 834 tenus

70 848 291 929 pubc¹mergo,
316 850 396 931 quod
418 870 471 912 uos
493 851 618 913 dicimus
640 849 719 930 pube
741 858 836 913 tenus.

48 967 59 1010 5
155 953 315 1033 Vtriusque
344 969 416 1016 uero
446 972 531 1016 casus
558 953 795 1032 praepositiones
823 953 902 1016 idest
927 955 1089 1017 accusatiui
1114 962 1143 1014 et
1164 952 1286 1016 ablatiui
1314 954 1370 1016 bae

70 1059 154 1114 sunt:
186 1055 217 1114 in
239 1054 294 1116 sub
316 1074 407 1136 super
429 1055 548 1124 subter,
577 1073 653 1135 quae
676 1063 746 1116 tunc
768 1055 938 1117 accusatiuo
961 1057 1043 1118 casui
1070 1057 1220 1125 seruiunt,
1250 1055 1369 1133 quando

71 1163 120 1216 aut
141 1172 247 1232 gressu
276 1165 326 1218 aut
353 1156 447 1218 uerbo
475 1164 527 1218 aut
553 1158 662 1219 iniuria
686 1164 736 1218 aut
757 1155 841 1236 lapsu
863 1164 914 1223 ant
935 1155 1038 1218 labore
1062 1165 1111 1218 aut
1132 1158 1175 1218 ira
1199 1165 1296 1219 motus
1319 1157 1371 1218 ad-

70 1259 217 1336 signatur,
247 1258 325 1336 quod
349 1261 389 1320 ita
412 1258 546 1336 intellegi
572 1265 685 1338 potest:
713 1259 744 1320 in
773 1277 924 1320 carcerem
948 1267 978 1320 ct
998 1260 1028 1320 in
1058 1275 1194 1320 carceres
1216 1261 1314 1329 mitto,
1337 1262 1368 1320 in

72 1365 199 1420 mortem
222 1366 253 1421 et
272 1361 303 1421 in
328 1366 439 1422 mortes
461 1365 636 1440 prosterno,
665 1361 695 1420 in
719 1367 829 1422 terram
853 1370 883 1422 et
903 1361 934 1420 in
957 1368 1055 1423 terras
1076 1359 1165 1430 cado,
1194 1361 1224 1420 in
1252 1362 1368 1440 praeci-

39 1461 175 1537 spinum
200 1469 230 1522 et
251 1461 281 1522 in
304 1462 478 1542 praecipitia
501 1460 603 1532 ducor,
626 1463 656 1523 in
680 1460 820 1541 praedam
842 1470 874 1523 et
894 1453 932 1523 in¹
948 1460 1075 1542 praedas
1096 1461 1222 1533 diuidor,
1245 1463 1275 1522 in
1299 1480 1368 1542 pro·

72 1561 213 1622 ditionem
241 1572 271 1624 et
298 1565 328 1624 in
355 1563 539 1644 proditiones
567 1565 675 1633 mittor,
704 1564 734 1623 in
758 1571 890 1625 montem
913 1570 941 1624 et
964 1565 995 1624 in
1023 1570 1139 1626 montes
1166 1563 1309 1634 ascendo,
1338 1565 1370 1625 in

72 1662 175 1724 siluam
199 1670 230 1724 et
250 1665 280 1724 in
303 1662 394 1725 siluas
415 1665 507 1736 uado,
529 1666 560 1724 in
583 1663 787 1726 aduersarium
811 1671 842 1725 et
862 1666 894 1726 in
917 1663 1107 1727 aduersarios
1122 1664 1200 1736 iuro,
1216 1666 1247 1726 in
1264 1667 1369 1727 uitium

73 1775 101 1826 et
122 1765 150 1827 in
174 1768 248 1827 uitia
270 1763 358 1840 cado,
388 1767 430 1827 sic
453 1772 483 1827 et
504 1764 550 1827 bis
573 1765 694 1836 similia;
725 1764 781 1828 sub
803 1773 913 1827 terram
937 1774 967 1827 et
988 1765 1044 1827 sub
1066 1773 1162 1828 terras
1190 1765 1286 1837 lodio,
1314 1765 1370 1828 sub

73 1873 201 1929 montem
230 1876 261 1928 et
287 1866 343 1928 sub
370 1876 486 1929 montes
515 1867 633 1938 laboro,
662 1866 718 1930 sub
745 1867 855 1930 lascem
879 1875 909 1928 et
931 1866 986 1928 sub
1009 1867 1107 1929 lasces
1129 1867 1291 1948 deprimor,
1315 1866 1369 1930 sub

43 1983 63 2024 u
76 1968 291 2048 aquaeductum
308 1975 338 2029 et
351 1968 553 2047 aquaeductus
574 1967 702 2031 ambulo.
720 2003 762 2016 -
776 1968 896 2047 ‘Super'
919 1976 1018 2030 autem
1042 1975 1113 2030 tunc
1135 1968 1266 2031 ablatiuo
1289 1971 1371 2032 casui

75 2071 179 2141 seruit,
209 2070 328 2150 quando
357 2090 411 2150 pro
440 2070 513 2132 ‘de’
535 2072 666 2150 ponitur,
697 2070 774 2148 quod
803 2069 945 2132 dicimus:
974 2089 1066 2150 super
1094 2070 1205 2152 populo
1229 2078 1258 2131 et
1279 2089 1370 2152 super

75 2171 189 2252 populis
220 2172 349 2244 uidetur,
378 2191 468 2252 super
489 2172 552 2234 lilio
574 2179 604 2232 et
625 2190 716 2252 super
738 2170 820 2241 liliis,
843 2171 900 2233 boc
922 2180 969 2234 est
989 2172 1027 2234 de
1049 2173 1160 2253 populo
1183 2179 1213 2234 et
1233 2172 1271 2234 de
1293 2173 1369 2242 liliis,

75 2293 161 2354 super
183 2276 318 2336 exercitu
342 2281 371 2335 et
391 2293 484 2355 super
507 2272 701 2344 exercitibus,
730 2273 807 2334 idest
834 2275 871 2334 de
899 2275 1034 2336 exercitu
1062 2283 1092 2338 et
1119 2274 1156 2335 de
1179 2273 1370 2345 exercitibus,

76 2395 163 2456 super
189 2375 248 2436 hac
276 2395 309 2437 re
332 2384 362 2438 et
384 2395 474 2457 super
501 2376 547 2436 bis
574 2375 681 2446 rebus,
716 2374 773 2435 boc
801 2374 851 2436 est'
867 2375 904 2437 dc
928 2375 983 2436 bac
1012 2393 1044 2435 rc
1073 2384 1102 2436 et
1130 2374 1167 2436 de
1194 2373 1242 2438 his
1269 2375 1369 2437 rebus,

44 2493 66 2532 n
78 2476 208 2538 ‘subter'
227 2478 350 2539 eandem
366 2479 427 2539 uim
443 2476 540 2546 babet,
557 2496 646 2558 quam
662 2484 693 2537 et
707 2475 798 2547 ‘sub’,
821 2476 873 2538 sed
889 2475 947 2538 hoo
968 2475 1127 2557 specialius
1149 2476 1369 2540 obseruandum

77 2588 125 2648 est,
135 2579 216 2658 quod
230 2587 300 2642 tunc
311 2583 369 2641 bue
379 2580 615 2661 praepositiones
627 2581 798 2640 accusatiuo
809 2580 891 2640 casui
904 2579 1047 2648 seruiunt,
1060 2578 1180 2660 quando
1193 2579 1242 2640 uel
1253 2596 1369 2657 gressu,

76 2688 214 2761 utsupra
238 2680 348 2744 dictum
371 2689 430 2750 est,
454 2680 503 2744 uel
526 2683 623 2742 animo
647 2679 695 2741 uel
718 2678 812 2742 uerbo
834 2679 883 2740 uel
898 2679 1000 2742 labore
1023 2679 1072 2742 uel
1096 2678 1178 2760 lapsu
1201 2687 1297 2742 motus
1319 2680 1371 2740 ad·

77 2785 218 2861 signatur.
247 2781 383 2846 Ablatiuo
400 2801 472 2844 uero
488 2785 571 2844 casui
585 2790 657 2844 tunc
672 2782 727 2844 bae
742 2782 962 2861 propositiones
984 2784 1130 2852 seruiunt,
1154 2781 1272 2863 qnando
1294 2780 1369 2842 nibil
1476 2813 1479 2818 ·

77 2903 140 2946 cum
167 2885 322 2947 iracundia
351 2885 468 2956 dieitur,
497 2883 571 2946 nibil
599 2902 667 2945 cum
694 2881 798 2945 labore
819 2884 851 2946 lit
872 2883 922 2944 uel
944 2903 1004 2945 non
1027 2883 1062 2944 ad
1093 2882 1201 2946 malum
1230 2884 1370 2954 curritur,

46 2986 151 3065 equod
174 2988 214 3048 ita
237 2985 369 3067 intellegi
392 2993 498 3067 potest
537 2987 670 3050 Dicimus
692 2986 789 3047 euim:
811 2985 842 3046 in
865 2984 954 3046 domo
976 2992 1006 3046 et
1026 2987 1059 3046 in
1081 2984 1219 3046 domibus
1242 3003 1317 3056 sum,
1340 2987 1371 3046 in

79 3089 195 3150 ecclesia
220 3099 251 3150 et
273 3089 301 3148 in
325 3086 457 3150 ecclesiis
479 3095 533 3163 sto,
557 3091 588 3149 in
611 3087 713 3150 charta
736 3095 765 3148 et
786 3089 816 3147 in
839 3086 952 3148 chartis
974 3086 1084 3158 scribo,
1106 3091 1136 3146 in
1157 3085 1267 3167 populo
1291 3095 1320 3147 et
1341 3087 1370 3148 in
1441 3082 1444 3086 ’

80 3191 189 3270 populis
211 3191 370 3270 praedico,
394 3192 423 3251 in
447 3189 525 3250 lecto
541 3198 570 3252 et
586 3192 617 3250 in
632 3188 718 3250 lectis
733 3190 868 3268 quiesco,
892 3188 1050 3270 intemplo
1066 3198 1096 3250 et
1110 3191 1140 3250 in
1157 3186 1274 3269 templis
1291 3233 1316 3248 ..
1331 3235 1337 3248 .
1352 3233 1371 3260 .,

79 3291 129 3352 srrb
150 3291 304 3372 disciplina
328 3299 358 3352 et
379 3290 435 3354 sub
457 3291 620 3371 disciplinis
644 3291 723 3352 uiuo.
766 3289 907 3352 Similiter
929 3289 984 3351 sub
1007 3290 1095 3352 domo
1112 3297 1141 3352 et
1155 3289 1211 3351 sub
1234 3289 1373 3352 domibus

79 3401 134 3465 sto,
161 3394 219 3455 sub
247 3400 326 3455 tecto
354 3401 384 3454 et
411 3392 467 3456 sub
490 3396 577 3455 tectis
606 3393 752 3462 consisto,
781 3390 836 3452 sub
863 3398 1008 3472 potestate
1036 3398 1067 3452 et
1093 3391 1148 3453 sub
1176 3386 1372 3472 potestatibus

50 3495 164 3574 udegc.
188 3494 244 3557 sub
267 3495 332 3573 lege
356 3501 386 3555 et
407 3494 462 3556 sub
483 3493 601 3574 legibus
622 3495 703 3555 uiuo.
738 3494 896 3556 Sciendum
913 3502 1071 3556 esttamen
1087 3493 1264 3573 specialiter,
1281 3494 1371 3575 quod,

81 3597 188 3675 quoties
211 3597 248 3659 ad
272 3596 380 3658 bonam
403 3604 518 3676 partem
539 3614 662 3674 gressus
683 3595 830 3673 dirigitur,
852 3597 974 3675 ponitur
988 3598 1020 3656 in
1036 3593 1165 3656 ablatiuo
1187 3614 1272 3664 casu,
1296 3597 1374 3656 sicut

81 3697 184 3760 dictum
206 3709 267 3760 est:
291 3698 485 3760 ‘benedictus
506 3699 559 3776 qui
580 3699 664 3758 uenit
685 3698 715 3757 in
739 3698 859 3758 nominc
875 3695 1010 3758 domini?
1040 3696 1149 3756 ‘Venit'
1166 3699 1243 3758 enim
1260 3703 1372 3758 motum

145 3917 263 3984 ipreA
315 3917 463 3980 tabeque
480 3917 573 3966 iniuria
590 3917 628 3966 sic
645 3926 670 3966 et
687 3916 825 3979 absqueA
894 3916 1061 3980 lintriusqne
1079 3916 1187 3966 enimin
1238 3917 1374 3982 praeposi-

83 3985 192 4035 tionisb
246 3985 346 4036 haecA
417 3985 577 4052 bsurpterB
647 3985 1008 4034 'iarrtmotueutuerboB
1044 3984 1156 4050 lapaoB
1191 3983 1373 4033 arrtmotusA

83 4053 97 4102 8
113 4064 138 4102 ιιι
154 4054 178 4102 in
197 4055 318 4104 carcirem
337 4055 356 4104 B
459 4056 475 4104 9
498 4055 523 4102 in
546 4061 654 4102 mortem
676 4053 740 4102 eicio
763 4053 870 4102 indncor
893 4053 918 4101 in
936 4062 1042 4102 mortem
1061 4053 1173 4102 ascendo
1191 4053 1216 4102 iu
1235 4052 1327 4101 siloem
1346 4052 1371 4100 iu

83 4121 168 4170 niciam
187 4123 252 4172 cado
271 4123 312 4171 nel
329 4123 370 4172 lris
389 4121 483 4171 similia
500 4122 529 4184 B,
548 4123 641 4171 ceteris
658 4122 757 4171 omneis
825 4123 856 4170 11
875 4121 901 4169 in
919 4120 1109 4186 proditionibus
1128 4121 1152 4170 Α
1203 4120 1373 4170 descendoA

86 4199 236 4286 liidtreoll
322 4225 354 4275 13
370 4195 488 4273 {imiliter
505 4223 554 4273 sub
572 4223 702 4273 terramB
788 4224 821 4272 14
837 4222 1026 4287 depraemorB
1113 4223 1144 4272 15
1162 4221 1372 4283 aqueductumA

84 4293 232 4352 aqueductus
251 4294 275 4342 Α
310 4291 472 4357 superenim
493 4295 514 4339 Α
532 4291 649 4356 supch
706 4291 738 4341 16
755 4291 816 4353 quia
833 4291 964 4340 dicitur-B
999 4305 1077 4354 super
1094 4289 1198 4354 populis
1217 4299 1245 4338 ut
1262 4288 1284 4338 si
1301 4289 1373 4338 dicas

84 4357 112 4404 de
146 4359 221 4425 opulo
240 4371 265 4410 et
286 4358 318 4410 de
341 4359 446 4425 populis
468 4360 535 4410 idest
555 4374 633 4424 super
655 4359 767 4408 exercitu
792 4353 821 4408 et‘
839 4374 917 4424 super
939 4357 1091 4408 exercitibus
1115 4358 1154 4406 uel
1177 4357 1218 4408 his
1241 4355 1336 4406 similia
1354 4357 1373 4406 Β

87 4427 113 4474 tu
128 4375 219 4493 bupter
239 4438 324 4478 autem
346 4443 422 4490 quam
446 4427 499 4478 uim
523 4427 622 4476 lralreti
641 4426 747 4476 eandem
770 4440 846 4488 qnam
870 4441 947 4488 quam
965 4436 992 4475 et
1009 4426 1066 4474 snb.
1095 4425 1207 4474 ablatiuo
1225 4425 1296 4474 casui
1314 4435 1374 4474 tune

86 4492 141 4542 baec
156 4497 360 4562 praepositiones
379 4496 494 4545 seruiunt
511 4495 614 4558 qnando
633 4493 695 4544 nihil
713 4508 771 4544 cum
789 4495 827 4543 ira
845 4505 870 4543 et
887 4494 984 4544 inuidia
1001 4493 1093 4543 dicitur
1104 4505 1131 4542 et
1144 4492 1205 4542 nilril
1218 4508 1274 4542 cum
1288 4492 1374 4542 labore

87 4559 110 4608 iit
125 4563 161 4612 uel
180 4579 230 4612 non
249 4566 281 4613 ad
299 4563 394 4612 malrum
412 4565 520 4612 curritur
538 4563 609 4626 quod
627 4564 662 4612 ite
679 4562 791 4626 intellegi
808 4571 902 4626 potest.
920 4562 1027 4612 dicimus
1046 4562 1113 4610 enim
1132 4561 1158 4610 in
1175 4561 1253 4610 domo
1272 4573 1328 4610 sum
1348 4560 1373 4608 iu

87 4629 168 4680 eclesia
190 4632 261 4681 etin
284 4631 382 4682 eclesiis
406 4647 463 4689 sum
482 4633 530 4680 sub
548 4631 685 4696 disciplina
702 4639 728 4680 et
744 4630 792 4680 sub
809 4629 952 4696 disciplinis
977 4629 1037 4678 uiuo
1059 4629 1107 4678 sub
1130 4638 1258 4694 potestate
1278 4638 1303 4677 et
1325 4629 1373 4677 sub

88 4699 246 4758 potestatibus
268 4699 359 4765 degeo.
395 4697 532 4750 Sciendum
555 4710 595 4748 est
617 4709 700 4748 tomen
723 4697 869 4763 specialiter
891 4697 961 4761 qnod
983 4697 1084 4760 quoties
1108 4697 1141 4746 ad
1163 4697 1255 4746 bonam
1275 4705 1373 4761 partem

87 4777 182 4824 gressus
200 4766 287 4821 020.ss
333 4767 463 4817 eademA
532 4769 563 4816 21
583 4777 609 4816 ut
628 4777 686 4816 tunc
705 4767 941 4831 praepositonesrl
1010 4764 1133 4816 iliberi
1203 4765 1373 4815 antomon

87 4831 238 4884 ideartad
304 4835 422 4884 carust
490 4837 524 4886 28
541 4835 660 4884 domun
729 4835 762 4884 29
780 4843 847 4883 tectu
864 4836 887 4883 Α
955 4835 988 4885 30
1005 4833 1127 4900 degens
