3420 5450
491 351 558 402 9Βὸ
577 351 753 404 ΑΝΟΝΥΜΑ
770 353 982 406 sinnitensis.
1238 368 1385 416 LXXXVII

115 547 143 606 H.
162 540 250 602 1199199
272 544 348 602 adn.
372 545 415 602 ad
437 539 575 603 Oledonii
591 560 627 618 p.
652 549 707 612 19,
732 549 779 602 22.
790 539 822 624 e)
870 542 932 614 999
953 559 1135 619 quamquam
1156 544 1242 604 9999
1262 545 1386 604 multum

113 645 169 708 noui
187 647 337 714 docemur,
367 643 440 705 91999
467 641 677 718 qrammaticis
705 642 771 704 alia
799 642 864 704 eius
886 643 1105 721 disputationis
1122 644 1260 720 frustula
1280 662 1385 720 99999-

114 746 240 814 99999,
273 755 375 807 tamen
404 752 574 823 opportune
609 744 738 814 accidit,
773 754 806 806 ut
833 742 893 806 ista
927 745 1028 806 omnia
1057 748 1110 807 999
1138 764 1198 807 999
1225 755 1386 823 conspectu

110 851 245 928 proposita
267 853 359 923 atque
380 846 486 908 idonei
506 844 668 923 scriptoris
690 847 875 910 auctoritate
893 850 1018 921 999919
1040 847 1262 910 inuenirentur.
1307 846 1388 919 Ouid

112 953 174 1028 quod
193 947 315 1010 Catonis
336 952 419 1011 19999
439 951 585 1016 99919999
606 965 668 1010 999
689 948 751 1011 9999
766 967 806 1010 en
822 948 965 1010 09999999
977 968 1010 1026 9.
1030 957 1095 1025 192,
1114 957 1130 1008 9
1152 958 1238 1010 notus
1255 950 1385 1023 suerat?

113 1056 164 1114 iam
184 1050 396 1126 intelleqimus,
426 1069 467 1113 99
495 1053 596 1112 eodem
614 1050 704 1125 sorite
724 1059 754 1112 et
777 1049 935 1112 Claudium
957 1061 986 1112 et
1007 1051 1181 1129 Pompeium
1199 1069 1233 1128 p.
1259 1058 1324 1122 199,
1351 1059 1387 1111 19

111 1173 159 1230 999.
184 1151 328 1214 hausisse.
376 1153 452 1213 Nam
484 1156 569 1230 apud
599 1153 772 1230 Pompeium
803 1171 871 1214 cum
898 1156 1047 1215 nonnulla
1075 1153 1293 1229 desiderentur,
1323 1162 1385 1214 tum

110 1257 205 1316 999991
219 1253 357 1332 9999919,
381 1271 460 1330 quae
482 1255 567 1330 9999
582 1256 739 1317 Claudium
762 1273 822 1316 non
838 1254 1043 1331 reperiuntur.
1074 1256 1136 1316 Sed
1157 1255 1385 1317 9199999999

110 1355 303 1432 disquisitione
329 1355 501 1432 colliqirnus
529 1359 620 1418 99119
647 1355 775 1420 maioris
801 1356 955 1432 momenti,
991 1357 1152 1419 91999999
1179 1358 1383 1428 Sacerdotem,

108 1459 172 1522 sicut
197 1460 234 1519 air
257 1457 445 1520 Endlicitero
472 1457 589 1520 edictus
610 1469 670 1538 est,
699 1455 757 1521 nort
779 1463 873 1521 solum
901 1457 1022 1522 omnino
1049 1460 1237 1534 mutilatum,
1260 1455 1321 1520 'sed
1346 1477 1385 1520 ne

110 1559 228 1636 sinqulis
248 1559 369 1636 quidem
385 1560 532 1636 partibus
553 1559 706 1638 inteqrum
729 1565 772 1623 ad
791 1581 845 1624 nos
860 1560 1031 1631 deuenisse,
1053 1559 1201 1638 siquidem
1223 1561 1256 1623 in
1270 1579 1384 1624 99999
1422 1610 1426 1620 .

106 1680 191 1724 renuo
219 1659 419 1724 similitudine
445 1662 604 1739 utriusque
632 1663 694 1725 loci
720 1674 750 1724 et
778 1666 937 1726 uariorum
964 1671 993 1724 et
1020 1662 1236 1726 sententiarum
1263 1663 1385 1725 9999199

101 1769 182 1844 plane
201 1761 341 1825 diuersus
362 1773 406 1825 est
431 1762 478 1824 ita
507 1773 621 1841 tamen,
653 1774 687 1826 ut
713 1764 830 1828 codicis
852 1765 1019 1828 dernensis
1046 1769 1129 1828 locus
1156 1767 1199 1827 od
1219 1765 1384 1843 pristinam

105 1864 216 1927 Claudii
237 1866 372 1939 sormam
395 1865 526 1943 prop-ius
554 1869 699 1928 accedere
726 1867 880 1930 uideatur.
925 1869 1009 1930 11999
1030 1867 1129 1945 iqitur
1151 1867 1254 1945 prisci
1277 1885 1383 1944 9999·

104 1967 198 2030 991999
222 1966 430 2044 conceptiones
458 1967 583 2030 diuersa
611 1968 731 2031 ratione
751 1969 907 2032 institutos
928 1969 1066 2032 9999999
1087 1981 1232 2040 tenemus,
1256 1986 1384 2047 quarum

105 2069 219 2132 ulterius
244 2079 328 2140 9991,
357 2086 436 2146 9999
462 2069 497 2131 in
526 2080 593 2132 arte
620 2089 772 2150 9999999
800 2071 952 2133 Bernensi
978 2080 1099 2146 entant,
1129 2071 1274 2148 alterius,
1306 2089 1386 2148 quoe

103 2171 170 2234 iusto
196 2169 297 2248 operis
323 2169 457 2234 circuitu
486 2171 646 2234 Boiiensis
681 2171 798 2236 codicis
824 2174 968 2248 99999999
995 2184 1119 2236 seruata
1146 2181 1225 2236 sunt.
1275 2177 1384 2250 ltaque

102 2293 152 2335 non
176 2273 364 2351 mirandum,
393 2277 474 2351 quod
501 2273 595 2336 ceteri
624 2275 702 2336 artis
725 2275 889 2338 Beruensis
916 2275 979 2338 loci
1003 2275 1169 2338 Claudiani
1196 2275 1229 2338 in
1250 2275 1385 2337 editione

109 2375 319 2438 9999999999
340 2392 399 2436 non
421 2373 636 2457 inueniuntur3
663 2385 734 2438 sunt
754 2387 852 2440 autem
874 2378 908 2440 nt
924 2397 961 2456 p.
988 2387 1053 2454 107,
1081 2387 1129 2440 21.
1156 2387 1193 2438 29
1215 2380 1253 2438 99
1274 2377 1385 2439 tertiae

102 2476 305 2540 destinationis
330 2477 442 2539 litteris
470 2477 679 2542 terminalibus
686 2500 697 2549 ,·
726 2499 761 2558 9.
788 2489 858 2556 139,
884 2491 922 2541 21
951 2483 989 2542 99
1015 2480 1140 2558 quintae
1169 2478 1384 2543 declinationis

101 2579 274 2650 riouiniitts5
296 2598 330 2657 p.
357 2587 412 2640 133
418 2623 428 2658 ,
454 2589 471 2639 5
500 2583 538 2641 99
565 2581 692 2657 quintae
718 2581 934 2645 declinat-ionis
961 2581 1131 2644 nominibus
1158 2584 1244 2660 apud
1269 2589 1384 2643 ueteres

100 2681 261 2757 quintinum
293 2684 478 2758 sinqularem
509 2681 634 2744 similem
668 2682 878 2746 nominatiuuo
913 2683 1107 2754 9999919999,
1142 2702 1201 2760 qno
1228 2687 1294 2746 loco
1313 2701 1382 2760 per-

102 2803 180 2860 quam
200 2783 391 2845 memorabile
413 2793 466 2856 991,
489 2784 662 2846 9199999999
684 2784 791 2846 iisdem
809 2787 880 2858 scre
901 2786 1002 2848 ueritis
1024 2804 1109 2847 usum
1130 2803 1194 2848 csse
1210 2805 1244 2863 9.
1269 2792 1381 2864 31,13,

99 2887 136 2958 rs.
157 2903 233 2961 quac
253 2904 350 2962 supra
373 2887 411 2946 99
427 2886 550 2948 Catonis
571 2890 638 2948 loco
660 2887 733 2949 solis
754 2905 774 2947 a
793 2887 921 2949 9199999
941 2896 971 2949 91
994 2887 1136 2950 Charisia
1156 2895 1278 2949 seruato
1300 2885 1382 2948 diui-

99 3007 169 3058 nus;
191 2985 321 3064 denique
338 3006 372 3063 p.
400 2994 466 3062 131,
493 2995 527 3047 29
549 2991 587 3048 99
607 2986 738 3050 nominis
759 2985 1003 3069 99119919999.**)
1035 2991 1170 3051 Ceterum
1192 2993 1278 3067 apud
1297 2987 1383 3050 itlius

98 3089 229 3167 tentporis
255 3087 473 3166 qrammaticos
499 3092 614 3150 nuliam
639 3098 800 3167 praetcrea
824 3089 949 3152 Claudii
976 3090 1154 3153 mentionem
1179 3093 1299 3166 sactum
1321 3107 1383 3151 esse

98 3209 170 3253 nour.

169 3345 296 3406 Restant
323 3343 440 3421 aliquot
469 3344 602 3422 Serqii
629 3345 691 3407 loci
718 3363 758 3408 eac
785 3346 850 3408 cius
878 3346 1050 3410 remittentis
1077 3347 1216 3425 excerpti
1237 3352 1382 3411 19919999

99 3446 249 3522 99999919,
277 3449 315 3508 99
342 3445 450 3522 quibus
480 3446 570 3521 infru
594 3449 701 3525 praes.
719 3448 824 3526 partis
846 3450 903 3511 111
926 3466 996 3526 999.
1020 3451 1068 3511 VI
1086 3449 1203 3520 dicam,
1232 3451 1382 3514 Isidori

96 3567 121 3624 9.
136 3557 182 3628 32,
205 3558 238 3618 2;
263 3557 312 3624 39,
332 3559 386 3619 27,·
411 3557 478 3625 119,
499 3557 547 3628 25,
569 3550 612 3623 os.
631 3549 720 3624 infra
737 3550 844 3628 praes.
862 3550 967 3628 partis
987 3553 1043 3613 III
1063 3570 1131 3629 cap.
1148 3553 1215 3624 XI5
1238 3551 1382 3615 Felicis

95 3659 207 3730 9131,
232 3659 288 3721 39;
324 3650 460 3712 Flacci
481 3670 518 3728 p.
544 3660 616 3730 131,
641 3660 694 3724 19,·
725 3651 890 3715 Garrini
911 3672 947 3730 p.
973 3662 1045 3726 139,
1071 3661 1121 3725 19,·
1157 3654 1382 3732 Hieronymi

99 3753 243 3827 1999919
250 3754 289 3814 99
304 3751 464 3814 11199999
478 3752 682 3830 Peperini,
705 3757 743 3814 99
758 3752 866 3830 quibus
880 3753 925 3828 cs.
938 3756 1043 3831 praes.
1056 3755 1162 3833 partis
1177 3758 1231 3818 III
1244 3775 1314 3835 cap.
1332 3760 1380 3829 X;

103 3853 240 3917 Valerii
263 3873 298 3932 9.
325 3862 397 3929 123,
423 3864 458 3925 5;
494 3853 668 3931 Verqilii
696 3854 831 3917 Asiani
859 3857 1045 3932 multotiens,
1080 3861 1118 3919 de
1145 3877 1203 3934 quo
1224 3860 1267 3933 cs.
1290 3859 1381 3934 infra

97 3965 156 4016 sect.
177 3959 255 4026 VII;
279 3974 377 4033 neque
394 3975 499 4034 parua
514 3967 558 4020 est
573 3975 682 4020 manus
702 3961 837 4020 locorum
860 3977 1077 4038 anonymorum
1098 3965 1196 4023 soluta
1218 3961 1381 4037 uinctaque

99 4057 222 4120 oratione
250 4067 478 4136 conceptorum,
510 4061 548 4119 de
576 4059 683 4136 999999
709 4058 827 4122 indices
854 4063 947 4122 adeas
974 4081 997 4123 9.
1020 4083 1050 4124 n.
1081 4081 1159 4134 ars,
1190 4073 1378 4136 auctores,

101 4158 216 4221 Bittio
244 4179 378 4238 sacra,
405 4161 670 4242 qrammatici,
698 4162 846 4224 incerti
862 4173 1014 4240 poetae,
1044 4164 1191 4228 incerti
1213 4166 1377 4244 scripto-

99 4279 156 4322 res.
184 4263 228 4324 119
244 4261 436 4324 Flauiani
457 4263 533 4324 locis
551 4283 584 4341 p.
605 4271 667 4334 197,
687 4272 725 4324 21
740 4283 801 4340 seq.
817 4276 889 4342 etp.
909 4274 971 4340 133,
990 4275 1028 4326 39
1049 4275 1077 4328 91
1099 4270 1137 4328 99
1159 4268 1379 4331 Caniniano

101 4361 173 4435 insra
191 4363 294 4442 partis
315 4366 371 4426 111
391 4381 461 4442 999.
485 4366 543 4427 III
561 4366 737 4428 accinctius
759 4366 873 4429 dicturi
894 4385 1003 4432 sumus.

103 4499 310 4510 ψ...-

153 4565 178 4629 *)
194 4567 230 4617 De
248 4569 325 4618 Probi
345 4567 401 4620 ioco
419 4566 451 4623 ci.
472 4585 552 4636 supra
570 4570 627 4620 eod.
648 4569 721 4620 Bern.
740 4571 790 4621 207
808 4570 1004 4637 descriptionem
1022 4589 1049 4639 p.
1069 4573 1130 4623 XIX
1149 4575 1192 4627 lin.

141 4633 180 4702 ’Ἰ
197 4637 244 4696 Qui
264 4637 310 4688 ioci
331 4637 401 4700 qnod
419 4639 447 4688 in
459 4639 570 4689 editione
583 4637 780 4688 vindobonensi
797 4653 848 4688 non
867 4641 1040 4701 inueniuntur,
1059 4657 1092 4691 ex
1110 4655 1182 4707 purte
1199 4643 1258 4694 hino
1276 4660 1380 4708 quoque

101 4705 232 4768 explicetur,
251 4706 322 4769 quod
340 4706 438 4756 codicis
456 4707 590 4757 Bobiensis
609 4707 789 4770 quaterniones
812 4707 863 4758 duo
887 4710 985 4774 priores
1009 4710 1185 4776 deperierunt,
1208 4727 1260 4776 quo
1282 4715 1379 4766 i'actnnn

101 4773 259 4892 ‹nurutegerz
260 4775 394 4892 9911911199,
412 4789 480 4891 im
497 4776 529 4826 do
547 4775 649 4825 nomine
667 4787 691 4824 et
709 4777 862 4841 pronomine
880 4791 966 4842 egerat
978 4775 1114 4843 Sacerdos,
1131 4780 1228 4831 iactura
1246 4782 1325 4844 fieret,
1343 4783 1376 4836 ci.

102 4853 431 4908 pne..rno.p..
1130 4879 1132 4882 ·
