3412 5452
334 357 382 404 cn
489 339 493 344 ¹
712 341 962 405 Qvtusrtonus
983 341 1261 394 Gnsnuunlcun·

335 533 485 608 nereeud
509 532 626 592 Sacrae
652 531 835 606 Scripturoe
861 534 942 592 locos
975 534 1092 606 aliquot
1124 536 1237 592 rectius
1262 535 1484 606 coortoscendos
1509 537 1613 609 scripte

334 641 417 708 sunt,
448 651 506 710 quo
534 638 565 694 in
591 651 703 708 uenere
730 635 764 692 id
790 636 864 693 selis
891 633 1082 693 memorabile
1113 641 1170 708 est,
1208 636 1364 708 uulgatum
1393 651 1484 710 orium
1514 645 1613 695 reorum

335 738 515 812 Sermonem
541 737 769 795 translationem
798 734 937 795 Latinum
965 739 1054 810 quusi
1078 739 1279 811 eremmueice
1306 739 1453 812 scriptum
1476 745 1563 812 utere
1582 740 1614 796 el

335 844 400 915 ipso
428 839 546 914 Spiritu
574 838 688 898 Sancto
717 845 861 898 occurute
894 841 1060 898 institutum
1094 842 1242 899 acerrime
1276 841 1313 898 ob
1342 842 1427 898 islieu
1450 838 1615 912 sorruoinis

336 949 460 1001 auclore
482 940 615 1014 defendi,
642 958 727 1015 quem
749 943 922 1015 ceteroquin
944 943 1210 1014 eremneu'corum
1226 947 1358 1001 ueterum
1369 943 1547 1016 praeceptis
1565 959 1615 1000 uon

327 1045 529 1102 ‘mediocriter
558 1043 693 1102 inlutum
715 1041 814 1114 fuisse
839 1043 948 1102 midlis-
973 1044 1047 1102 loeis
1069 1041 1232 1117 probetur.
1290 1044 1386 1117 Atqite
1414 1050 1447 1102 ut
1475 1047 1616 1118 excerptis

255 1199 258 1207 i
335 1163 414 1220 quoe
430 1147 497 1204 inici
514 1144 588 1216 sore
602 1146 795 1217 uidebuntur,
818 1151 921 1203 cetero
944 1146 1153 1218 relinquerem,
1178 1161 1213 1203 eo
1230 1144 1358 1217 sucilius
1380 1146 1419 1204 uo
1442 1147 1544 1204 animo
1562 1163 1616 1204 meo

290 1313 293 1319 ,
336 1249 507 1322 ineruerent,
527 1253 691 1322 postquem
717 1248 838 1305 minime
866 1248 944 1306 inter
966 1262 998 1304 se
1018 1247 1184 1306 colmerere
1204 1249 1326 1320 sinente
1348 1249 1431 1320 uidi,
1463 1247 1544 1321 qreod
1567 1264 1617 1320 ouo

334 1352 438 1409 melius
467 1351 707 1422 intellegeretur,
741 1351 859 1424 prioris
893 1355 1041 1407 tractulus
1070 1351 1204 1423 poninus
1231 1355 1292 1407 tres
1319 1351 1457 1422 intrares
1479 1352 1619 1424 proposui

332 1471 364 1528 p.
392 1457 557 1522 172—175,
586 1457 630 1509 lt.
675 1449 754 1509 Num
776 1452 860 1510 nullo
882 1450 957 1510 neec
972 1453 1188 1510 sententiarum
1211 1467 1330 1510 conecu
1351 1453 1555 1510 intercedente
1573 1468 1617 1508 cc-

330 1557 433 1629 posim
455 1570 517 1613 esse
539 1553 633 1612 uides.
678 1553 763 1610 Idem
781 1569 910 1626 prorsus
932 1554 969 1610 de
992 1554 1090 1612 eltero
1105 1559 1241 1614 tructotu
1254 1555 1449 1613 statuendum
1469 1559 1521 1625 est,
1545 1554 1619 1612 euim

335 1659 453 1716 initium
475 1657 531 1714 ltoc
549 1661 618 1714 cst:

421 1757 592 1816 {Beatus
616 1753 853 1816 llieronimus
874 1756 908 1814 in
933 1753 1030 1813 libro
1052 1753 1320 1816 Hebraieorum
1345 1757 1534 1816 nominum
1556 1775 1619 1834 quo·

338 1860 416 1918 tiens
438 1859 469 1916 in
492 1858 587 1916 ueteri
609 1865 785 1917 testamento
809 1875 917 1916 nomen
941 1857 1072 1935 repperit
1095 1856 1183 1918 isaiae
1206 1835 1336 1937 (isaie),
1372 1875 1427 1937 per
1455 1859 1465 1916 i
1494 1858 1619 1936 protulit;

336 1969 366 2021 at
388 1959 439 2020 ubi
463 1959 544 2020 uenit
567 1959 602 2019 ad
627 1977 735 2019 nouum
760 1966 980 2028 testamentum,
1004 1956 1080 2018 idest
1102 1957 1137 2018 ad
1159 1959 1353 2037 euangelium,
1378 1961 1516 2038 protinus
1539 1979 1620 2039 pere

336 2062 412 2123 dixit
434 2061 587 2121 ‘Esaiam’
610 2068 640 2120 et
662 2063 762 2122 statim
784 2058 955 2121 subintulit:
984 2062 1126 2120 ‘uerum
1156 2060 1250 2140 apud
1273 2059 1439 2122 liebreos
1467 2061 1509 2124 ab
1534 2065 1542 2122 i
1565 2060 1621 2120 tn-

337 2174 419 2223 tera
441 2164 552 2224 sumit
575 2162 797 2224 exordium’.
843 2162 925 2223 Vnde
949 2163 1114 2223 certissime
1137 2163 1290 2222 sciendum
1312 2164 1409 2242 plane,
1434 2163 1512 2244 quod
1536 2181 1587 2242 ruer
1608 2185 1621 2222 3

338 2265 388 2341 (un
411 2283 465 2344 per
487 2265 525 2342 it)
556 2264 753 2326 debemus-id
786 2281 903 2344 semper
931 2265 1047 2324 efferre.
1092 2263 1151 2324 Nee
1175 2265 1298 2334 mirum,
1327 2283 1393 2325 rum
1425 2273 1455 2325 ot
1477 2265 1513 2325 eb
1536 2266 1620 2326 Edon

336 2385 395 2429 sion
419 2366 543 2427 Edomei
565 2367 623 2440 sed,
640 2367 753 2428 idumei
776 2367 816 2427 sit
837 2365 1059 2445 proiciendum.
1108 2365 1131 2426 11
1155 2367 1219 2426 Νοιι
1243 2368 1321 2427 enim
1344 2375 1505 2428 coutuntur
1528 2365 1622 2428 ludaei

337 2469 555 2548 8333311ιηί3]Ι
600 2466 682 2528 Licet
711 2470 804 2538 enim,
834 2469 912 2528 siout
934 2467 1051 2537 ε13333,
1080 2468 1123 2527 sic
1146 2477 1175 2528 et
1197 2468 1288 2528 ‘utor'
1317 2471 1457 2545 iungatur
1487 2467 1619 2538 oblatiun,
1682 2525 1683 2540 ,

336 2580 434 2633 tamen
464 2571 512 2633 hic
541 2571 767 2633 ‘Samaritanis'
797 2571 929 2640 datiuus,
965 2579 996 2630 ut
1025 2573 1145 2632 ‘eoutor
1174 2571 1255 2632 tibi’.
1305 2571 1342 2632 111
1376 2571 1485 2650 Figura
1514 2572 1621 2632 heroici

336 2693 443 2738 uersus
466 2684 531 2745 ete„
555 2676 600 2749 es.
621 2693 655 2750 p.
679 2681 743 2748 183,
771 2681 814 2734 11.

420 2781 464 2840 lli
490 2781 585 2853 initur
611 2785 778 2851 tractulus,
814 2793 996 2852 quemquem
1029 2793 1082 2838 suo
1111 2783 1235 2853 uterque
1261 2779 1349 2838 modo
1376 2781 1549 2853 conpositus
1574 2785 1621 2848 est,

337 2889 408 2942 sunt
435 2888 533 2942 temen
561 2881 724 2954 nonnulle,
759 2897 838 2954 quoe
871 2882 902 2938 in
935 2887 1062 2954 utroque
1094 2880 1200 2939 eodem
1232 2883 1351 2940 ratione
1377 2882 1535 2956 explicato
1567 2895 1622 2938 esse

252 3009 256 3018 ·
337 2985 452 3044 uidens.
492 2983 607 3056 ltaque
628 2985 660 3040 in
683 2982 780 3040 altero
798 2980 828 3053 f.
854 2987 911 3039 63⁶
932 2981 1007 3040 leuce
1028 2982 1186 3056 tenuntur:

424 3081 507 3154 Quod
531 3082 703 3143 Priscianus
725 3081 806 3151 dixit,
831 3082 908 3160 quod
931 3083 1006 3142 sieut
1028 3101 1044 3142 a
1067 3101 1138 3162 rege
1161 3083 1224 3143 rexi
1247 3082 1364 3163 dempta
1387 3083 1397 3142 i
1420 3091 1553 3144 remanet
1575 3101 1621 3144 rer

338 3193 370 3245 et
393 3204 408 3245 a
433 3184 503 3245 duxi
526 3182 645 3260 (adduxi
667 3183 747 3264 cod.)
771 3183 829 3244 dux
853 3192 882 3244 et
904 3203 919 3243 a
943 3183 1027 3244 luceo
1052 3181 1109 3244 luxi
1133 3183 1190 3253 lux,
1215 3186 1257 3246 sic
1279 3204 1295 3244 a
1318 3187 1469 3262 coniunge
1491 3186 1621 3245 coniunxi
1680 3223 1681 3240 ι

339 3289 467 3348 ouriiunx
492 3285 598 3346 debeat
613 3285 684 3355 dici,
709 3286 860 3346 sciendum
885 3287 1062 3354 certissime,
1087 3285 1254 3348 nullatenus
1276 3288 1305 3348 id
1329 3305 1436 3348 uerum
1460 3304 1538 3358 esse,
1561 3287 1621 3363 quia
1680 3317 1681 3399 1

339 3388 480 3450 uidelicet
501 3389 531 3448 in
554 3386 758 3465 superioribus
781 3386 881 3448 uerbis
911 3386 1029 3448 uocales
1051 3386 1197 3448 habentur
1224 3396 1292 3451 ante
1321 3388 1456 3451 ultimam
1478 3388 1620 3470 syllabam,

339 3508 397 3550 non
422 3490 508 3551 etiarn
532 3497 743 3556 consonantes,
774 3497 806 3548 ut
834 3488 923 3549 habet
946 3489 1119 3550 ξ33313331.
1165 3489 1201 3550 Vt
1228 3499 1323 3551 autem
1347 3490 1510 3552 clareateet
1531 3498 1623 3570 pateat
1679 3505 1680 3562 g

339 3594 433 3653 torma
456 3593 618 3652 conformis
641 3599 669 3652 et
691 3607 795 3652 norma
824 3590 983 3669 regularis,
1012 3590 1165 3652 consimile
1194 3591 1319 3653 uerbum
1349 3595 1492 3672 competit
1518 3595 1620 3672 quaeri,

339 3713 398 3775 quo
421 3693 545 3755 ueritate
569 3692 654 3753 simul
679 3702 766 3771 atque
789 3693 967 3753 certitudine
995 3695 1039 3752 rei
1067 3695 1171 3772 possit,
1203 3693 1391 3772 usurpauit,
1421 3695 1544 3774 quisque
1566 3693 1622 3754 uult

339 3796 464 3858 intueri:
494 3797 622 3873 ninguu,
651 3797 728 3856 sicut
750 3803 780 3857 et
802 3796 966 3874 coniunge,
997 3793 1086 3854 habet
1107 3815 1125 3855 n
1148 3797 1177 3854 in
1201 3793 1381 3874 penultimo:
1406 3797 1530 3876 proinde
1552 3799 1622 3857 sieut
1678 3857 1679 3864 ἶ

339 3918 355 3958 3
379 3899 468 3976 ningo
492 3906 521 3956 et
544 3898 625 3957 ninxi
649 3915 708 3957 non
731 3897 763 3957 ln
785 3899 866 3966 ninx,
890 3896 942 3957 sed
965 3897 1025 3966 nix,
1048 3898 1087 3956 ite
1103 3915 1228 3975 prorsus
1252 3907 1280 3957 et
1295 3915 1311 3957 a
1327 3899 1475 3976 coniunge
1491 3899 1621 3960 coniunxi
1650 3895 1655 3919 ¹
1678 3879 1679 3920 ³

340 4019 398 4060 non
434 4001 466 4060 lit
500 3998 558 4060 ullo
593 3999 680 4060 modo
708 3996 886 4077 regulariter
922 4000 1064 4068 coniunx,
1095 3999 1147 4059 sed
1176 3999 1348 4060 omnimodo
1378 4001 1495 4060 coniux.
1546 3997 1620 4060 Vnde

340 4103 501 4162 Sanetus
529 4103 761 4178 Augustinus
789 4101 824 4160 in
858 4102 951 4160 artis
981 4101 1245 4179 grammaticae
1275 4101 1520 4179 (grammatieicae
1547 4099 1619 4176 cod.)

340 4203 433 4273 libro,
464 4205 550 4264 sicuti
572 4202 631 4262 dux
654 4211 684 4263 et
705 4201 770 4270 lux,
799 4204 842 4263 sic
871 4201 957 4262 docet
980 4203 1083 4270 etiam,
1108 4203 1185 4280 quod
1210 4205 1239 4262 iu
1265 4222 1301 4263 ux
1326 4202 1441 4265 desinet
1464 4203 1553 4281 (sulm
1575 4202 1619 4261 de·

339 4305 444 4382 signat)
468 4308 584 4366 eortius.

424 4409 483 4467 llic
511 4411 672 4482 decoremini
696 4411 778 4468 loeus
806 4411 836 4466 in
863 4409 926 4467 eius
958 4409 1081 4482 scriptis
1106 4410 1314 4483 qrummulicis
1348 4425 1409 4467 non
1443 4415 1540 4480 celet,
1570 4408 1622 4466 nisi

339 4514 517 4586 scriptorem
540 4513 577 4568 de
598 4529 632 4570 eo
656 4511 843 4585 Regularum
866 4513 931 4570 loco
953 4512 1102 4584 recitasse
1123 4510 1224 4583 dicus,
1257 4513 1310 4586 qui
1330 4517 1374 4569 est
1390 4527 1424 4586 p.
1451 4515 1516 4582 503,
1542 4519 1559 4566 5
1582 4510 1620 4567 l':

342 4611 421 4671 ‘Exit
442 4630 535 4689 genus
558 4629 713 4672 commune
737 4613 817 4672 etin
841 4615 889 4670 iux
912 4609 1069 4690 syllabam,
1094 4617 1125 4670 ut
1147 4613 1268 4680 coniux,
1293 4611 1342 4672 hie
1365 4609 1487 4671 ethaeo
1510 4613 1618 4669 eortius.

341 4713 409 4772 Exit
430 4720 459 4774 et
481 4715 511 4772 in
536 4731 584 4780 ux,
608 4723 638 4774 ut
661 4713 708 4774 hie
731 4724 761 4773 et
784 4713 856 4773 haec
879 4711 935 4771 dux
959 4712 1074 4772 redux'.
1120 4713 1181 4773 Sed
1201 4715 1258 4773 lroc
1277 4731 1390 4789 purum
1404 4715 1558 4790 productile
1571 4721 1618 4771 est.

342 4817 413 4876 Cum
435 4817 481 4876 leis
503 4818 596 4889 initur
618 4816 770 4889 conserus,
795 4834 873 4890 necue
892 4833 924 4890 p.
952 4823 1016 4888 lid,
1042 4822 1142 4874 3-tl
1165 4819 1314 4890 excerpsi.
