3394 5448
319 335 382 402 238
712 339 947 392 conunurvu
966 338 1209 391 musrnnnusn

321 529 458 606 Stirps,
483 525 601 604 quando
623 528 846 604 generationem
870 527 1029 604 signifieat.
1054 535 1125 589 tunc
1148 535 1193 588 est
1214 527 1407 596 lemininum.
1431 539 1475 591 nt:
1501 531 1588 594 Clara

321 628 363 690 de
391 631 510 706 stirpe
540 628 669 698 Dauid,
703 627 822 708 qnando
851 626 1010 705 uirgultnm
1041 628 1088 689 nel
1117 629 1254 690 arborem
1284 632 1424 701 incisam,
1458 633 1589 692 masculini

319 730 440 807 generis
462 738 522 800 est.
546 739 579 791 ut
601 737 726 810 poeta:

789 833 945 912 stirpem
968 849 1124 893 sacrum.

319 932 399 994 ‘llic'
422 934 535 1013 pinus
556 933 593 993 de
616 931 714 993 lruotu
739 942 768 994 et
789 932 888 993 ‘baec’
917 935 1004 1012 pinus
1033 928 1157 1016 ll160ll
1181 933 1218 994 de
1245 934 1363 995 arbore.
1410 933 1608 1014 Pampinusc

319 1034 420 1095 lolium
452 1037 531 1096 ultis.
575 1033 655 1096 Haeo
683 1035 801 1098 nomina
831 1036 937 1118 incerti
965 1036 1084 1112 generis
1113 1043 1197 1096 sunt:
1226 1035 1283 1095 boc
1311 1034 1454 1096 irenum
1481 1045 1508 1096 et
1531 1036 1589 1097 baec

318 1137 401 1197 irena
426 1144 455 1197 et
477 1137 509 1197 bi
532 1137 609 1197 lreui
632 1136 715 1206 lacit,
739 1146 771 1197 nt
793 1143 919 1216 poeta:

767 1237 849 1297 blna
874 1238 978 1298 lrena
1001 1255 1124 1298 aurea.

318 1339 448 1401 Frennm
472 1340 582 1400 dicitur
604 1339 800 1400 retinaculum
825 1341 892 1419 equi
915 1357 930 1398 a
954 1339 1133 1400 refrenando
1155 1342 1175 1398 i·
1199 1339 1369 1407 retinendo;
1394 1339 1497 1401 dicitur
1517 1343 1588 1401 etiam

316 1461 333 1502 a
356 1443 420 1503 iero
444 1445 463 1502 i·
488 1459 577 1522 equo:
607 1442 722 1521 antiqui
744 1441 822 1502 enim
846 1442 978 1501 ‘lerum’
1000 1439 1139 1501 dicebant
1161 1457 1286 1518 equum.
1311 1460 1346 1501 eo
1370 1441 1447 1518 quod
1468 1451 1618 1522 quattuoru

316 1543 444 1622 pedibus
476 1543 598 1605 leretur.
644 1542 794 1621 Clipens
827 1542 934 1602 dicitur
967 1543 1061 1604 maius
1094 1551 1213 1604 sentum
1245 1551 1274 1603 et
1303 1540 1464 1604 masculino
1496 1561 1588 1619 genere

317 1663 435 1724 semper
458 1645 676 1723 pronuntiatur.
704 1642 870 1723 flllepere’
894 1643 996 1704 dicunt
1015 1643 1120 1704 Graeci
1143 1645 1248 1711 iurari.
1272 1644 1343 1704 inde
1365 1642 1478 1723 clipeus
1498 1645 1588 1705 dicitnr

315 1746 494 1816 alnrando,
525 1765 560 1806 eo
581 1745 661 1824 qnod
684 1744 740 1804 snb
761 1743 812 1804 illo
835 1747 925 1805 uitam
957 1745 1040 1805 miles
1069 1745 1193 1806 iuratur.
1237 1746 1376 1824 Vulgus
1404 1725 1508 1806 dicitur
1532 1764 1587 1824 pro·

316 1850 426 1910 misena
449 1848 603 1908 bominum
626 1845 799 1915 mullitudo.
830 1846 908 1926 quod
931 1844 1112 1924 Virgilius
1139 1847 1304 1908 masculino
1333 1863 1443 1926 genere
1469 1847 1588 1926 protulit:

798 1947 985 2026 Spargere
1008 1965 1119 2008 uoces
1599 1966 1618 2004 n

581 2050 620 2110 ln
643 2048 805 2127 uulgum.

315 2153 369 2212 llio
397 2168 531 2232 specus
560 2159 589 2210 et
611 2151 668 2211 lloc
695 2169 800 2230 specus
828 2150 936 2212 dicitur
958 2169 1087 2212 cauerna
1109 2151 1317 2221 subterranea,
1342 2151 1411 2212 inde
1433 2152 1589 2213 diminuitur

314 2252 464 2332 spelunea.
510 2252 615 2312 ‘llaec'
639 2251 755 2314 buxus
777 2251 886 2312 dicitur
909 2249 1039 2331 plantata
1062 2251 1162 2324 arbor,
1179 2253 1297 2334 quaudo
1319 2252 1388 2314 lolia
1414 2252 1507 2324 babet,
1528 2255 1588 2314 inci·

314 2371 379 2416 sum
402 2373 476 2416 nero
498 2352 567 2414 ‘boc
591 2354 724 2416 buxnm’.
769 2353 852 2414 Vnde
875 2361 1007 2432 poetar

791 2447 962 2515 nol'ubile
985 2453 1117 2516 buxum
1598 2474 1617 2510 u

314 2558 396 2619 dixit
423 2592 457 2602 —
486 2555 564 2636 Πῦρ
587 2556 700 2618 Graece
722 2557 813 2634 ignis,
842 2557 912 2616 inde
934 2559 1040 2636 pirus
1061 2555 1180 2626 dieitur,
1204 2557 1282 2637 qnod
1305 2557 1435 2620 fructum
1458 2557 1539 2619 babet
1558 2557 1588 2618 ad
1670 2537 1671 2550 ¹

313 2657 534 2720 similitudinem
558 2660 644 2736 ignis.
675 2657 765 2718 ‘Haeo
780 2659 877 2736 pirns’
895 2657 932 2718 de
948 2657 1071 2726 arbore,
1095 2659 1164 2719 ‘boc
1179 2660 1290 2738 pirum’
1306 2657 1344 2719 de
1359 2659 1456 2722 iruotn
1470 2660 1588 2720 dicimus.

313 2761 417 2822 ‘llaec’
427 2779 570 2842 prunus
584 2759 622 2821 de
636 2759 753 2834 arbore,
768 2761 837 2819 ‘boo
851 2761 993 2839 prunnm’
1010 2759 1047 2821 de
1063 2760 1179 2827 fructu:
1198 2759 1296 2820 ‘baec’
1308 2761 1425 2822 malus
1440 2761 1475 2822 de
1486 2760 1586 2832 arbore

312 2870 450 2942 quaeest
466 2869 560 2923 mater
576 2862 764 2931 loetantium,
789 2860 859 2921 ‘boc
874 2860 996 2923 malum'
1019 2860 1058 2922 de
1081 2863 1179 2922 lruotn
1202 2863 1222 2920 i·
1246 2880 1345 2940 pomo.
1390 2863 1465 2923 Sunt
1485 2864 1586 2921 uonim
1669 2887 1670 2914 l

312 2965 384 3033 lixa,
414 2981 489 3041 qnae
517 2981 574 3024 non
604 2971 763 3023 monentur
784 2964 816 3023 in
838 2962 916 3023 aliud
938 2980 1048 3040 genus.
1072 2973 1104 3022 ul
1127 2965 1248 3043 ‘paler’
1272 2981 1332 3023 non
1355 2968 1451 3043 potest
1470 2963 1542 3023 llecti
1560 2965 1615 3022 inu

311 3063 390 3124 aliud
414 3082 522 3142 genus,
546 3065 613 3141 qnia
630 3072 714 3141 pater
737 3081 856 3142 semper
878 3071 924 3124 est
943 3070 1044 3142 pater,
1069 3071 1163 3126 mater
1184 3082 1303 3144 semper
1319 3072 1365 3124 est
1380 3073 1481 3126 mater.
1512 3064 1586 3124 Pater

312 3165 495 3245 apatrando
522 3164 632 3227 dictum
663 3174 722 3236 est;
750 3167 809 3224 iam
832 3173 936 3233 mater,
959 3165 1039 3242 qnod
1061 3167 1215 3227 materiam
1238 3165 1382 3245 praebeat
1404 3166 1583 3234 nascentibus
1668 3241 1669 3248 ἵ

181 3343 182 3346 ¹
221 3263 983 3346 erc‚slralterquasi‘lerealter',sororasolatio.
1028 3267 1580 3334 Suntalianeeintotumlira,

310 3437 537 3446 ...-.—-—-——

376 3539 393 3586 2
411 3537 450 3586 uel
469 3536 584 3586 arborem
602 3537 708 3587 incisam
727 3539 753 3586 in
770 3553 850 3602 marg.
920 3539 936 3588 3
954 3544 992 3585 est
1008 3552 1089 3601 supra
1105 3537 1149 3587 lin.
1202 3547 1230 3586 ut
1247 3534 1334 3602 poeta]
1357 3537 1439 3602 Verg.
1457 3537 1517 3589 Aen.
1534 3535 1581 3584 llll

310 3607 359 3654 770
427 3603 507 3656 bille
525 3599 613 3670 pinus]
641 3604 675 3655 Ia
692 3619 771 3668 marg.
790 3605 880 3655 addita
906 3605 981 3654 baec:
1012 3604 1058 3652 Plu
1076 3605 1164 3653 clionnt
1181 3603 1270 3654 Graeci
1296 3615 1414 3667 scutum,
1440 3605 1496 3654 iude
1518 3605 1580 3668 pirus

308 3673 340 3722 ab
359 3673 475 3722 acumine
491 3670 621 3734 loliorum,
642 3672 687 3722 sed
706 3682 731 3722 et
748 3685 794 3722 nos
812 3672 875 3722 haee
893 3673 968 3738 pinus
986 3671 1019 3720 de
1036 3673 1126 3722 arbore
1143 3672 1267 3734 dicimur,
1285 3675 1317 3722 de
1328 3671 1412 3721 iruetn
1425 3673 1516 3738 pinum.
1546 3671 1580 3718 llic

308 3751 333 3790 et
350 3739 413 3790 hoec
430 3740 577 3805 pampinus.
612 3739 752 3805 Pampinns
778 3738 868 3790 lolium
895 3741 955 3788 uitia
978 3748 1002 3788 et
1023 3739 1116 3789 dieitur
1139 3740 1276 3804 pampinus
1299 3755 1329 3788 eo
1352 3739 1422 3802 quod
1444 3739 1580 3805 pendentia

307 3811 370 3858 uite.
404 3807 471 3857 llaec
488 3807 629 3856 secundnm
655 3807 806 3858 Donatum
834 3819 881 3873 pro
899 3807 1004 3856 arbitrio
1022 3807 1224 3870 uniuscuiusque
1242 3807 1418 3873 prolernmur,
1436 3805 1579 3870 qniaincnui

308 3876 410 3940 generis
429 3884 501 3938 snut,
527 3886 553 3924 ut
570 3873 611 3924 hie
629 3884 654 3924 et
672 3873 733 3924 baec
750 3874 828 3933 silex,
850 3874 891 3925 hie
909 3884 933 3924 et
950 3873 1013 3923 haec
1029 3883 1126 3928 cortex.
1163 3874 1286 3932 Quamuis
1307 3877 1359 3926 sina
1382 3874 1459 3924 duum
1476 3887 1578 3940 generum
1666 3931 1667 3936 Ἰ

307 3944 374 3993 sicut
391 3943 546 3999 communie,
564 3941 683 3991 differunt
701 3955 784 3992 tumen
802 3958 817 3991 e
835 3943 1025 4004 communibus,
1049 3943 1109 4004 qnia
1131 3944 1276 3993 communia
1299 3943 1347 3992 snb
1369 3943 1468 3992 duobus
1486 3939 1577 3990 amiculis
1666 3949 1667 4031 g

308 4008 466 4076 (particulis)
484 4009 657 4076 prolernntur,
677 4009 739 4060 baec
758 4024 817 4059 uero
836 4011 913 4060 modo
932 4011 980 4059 sub
999 4023 1059 4072 runo,
1078 4009 1154 4059 modo
1173 4011 1221 4059 sub
1239 4010 1328 4060 ulcero.
1431 4013 1445 4060 'l
1465 4021 1490 4058 ur
1505 4019 1566 4074 poen

311 4079 389 4142 Verp.
408 4079 474 4132 Aen.
494 4076 573 4127 VIII
590 4078 640 4128 168
709 4077 950 4128 teramnanae
1019 4079 1051 4126 14
1068 4074 1204 4142 Virgilius]
1225 4078 1338 4131 Aea.11
1355 4079 1392 4127 98
1460 4079 1489 4128 19
1505 4086 1566 4141 poeta

312 4145 389 4209 Verp.
410 4146 476 4196 Aea.
498 4145 557 4195 VII
575 4147 627 4195 382
696 4147 727 4195 21
746 4145 789 4194 Pir
806 4160 881 4210 grece
948 4146 981 4195 24
999 4157 1086 4209 pomo.
1109 4145 1208 4195 Verba:
1227 4157 1287 4195 sunt
1303 4148 1406 4195 nomina
1423 4145 1575 4194 lixa—soror

307 4228 323 4262 s
341 4213 432 4263 solatio
449 4215 476 4264 ln
492 4214 606 4280 morplne
622 4213 722 4278 reripla
738 4219 797 4263 runt
815 4213 955 4264 ombrionir
970 4213 1044 4276 alpno
1062 4213 1159 4263 addito.

375 4468 406 4518 18
424 4464 520 4533 buxus]
542 4467 633 4519 Gloarn
649 4467 745 4518 codicis
761 4467 903 4518 Beruenria
921 4467 974 4518 386
988 4468 1011 4530 f.
1025 4463 1061 4517 3¹²
1079 4481 1159 4532 marg.
1169 4466 1231 4532 insa
1249 4465 1341 4518 Omnia
1359 4467 1458 4518 nomina
1474 4463 1568 4514 urbemn

306 4537 421 4588 leminlnl
440 4537 541 4602 generis
559 4540 629 4598 sunt,
646 4536 707 4596 qula
724 4545 819 4585 matres
837 4545 897 4585 sunt
914 4537 1013 4601 proprii
1031 4534 1106 4598 letus,
1124 4535 1223 4584 fruetus
1242 4549 1302 4585 nero
1321 4551 1407 4585 earum
1420 4533 1500 4584 neutri.
1517 4527 1567 4587 Ouid

305 4620 367 4672 ergo
385 4605 499 4655 dicemus
517 4603 597 4668 (dms)
615 4603 647 4652 de
665 4605 743 4662 buxo,
762 4618 828 4666 qnae
846 4613 885 4653 est
901 4603 977 4653 arbor
995 4601 1129 4652 infecunde
1148 4615 1172 4652 et
1190 4601 1366 4653 inlrnctuosei
1386 4601 1434 4653 Sed
1450 4598 1565 4651 sciendum,
1664 4597 1665 4651 l

305 4673 366 4736 quie
382 4673 499 4723 arborem
518 4672 625 4721 uiridem
647 4681 673 4720 et
693 4671 829 4721 radicatam
855 4669 978 4721 feminino
1004 4685 1097 4736 genere
1124 4672 1334 4736 pronuntiamus,
1361 4673 1383 4720 si
1406 4683 1461 4719 uero
1480 4662 1564 4726 aliquod
1664 4655 1665 4699 l

306 4755 371 4806 opus
389 4755 422 4790 ex
439 4753 469 4790 ee
486 4739 581 4789 laetum
598 4738 686 4802 luerit,
710 4748 799 4788 neutro
823 4738 984 4804 proiecimus.
1016 4739 1090 4788 Vnde
1109 4738 1267 4804 Virgilius
1287 4739 1414 4789 ‘uolubile
1430 4735 1525 4786 buxum’
1538 4730 1562 4778 de

305 4807 393 4858 trocho
412 4807 516 4871 (croco),
532 4821 584 4870 quo
601 4805 692 4856 ludunt
708 4807 790 4872 pueri.
