3420 5450
309 373 385 420 XLII
725 356 776 406 Du
794 354 915 407 LIBRlS
935 353 1191 407 subnectemus.

388 543 399 628 ΙΙ
423 550 442 606 i.
460 550 516 608 98³
539 543 550 628 ΙΙ
573 550 609 607 lle
631 566 686 624 quo
709 549 792 606 lioma
815 550 920 622 accepit
948 549 1067 604 nornen?
1110 546 1146 604 lle
1174 546 1289 605 liomulo
1318 555 1346 605 et
1372 547 1455 605 Remo
1485 543 1608 623 (remulo)

310 634 418 693 duobus
440 633 587 705 fratribus,
611 635 658 708 qui
681 635 790 691 ltomam
813 632 911 706 (roma)
934 632 1161 705 aedilicaueruut,
1184 640 1212 689 et
1234 639 1313 690 antea
1333 631 1400 690 Alba
1417 630 1516 709 (albual
1539 634 1608 692 dice·

311 719 392 776 lmtur
414 727 443 776 et
464 718 583 794 populus
608 715 673 793 (os)
696 719 756 776 eius
779 718 874 775 Albani
896 717 1065 788 dicebantur,
1088 719 1160 776 sicut
1182 717 1296 775 Romani
1318 717 1351 774 de
1373 718 1465 775 Roma.
1503 715 1606 776 ‘lioma‘

310 807 388 862 cuius
416 804 527 879 linguae
557 799 623 878 (na)
647 802 763 860 dicitur?
807 803 924 861 Graecae
952 812 981 860 et
1009 801 1134 860 ‘uirtus'
1159 802 1370 878 interpretatur,
1401 802 1514 860 Romani
1543 820 1608 860 uero

311 889 442 946 sublimes
465 890 524 945 sluo
548 895 674 946 tonantes
697 887 816 959 (sublimi
839 890 862 944 si
886 898 950 946 ueto
973 887 1080 959 nantes)
1107 930 1221 947 ......
1251 886 1403 962 ‘incipiunt
1424 887 1559 946 ielioitcr'
1583 897 1609 947 et

311 974 427 1049 reliqua.
471 973 697 1049 Interrogandum
731 982 787 1046 est,
822 973 888 1048 quid
922 982 964 1031 est
996 973 1065 1044 boc,
1096 974 1119 1029 si
1146 973 1280 1047 prologus
1308 971 1353 1030 uel
1380 974 1530 1048 capitulum
1565 983 1609 1030 aut

312 1068 502 1134 argumentum
526 1060 586 1115 siue
608 1058 742 1133 praelatio
764 1067 811 1115 aut
833 1058 961 1116 salutatio
985 1058 1029 1115 uel
1051 1056 1150 1115 titulus
1173 1057 1232 1115 siue
1254 1059 1443 1132 pronuntiatio
1466 1058 1511 1116 uel
1534 1061 1609 1116 testi·

310 1146 431 1201 monium
462 1143 522 1200 siue
552 1143 675 1218 sumptio
697 1143 741 1200 uel
764 1143 947 1218 consumptio.
991 1142 1130 1201 Sermonis
1152 1144 1205 1201 hoc
1226 1145 1369 1218 proprium
1392 1152 1435 1202 est
1455 1142 1608 1218 inscriptio,

311 1232 383 1287 sicut
404 1228 522 1302 legimus
545 1228 600 1286 ‘cst
621 1228 677 1285 ars’
702 1229 762 1286 siue
785 1228 927 1303 inscriptio
950 1236 1091 1286 auctorum
1114 1227 1137 1298 †
1159 1245 1213 1287 nou
1236 1225 1415 1299 mentitus.*)

390 1393 402 1477 ΙΙ
421 1392 669 1477 stelliones
692 1398 850 1472 orationis’,
872 1354 1051 1457 idestiottus
1073 1399 1243 1474 Latinitatis,
1266 1399 1329 1475 quia
1352 1399 1445 1456 latina
1467 1400 1561 1473 lingua
1583 1410 1609 1457 ct

311 1483 426 1541 uerbum
450 1493 478 1542 et
500 1501 591 1542 sermo
614 1495 641 1543 et
664 1484 782 1559 loquella
805 1484 915 1557 dicitur,
939 1483 1010 1542 sicut
1033 1493 1177 1542 sanctus
1200 1485 1425 1542 llieronimus
1448 1485 1529 1542 dixit:
1568 1486 1607 1541 Er
1705 1555 1706 1560 η

308 1569 418 1627 uerbo
442 1570 575 1627 Graeco
599 1569 633 1627 in
656 1569 795 1628 uerbum
819 1569 995 1641 latinum,
1024 1587 1062 1627 ex
1090 1585 1247 1628 sermone
1270 1569 1397 1627 Graeco
1421 1571 1454 1627 in
1477 1587 1608 1626 sermo-

309 1669 381 1711 nem
405 1653 581 1727 Latinum,
604 1664 633 1712 et
655 1664 687 1712 ut
708 1650 822 1712 dicitur:
860 1653 1057 1712 ‘barbarismus
1080 1663 1123 1710 est
1145 1655 1172 1712 in
1195 1663 1291 1711 nostra
1312 1653 1444 1728 loquells'
1469 1651 1608 1729 (loquela).

309 1739 356 1796 Vel
380 1738 489 1814 ‘partes
513 1740 662 1798 orationis'
688 1740 815 1797 idoneum
837 1738 1025 1798 testimonium
1050 1737 1175 1816 (idoneus
1198 1736 1360 1815 testimonii)
1388 1742 1416 1796 in
1444 1757 1500 1815 quo
1523 1741 1608 1797 conti·

309 1833 411 1881 nentur
425 1817 436 1902 ΙΙ
453 1824 473 1880 i.
489 1824 546 1882 99Ι
562 1818 573 1902 ΙΙ
590 1842 684 1882 omnes
707 1833 800 1899 partes
823 1825 972 1897 orationis,
994 1834 1040 1882 ut:
1064 1823 1241 1882 ‘Pescennius
1256 1821 1369 1902 (onius)
1385 1823 1432 1882 ille
1452 1825 1520 1882 dixit
1543 1825 1608 1882 bila·

310 1911 378 1965 riter
401 1904 479 1984 (bel-l
501 1907 664 1984 loquenesi
687 1911 720 1967 ad
742 1927 793 1966 nos
816 1909 905 1966 euar’.

396 1994 469 2063 Quot
491 2002 571 2066 sunt,
600 2013 669 2069 quae
698 1996 742 2052 bic
769 1995 963 2070 grammaticus
985 1995 1156 2066 interrogat?
1200 1994 1271 2052 ldest
1293 2012 1323 2052 se
1345 1996 1434 2070 ipsum
1458 1997 1609 2068 interrogat

311 2079 460 2136 secundum
476 2083 670 2154 Augustini
693 2097 862 2138 sermonem:
885 2079 954 2155 ligo
978 2089 1012 2136 et
1033 2081 1122 2135 ratio
1146 2082 1246 2153 quasi
1268 2079 1333 2136 duo
1356 2096 1526 2149 essemus,
1544 2097 1608 2153 ego

310 2166 514 2238 interrogo,
538 2165 630 2222 ratio
653 2166 735 2223 milri
759 2165 951 2240 respondet
972 2165 1032 2238 (it,
1055 2162 1096 2236 cs.
1118 2164 1192 2237 Aup.
1214 2163 1344 2222 Retract.
1367 2164 1388 2220 Ι
1406 2181 1473 2237 cop.
1490 2169 1525 2220 4.·
1554 2163 1609 2222 ‘me

310 2251 485 2323 interrogans
508 2249 629 2325 mihique
651 2250 822 2325 respondens
845 2257 980 2326 tamquam
997 2249 1197 2328 duo-essemus,
1214 2252 1284 2307 ratio
1307 2259 1335 2307 et
1356 2267 1426 2322 ego,
1448 2267 1509 2307 cum
1532 2248 1609 2306 solus

310 2332 431 2405 essem’).
469 2332 563 2402 Qualis
580 2343 677 2409 tropus
693 2329 830 2410 (trophos)
847 2337 988 2392 inuenitur
1011 2337 1037 2391 in
1060 2335 1103 2392 bis
1126 2343 1189 2391 octo
1212 2333 1337 2408 partibus
1366 2335 1518 2392 orationis?
1552 2334 1609 2392 lloc

312 2426 354 2474 est
376 2417 498 2494 dialyton
520 2418 664 2493 (dyaliton)
686 2419 730 2478 uel
753 2421 934 2494 asyntheton,
963 2421 1034 2477 idest
1061 2419 1143 2476 dictio
1166 2435 1259 2478 carens
1283 2419 1538 2492 coniunctionibus,
1561 2429 1608 2476 ut:

515 2505 564 2561 lte
588 2505 679 2561 lerte
702 2507 775 2562 cite
798 2505 968 2577 flammas,
990 2505 1067 2562 date
1089 2504 1182 2575 uela,
1204 2504 1372 2579 inpellite
1394 2521 1517 2562 remos.

314 2588 363 2659 (ite
386 2589 432 2645 citi
447 2588 568 2646 llammas
584 2589 654 2646 lerte
669 2590 731 2646 date
748 2591 800 2647 tela
817 2590 938 2664 inpellite
953 2607 1056 2661 remos,
1078 2590 1161 2662 Vcrp.
1177 2591 1247 2646 Aen.
1263 2587 1335 2645 1111
1349 2589 1425 2662 593).
1456 2589 1608 2659 †Ncutrali

310 2673 374 2731 milri
392 2689 470 2730 uuam
486 2682 592 2748 partem
609 2675 765 2746 indicatiui,
788 2692 850 2732 nam
872 2674 1024 2732 seminalem
1047 2683 1132 2732 totam
1157 2675 1253 2732 trinsm
1276 2676 1460 2732 continentem
1476 2675 1607 2732 Latinam.

311 2757 370 2814 ‘llo'
395 2774 464 2833 quas
485 2776 549 2833 pars
572 2759 705 2816 orationis
728 2761 789 2816 est?
833 2760 1003 2834 Praepositio
1034 2769 1086 2817 est.
1131 2757 1204 2826 Quot
1226 2759 1288 2816 huic
1310 2760 1509 2834 praepositioni
1531 2766 1608 2817 ocei-
1706 2750 1707 2804 l

310 2845 382 2900 dunt
394 2841 480 2915 (om).
501 2843 680 2919 Componitur
694 2845 764 2918 (corn
780 2843 855 2918 om),
871 2853 901 2902 ut
916 2845 1020 2903 deduco
1036 2844 1107 2917 (di-l,
1122 2853 1150 2902 et
1165 2853 1308 2920 separatur
1323 2843 1400 2917 (us),
1415 2846 1523 2919 quando
1540 2847 1610 2902 casi-

310 2927 361 2984 bus
384 2929 488 3000 seruit,
512 2931 583 2985 sicut
605 2929 806 3003 supradiximus
828 2929 873 2986 ‘de
895 2930 988 2988 domo'
1012 2928 1056 2987 uel
1080 2930 1124 2986 ‘de
1146 2929 1293 2988 domibus'.
1343 2929 1485 2998 Quomodo
1508 2929 1610 2987 dicitur

309 3014 336 3068 in
359 3011 447 3068 tribus
469 3013 590 3088 linguis?
620 3014 659 3070 lla
683 3017 710 3070 in
734 3015 855 3072 Hebraeo
877 3015 990 3074 dicitur:
1013 3014 1143 3072 ‘madian’
1168 3015 1201 3072 ds
1223 3015 1339 3080 iudicio:
1361 3006 1420 3070 ἀπό
1444 3016 1469 3070 in
1493 3015 1609 3086 Gracco,

310 3106 340 3153 nt
361 3096 462 3154 dicitur
484 3097 671 3172 apocalypsis,
694 3100 746 3156 lroc
768 3108 810 3156 est
832 3100 964 3158 reuelntio
987 3099 1152 3173 (releuatio).

392 3177 446 3240 ‘ue
468 3182 605 3239 nomine'.
649 3183 709 3242 Sem
738 3184 764 3240 in
793 3184 931 3257 llebraeo,
959 3186 1031 3242 idest
1058 3203 1173 3255 nomen,
1202 3185 1247 3243 uel
1276 3188 1433 3243 nominetur
1461 3179 1557 3260 ὄνομα
1581 3187 1609 3242 in

309 3267 426 3340 Graeco,
450 3275 481 3324 ut
503 3267 603 3325 dicitur
625 3261 658 3325 ἕν
680 3260 803 3344 ὀνόματι
824 3266 941 3344 Κυρίου
965 3267 1026 3346 (eno
1049 3265 1144 3328 nomnii
1157 3269 1258 3344 clryri),
1281 3270 1353 3328 idest
1376 3269 1423 3345 (id)
1446 3270 1609 3327 innomine

308 3353 419 3408 domini.
465 3349 583 3408 ‘Nomen
613 3362 656 3410 est
684 3372 746 3428 pars
775 3357 909 3411 orationis
937 3371 997 3412 cum
1021 3355 1109 3413 casu’
1154 3353 1243 3422 Quare
1271 3373 1325 3412 uon
1358 3355 1425 3411 dixit
1447 3347 1605 3434 [ΙΕ99Μ1

308 3437 381 3494 ‘curn
405 3436 548 3511 qualitate'
572 3446 618 3494 aut
640 3437 763 3510 ‘genere'
788 3441 830 3496 uel
855 3440 1003 3496 ‘numero'
1028 3457 1076 3497 scu
1100 3439 1229 3514 ‘figura’l
1272 3440 1430 3514 Propterea,
1454 3441 1517 3513 quia
1541 3441 1609 3497 baec

309 3524 398 3578 omnia
422 3522 536 3578 uerbum
559 3522 641 3580 lrabet
663 3523 753 3596 (ent).
782 3523 871 3591 Quare
894 3541 947 3581 nou
972 3526 1037 3581 dirit
1060 3525 1132 3582 ‘cum
1155 3525 1373 3600 conparatione’,
1396 3525 1469 3600 quod
1491 3524 1607 3582 uerbum

309 3624 363 3662 non
386 3605 484 3663 babetl
520 3606 685 3683 Propterea,
709 3609 772 3683 qula
795 3626 848 3666 non
871 3610 961 3667 omnia
984 3611 1094 3666 nomina
1117 3617 1309 3685 conparantur.
1339 3609 1457 3685 ‘Corpus
1472 3618 1519 3666 aut
1535 3609 1607 3667 rem'

308 3700 336 3748 et
358 3690 473 3765 reliqua.
517 3689 586 3758 Quid
609 3693 724 3750 interest
747 3695 818 3751 inter
840 3711 942 3770 corpus
964 3705 993 3753 ot
1015 3696 1091 3752 rem?
1120 3696 1205 3752 Ornno
1226 3713 1328 3771 corpus
1349 3702 1444 3770 potest
1465 3711 1510 3752 res
1532 3711 1610 3768 esso,

308 3802 338 3849 ut
361 3792 460 3850 dicitur
480 3792 584 3851 caelum
613 3803 685 3851 terra
706 3795 782 3868 (am)
806 3813 892 3866 mare;
925 3813 995 3871 quac
1022 3797 1151 3855 uidentur
1173 3793 1219 3854 aul
1248 3797 1394 3855 audiuntur
1416 3781 1530 3870 (dntur)
1559 3808 1611 3855 aut

309 3886 459 3954 tanguntur
481 3887 528 3935 aut
551 3887 707 3954 gustantur,
731 3882 884 3956 corporalia
906 3889 986 3957 sunt,
1014 3883 1061 3941 sod
1085 3900 1139 3940 non
1163 3883 1252 3940 omnis
1276 3879 1340 3960 (es)
1362 3899 1407 3940 res
1429 3900 1529 3958 corpus
1553 3893 1611 3954 est,

309 4051 312 4056 .
329 4047 535 4056 —---—-—-

375 4162 404 4228 *l
423 4165 462 4229 Of.
481 4167 538 4217 cod.
557 4165 667 4221 Einsidl.
686 4169 737 4218 172
754 4181 823 4220 roeo.
843 4167 870 4218 X
890 4169 987 4233 popina
1007 4169 1108 4219 ultimo:
1143 4167 1198 4218 lloc
1223 4168 1294 4231 quod
1320 4169 1345 4217 ln
1372 4167 1457 4234 rapite
1482 4168 1610 4218 librorum

307 4233 438 4298 scribitur,
457 4233 568 4285 diuersis
587 4235 734 4285 nominibus
753 4251 768 4285 a
785 4236 974 4286 doctoribus
992 4236 1143 4302 appellatur.
1172 4235 1269 4286 Dicitur
1281 4237 1348 4286 enirn
1361 4237 1500 4302 capitulus,
1515 4237 1614 4288 dicitur

306 4300 404 4360 titulus,
422 4299 515 4351 dicittir
533 4300 644 4366 elencus,
663 4304 755 4353 dicitur
774 4303 913 4370 prologus,
932 4305 1025 4355 dicitur
1043 4303 1170 4371 prolusio,
1189 4306 1281 4354 dicitur
1300 4316 1493 4370 argumentum,
1512 4305 1613 4356 dicitnr

307 4368 467 4434 prooemium
490 4369 657 4436 (proemium)
680 4372 772 4422 dicitur
794 4371 883 4421 clauis.
919 4371 1050 4438 Capitulus
1073 4373 1166 4423 dicitnr
1190 4387 1221 4422 eo
1245 4373 1314 4434 qrrod
1337 4374 1362 4421 iu
1386 4373 1469 4438 capito
1491 4375 1614 4438 ponitur.

307 4435 407 4486 Titulus
426 4450 441 4485 a
458 4437 549 4487 Titane
566 4440 592 4487 ·i·
609 4454 625 4488 a
642 4439 706 4505 sole,
724 4439 787 4503 quis
804 4440 871 4490 sicut
888 4440 926 4490 sol
946 4441 1030 4490 oriens
1049 4455 1097 4490 sua
1115 4442 1242 4505 presentia
1261 4441 1384 4491 mundum
1402 4441 1553 4502 inluminat,
1572 4442 1613 4492 itn

306 4514 330 4554 et
348 4503 436 4554 titulus
455 4507 587 4567 sequentis
604 4506 727 4558 librorum
744 4507 903 4564 manifestam
923 4523 981 4558 nom
999 4509 1021 4558 si
1035 4507 1133 4558 titulum
1146 4508 1291 4569 abstuleris,
1303 4509 1417 4572 quodam
1427 4509 1505 4559 rnodo
1518 4521 1614 4560 mutus

306 4583 346 4621 est
370 4572 440 4626 liber.
475 4572 537 4623 Inde
564 4575 692 4636 quidam
720 4577 749 4624 in
778 4575 921 4641 epistola
948 4591 995 4626 sua
1022 4576 1055 4625 nd
1076 4575 1225 4627 familiarem
1249 4591 1323 4626 sunm
1351 4577 1430 4626 dixit:
1464 4575 1614 4628 'situlum

306 4639 424 4690 lrontis
443 4641 538 4692 erade
555 4641 650 4701 hunc,
669 4643 809 4694 mutelli
827 4644 955 4710 pagina.
992 4643 1116 4693 llelencus
1140 4645 1216 4694 etiam
1239 4644 1365 4695 dicituro
1383 4660 1459 4712 greco
1477 4645 1550 4708 quod
1569 4660 1617 4698 est

306 4707 369 4757 elios
389 4709 412 4756 ·i·
432 4707 470 4758 sol
486 4746 600 4761 ......
624 4712 717 4764 Cetera
734 4714 784 4763 iarn
801 4715 852 4778 lepi
867 4719 999 4778 nequeunt.
1037 4711 1184 4773 Quibuscum
1200 4715 1263 4763 mire
1281 4716 1454 4777 consentiunt,
1480 4729 1549 4780 quac
1573 4733 1615 4766 em

307 4776 412 4839 itemqu
436 4781 614 4829 commentario
640 4781 667 4830 in
693 4781 790 4832 Donati
815 4786 896 4831 artem
922 4781 1041 4828 minorent
1065 4780 1161 4844 publici
1181 4783 1243 4832 iuris
1259 4782 1323 4844 fecit
1342 4783 1378 4835 Η.
1397 4781 1496 4832 Keilirrs
1512 4799 1613 4847 propr.

307 4842 413 4909 Erlanp.
433 4847 500 4897 1808
514 4863 543 4911 p.
562 4849 608 4903 24.
