3420 5450
304 337 394 428 xvim
642 397 644 400 .
716 359 766 407 ou
784 357 906 410 motus
924 355 1186 410 nunnunsmvs

383 545 569 620 etserepont
589 552 688 606 nutem
710 547 769 605 istu
790 545 905 606 Donati
930 549 1075 622 opuscula
1102 546 1250 608 obeditis
1276 563 1510 623 saepenumero:
1538 553 1598 609 ium

298 649 330 706 in
355 649 418 718 fine
444 653 595 708 tractatus
622 649 660 706 de
687 650 807 708 nomine
832 650 944 708 similia
973 650 1115 723 lequntur
1146 654 1237 725 utque
1269 651 1340 722 ritu,
1375 667 1453 724 quoe
1479 669 1514 726 p.
1539 659 1599 710 356

299 750 416 810 Keilius
436 766 477 808 ex
498 749 604 810 codiee
626 749 807 810 Monacensi
827 752 931 821 edidit,
956 754 989 812 in
1010 752 1092 812 nune
1113 753 1234 812 modum
1256 759 1416 828 suscepto:
1454 749 1470 812 1
1494 755 1597 830 singu·

299 850 355 912 lari
378 868 434 912 om.
493 847 518 910 2⁴
536 851 632 930 prima
654 867 730 930 quae
753 869 787 910 ae
810 848 917 912 litteris
940 853 1119 914 terminatur
1141 856 1174 912 ut
1197 851 1253 930 heo
1275 871 1357 914 musa
1422 850 1597 916 3seeunda
1702 869 1703 884 ¹

299 970 374 1030 quae
396 955 407 1012 i
429 951 526 1013 littera
554 953 731 1013 terminatur
758 960 792 1014 ut
813 952 861 1014 hic
888 957 1032 1032 magister
1053 955 1142 1015 huius
1166 955 1298 1031 magistri
1321 963 1350 1016 et
1372 964 1417 1017 est
1439 955 1595 1035 producta.

295 1054 394 1115 Tertia
419 1071 495 1134 quae
518 1056 542 1116 is
566 1057 743 1116 terminatur
766 1063 800 1116 ut
820 1054 871 1116 hio
893 1056 1033 1118 sacerdos
1053 1055 1143 1118 huius
1158 1055 1324 1118 sacerdotis
1339 1065 1369 1118 et
1384 1065 1430 1118 est
1445 1066 1594 1138 correpta.

295 1155 403 1226 Quarta
433 1174 509 1234 quae
539 1175 573 1217 us
596 1155 644 1218 uel
668 1175 686 1216 u
709 1159 885 1218 terminatur
910 1165 942 1218 ut
963 1157 1013 1219 hio
1036 1176 1141 1219 uersus
1164 1157 1252 1218 huius
1273 1176 1391 1220 uersus.
1419 1159 1477 1220 boe
1499 1178 1594 1221 cornu

294 1259 381 1318 huius
404 1276 498 1319 cornu
521 1265 551 1318 et
573 1267 618 1319 est
640 1259 794 1336 producta.
839 1259 949 1330 Quinta
972 1277 1048 1340 quae
1071 1262 1098 1320 ei
1122 1262 1299 1322 terminatur
1315 1260 1410 1322 utlaio
1425 1260 1491 1322 dies
1506 1260 1596 1320 huius

294 1358 353 1420 diei
377 1368 406 1420 et
428 1368 472 1421 est
494 1377 613 1438 semper
636 1360 789 1440 producta.

311 1545 312 1548 ¹
377 1462 495 1524 Deinde
513 1462 542 1535 f.
567 1469 603 1521 7⁰
617 1497 657 1507 —
679 1460 712 1521 7ὸ
735 1471 806 1540 post
832 1469 993 1525 tractatum
1021 1465 1060 1525 de
1085 1465 1195 1525 umbo:
1230 1465 1363 1541 ‘pessimi
1388 1481 1544 1526 commune
1567 1472 1597 1524 et

293 1563 463 1641 deponens’
479 1584 516 1642 p.
541 1571 616 1634 362,
642 1572 678 1624 13
699 1567 776 1626 teuee
803 1569 919 1626 inserto
946 1572 1015 1627 sunt
1037 1584 1058 1627 u
1079 1567 1207 1642 melqori
1231 1566 1347 1627 Donati
1369 1564 1476 1639 formu
1504 1583 1596 1643 quum

292 1670 425 1729 mumime
446 1669 566 1728 alieno:

660 1801 709 1864 on
732 1755 866 1866 ιιιιιιιιιεΙ
890 1802 1222 1866 tortosonmmvs.

378 1925 563 2000 lnpersonalia
587 1925 669 1982 uerba
693 1943 762 2002 quae
785 1926 867 1983 suut?
895 1927 928 1982 Vt
949 1926 1061 1983 sedetur
1075 1927 1204 1984 curritur.
1239 1925 1437 1999 lquihusdam
1460 1933 1489 1982 et
1511 1926 1596 1982 decli-

297 2013 356 2066 nari
379 2010 494 2067 uerbum
517 2009 691 2084 impersonale
719 2019 864 2086 potestat
887 2011 968 2069 sedeo
993 2013 1071 2068 sedes
1094 2012 1171 2069 sedet
1193 2027 1276 2068 curro
1298 2013 1387 2068 curris
1411 2013 1496 2068 currit
1518 2021 1596 2069 certo

292 2105 382 2153 certas
404 2103 499 2154 certat.
544 2096 592 2152 Est
614 2096 687 2152 allud
710 2111 796 2170 genus
819 2097 1000 2170 inpersonalis
1030 2096 1123 2169 uerbi,
1152 2113 1184 2154 ex
1212 2113 1267 2170 quo
1290 2096 1434 2171 personale
1455 2095 1514 2152 fieri
1538 2113 1595 2152 non

293 2189 401 2256 potest,
430 2188 462 2237 ut
491 2181 566 2241 tedet
594 2184 670 2256 piget
698 2182 783 2256 pudet
808 2181 885 2238 libet.
928 2182 987 2240 Non
1016 2182 1081 2240 lacit
1103 2184 1175 2240 enim
1199 2182 1278 2238 tedeo
1302 2181 1376 2240 tedes
1401 2182 1482 2238 tedet.
1528 2181 1597 2238 item

291 2264 476 2341 inpersoaslla
492 2265 576 2324 uerba
590 2275 656 2322 sunt
671 2284 740 2342 quae
755 2284 810 2324 uon
826 2267 928 2324 habent
949 2275 1051 2324 certam
1073 2284 1219 2342 personam
1235 2267 1282 2324 sed
1298 2267 1409 2330 adiectis
1426 2269 1597 2342 pronomini·
1702 2329 1703 2334 ¹

293 2351 345 2408 bus
367 2351 401 2407 ad
422 2368 568 2426 personum
591 2352 813 2409 adcomodaatur.
860 2353 974 2409 Dicimus
998 2355 1067 2409 enim
1095 2352 1162 2409 libet
1185 2352 1250 2409 mihi
1272 2350 1339 2409 libet
1364 2352 1412 2408 tibi
1433 2347 1500 2408 libet
1523 2350 1573 2408 illi.

379 2436 528 2493 reclinatio
551 2435 629 2492 uerbi
652 2455 684 2493 ex
708 2454 763 2511 quo
786 2436 961 2512 impersonale
983 2437 1042 2494 sieri
1065 2453 1121 2494 non
1137 2446 1239 2512 potest.
1269 2436 1348 2493 ttoto
1364 2436 1511 2494 indicatiuo
1528 2445 1599 2493 tem·

293 2537 361 2596 pore
383 2522 520 2596 praesenti
543 2523 627 2596 pudet
650 2539 691 2578 ine
716 2530 742 2577 te
762 2522 855 2594 illum,
883 2524 968 2597 pudet
996 2540 1046 2580 nos
1075 2540 1125 2579 uos
1155 2522 1227 2578 illos.
1273 2521 1408 2578 Preterito
1439 2521 1595 2596 inperfecto

293 2606 412 2680 pudebat
434 2623 477 2662 me
500 2615 527 2663 te
549 2607 626 2663 illum
648 2616 701 2664 ete.
722 2637 765 2648 -
784 2605 809 2680 f.
828 2611 845 2664 7
851 2602 862 2638 ⁶
877 2610 950 2664 med.
972 2611 1125 2682 praesentis
1148 2609 1280 2681 temporis
1302 2607 1420 2682 pudere,
1444 2611 1597 2681 praeterito

292 2692 432 2767 puduisse.
731 2697 735 2702 ’

262 2829 264 2832 ,
377 2777 526 2835 declinatio
550 2777 729 2852 lupersoualis
752 2777 830 2834 uerbi
851 2778 885 2834 de
908 2794 963 2852 quo
986 2777 1130 2854 personale
1152 2776 1211 2836 lieri
1234 2793 1289 2834 nou
1311 2785 1414 2852 potest.
1453 2777 1533 2834 llodo
1554 2777 1598 2833 in·
1702 2773 1703 2858 ¹

293 2863 412 2920 dieatluo
442 2870 565 2936 tempore
594 2862 731 2936 praesenti
760 2863 815 2919 itur
838 2881 852 2920 ιι
875 2878 918 2919 me
940 2880 954 2920 a
977 2870 1004 2919 te
1025 2863 1059 2920 ab
1081 2863 1138 2920 illo.
1183 2863 1240 2920 ltur
1262 2879 1277 2919 a
1300 2861 1378 2919 nohis
1406 2880 1421 2919 a
1449 2863 1530 2919 uobis
1561 2863 1598 2919 ab
1702 2859 1703 2884 ¹

293 2947 348 3003 illis
370 2955 423 3004 etc.
455 2977 490 2988 -
521 2947 616 3004 eodem
645 2948 726 3005 modo
756 2956 879 3022 tempore
908 2947 1002 3006 luturo
1031 2964 1092 3006 oum
1121 2949 1189 3004 itum
1212 2948 1265 3006 erit
1281 2965 1301 3020 a
1324 2964 1367 3003 me
1389 2964 1404 3002 a
1428 2947 1598 3018 mabilio,

293 3049 354 3090 eum
382 3034 449 3088 itum
478 3033 528 3088 erit
551 3051 565 3089 a
588 3032 667 3090 nobis
690 3052 705 3090 a
727 3032 807 3090 uobis
835 3031 868 3090 ab
897 3032 961 3090 illis.
1008 3032 1062 3090 lieo
1089 3033 1173 3090 uerba
1200 3032 1288 3089 trihus
1316 3031 1425 3090 casibus
1454 3032 1598 3104 seruiunt,
1702 3091 1703 3096 ¹

293 3119 449 3175 aoeusatiuo
478 3127 509 3173 ut
536 3117 621 3191 pudet
644 3134 686 3174 me
709 3125 736 3176 te
758 3117 851 3190 illum,
880 3117 999 3176 ablatiuo
1029 3127 1059 3175 ut
1081 3122 1138 3175 itur
1160 3137 1174 3174 a
1198 3135 1240 3174 me
1262 3137 1277 3174 a
1299 3127 1327 3174 te
1349 3116 1382 3174 ab
1404 3116 1469 3188 illu,
1497 3117 1599 3174 datiuo

293 3201 414 3260 utlibet
436 3202 502 3258 mihi
525 3201 575 3258 tihi
598 3202 650 3260 sibi
673 3202 721 3259 illi.

377 3318 522 3395 Sequitur
539 3317 569 3391 s.
588 3313 641 3376 10⁶
657 3324 729 3394 post
744 3327 840 3379 artem
854 3322 999 3380 minorem
1013 3337 1052 3379 en
1066 3337 1147 3396 purs
1166 3321 1244 3380 urtis
1257 3321 1395 3393 mur'orts,
1413 3334 1473 3394 qun
1489 3319 1601 3393 uqitm·
1702 3311 1703 3400 ¹

294 3423 332 3482 de
353 3424 457 3482 littero
479 3427 545 3494 ete„
569 3421 624 3481 sed
645 3423 753 3484 omisso
774 3430 859 3497 sunt,
889 3438 969 3497 quoe
992 3422 1031 3482 de
1051 3437 1125 3484 uoce
1146 3423 1288 3496 tequntur
1307 3438 1339 3496 p.
1363 3427 1432 3494 367,
1458 3427 1551 3480 5-7.

377 3527 414 3584 F.
433 3529 485 3582 11⁰
500 3530 573 3599 post
588 3523 698 3584 uerbo:
721 3525 852 3602 ‘syllaba
874 3525 960 3599 apud
979 3526 1119 3584 metricos
1139 3524 1265 3600 semipes
1279 3522 1463 3603 nominetur’
1475 3537 1511 3598 p.
1525 3529 1601 3593 369,

295 3634 331 3684 15
352 3627 430 3685 duee
452 3628 566 3685 inserte
588 3633 657 3686 sunt
676 3642 815 3687 sermone
836 3629 1030 3687 continuato:

377 3747 519 3805 Accedunt
541 3747 689 3822 unicuique
715 3747 827 3806 sillabae
857 3757 935 3805 tenor
956 3748 1071 3823 spiritus
1094 3755 1202 3821 tempus
1224 3755 1252 3802 et
1274 3763 1404 3803 numerus
1426 3745 1601 3804 litterarum.
1702 3749 1703 3826 J

294 3833 385 3890 Tenos
406 3841 504 3890 acutus
527 3835 621 3907 grauis
644 3833 687 3890 uel
710 3832 899 3890 circumflexus
921 3836 949 3889 in
971 3833 1077 3890 dicione
1100 3841 1190 3889 certus
1213 3832 1316 3906 absque
1338 3847 1369 3888 ea
1392 3833 1515 3888 incertus
1537 3847 1605 3888 non
1702 3827 1703 3910 ¹

293 3927 387 3994 potest
403 3927 492 3976 tamen
509 3920 567 3974 sine
584 3935 624 3974 eo.
656 3917 775 3993 Spiritus
791 3935 872 3992 asper
887 3917 931 3975 uel
947 3917 1025 3974 lenis.
1056 3920 1174 3991 Tempus
1190 3933 1273 3973 unum
1289 3917 1333 3973 uel
1348 3915 1403 3973 duo
1419 3915 1567 3974 ueletiam
1587 3936 1605 3974 a
1702 3969 1703 4000 ¹

294 3999 358 4080 (leq.
375 4002 417 4080 ut)
444 4003 653 4080 quibusdam
677 4003 766 4078 placet
782 4021 865 4060 unum
881 4006 964 4061 semis
979 4013 1006 4059 et
1021 4004 1076 4060 duo
1092 4005 1173 4058 semis
1189 4010 1217 4058 et
1234 4003 1292 4059 tria.
1330 4003 1429 4058 Tamen
1452 4002 1480 4056 in
1504 4010 1605 4058 metro
1702 4003 1703 4068 ἦ

293 4106 405 4147 neeesse
432 4097 474 4146 est
502 4105 721 4163 unamquamque
749 4087 872 4146 sillabam
903 4089 946 4146 uel
975 4091 1054 4146 unius
1082 4086 1127 4145 uel
1155 4087 1271 4145 duorum
1292 4087 1389 4162 'accipi
1425 4095 1606 4161 temporum,
1702 4093 1703 4140 t

292 4174 404 4232 breuem
427 4174 524 4247 unius,
547 4173 658 4248 longam
680 4191 749 4230 uero
771 4175 896 4232 duorum.
933 4173 1068 4231 Numerus
1089 4173 1243 4230 litterarum
1264 4174 1327 4246 quia
1343 4172 1375 4230 ab
1391 4189 1446 4229 uua
1459 4171 1608 4245 iucipiens
1702 4213 1703 4252 ¹

293 4275 349 4315 uon
371 4259 433 4333 plus
456 4277 536 4334 quem
559 4260 591 4316 ad
614 4277 661 4316 sex
683 4259 788 4316 litteras
812 4260 961 4335 procedere
978 4251 989 4337 ΙΙ
1006 4251 1099 4315 l.11¹³
1115 4251 1127 4335 ΙΙ
1144 4258 1239 4314 sillaba
1261 4264 1354 4332 potest
1376 4259 1404 4313 ia
1426 4254 1512 4313 lutino
1534 4273 1609 4313 ser·
1702 4265 1703 4328 ¹

294 4361 375 4400 mone
397 4352 428 4400 ut
450 4362 465 4400 a
488 4344 520 4400 ab
543 4362 587 4402 ars
610 4361 682 4401 mars
706 4353 781 4401 stans
804 4347 898 4419 stirps.
944 4344 1031 4402 Habet
1059 4347 1141 4399 etiam
1170 4359 1348 4417 unaquaeque
1376 4341 1472 4398 sillaba
1500 4340 1609 4398 altitu·
1702 4335 1703 4370 ¹

293 4430 382 4486 dinem
410 4429 579 4486 latitudinem
603 4439 630 4486 et
652 4428 863 4503 longitudinem.
906 4428 1085 4486 Altitudiuem
1113 4431 1140 4484 in
1170 4437 1281 4502 tenore,
1309 4427 1517 4485 crassitudinem
1549 4429 1610 4484 uel
1702 4425 1703 4438 ¹

293 4512 463 4572 latitudinem
487 4516 512 4569 in
537 4515 652 4589 spiritu,
674 4514 874 4588 longitudinem
897 4515 924 4570 in
948 4523 1080 4589 tempore.

1702 4493 1703 4528 l

378 4629 521 4708 Sequitur
542 4625 780 4710 tractatusfiDE
802 4629 998 4692 FlNlLIBVS
1021 4627 1203 4698 stttnssts,
1226 4629 1277 4690 tn'e
1298 4646 1415 4706 quoque
1437 4645 1457 4688 u
1479 4628 1617 4692 Donati

291 4732 378 4794 {stru
392 4734 521 4802 alienus,
539 4750 625 4808 quem
640 4735 692 4795 suit
707 4733 811 4794 Seruii
823 4736 942 4794 nomine
957 4735 1026 4794 olim
1041 4734 1137 4796 edidit
1151 4733 1252 4792 editor
1267 4731 1451 4792 Busileensis
1466 4746 1496 4790 o.
1515 4735 1614 4792 1528
1702 4691 1703 4760 ¹

295 4827 354 4908 (cs.
370 4837 449 4897 Keil.
460 4853 496 4911 p.
514 4835 604 4896 XLV
619 4839 678 4896 uoi.
695 4837 759 4912 IV)
782 4851 926 4913 quemque
940 4837 1011 4896 inde
1025 4837 1145 4912 repetiit
1160 4833 1320 4896 Putseirius
1335 4851 1371 4910 p.
1390 4837 1610 4896 itud—1810.
