3390 5444
291 312 352 378 178
658 311 914 376 Qvtnsrrouns
933 311 1202 366 uutmmarrcnu

374 499 508 585 ιζι.6·ι1
533 503 642 562 Verum
672 509 785 573 tamen,
816 501 934 579 quando
963 511 1123 582 utrumque
1151 521 1258 564 nomen
1290 502 1506 584 appellatiuum
1539 513 1592 570 εει,

288 603 365 666 idest
388 613 417 664 et
439 602 516 683 quod
539 602 691 683 praecedit
714 613 743 664 et
765 603 843 682 quod
868 606 1009 682 sequitur,
1033 611 1105 665 tunc
1127 623 1182 684 per
1204 603 1276 667 illud
1299 623 1482 685 pronomen,
1509 603 1592 685 quod

287 715 332 766 εει
359 706 389 764 in
419 705 531 775 medio,
566 704 690 767 licenter
723 708 770 766 cui
807 705 946 767 uolumus
975 709 1079 785 generi
1112 708 1339 788 respondemus.
1384 709 1420 768 m
1448 709 1593 768 siluerit

288 825 377 868 unum
401 824 510 867 nomen
533 808 687 887 proprium
712 815 740 867 et
762 806 888 869 alterum
911 807 1137 888 appellatiuum,
1167 816 1281 870 tantum
1308 812 1432 890 proprio
1461 826 1592 888 respon·

287 910 407 979 tlemus,
431 917 478 970 ut:
510 909 622 970 ‘estin
652 927 772 971 earcere
796 908 893 980 locus,
924 909 1003 990 quod
1025 909 1194 972 Tullianum
1218 916 1365 981 uocatum,
1390 919 1434 972 et:
1470 911 1616 970 ‘ciuitasa

287 1011 366 1092 quod
400 1008 598 1073 Mediolanum
633 1012 765 1081 dicitur’,
798 1019 841 1074 et:
875 1010 1070 1074 ‘coenobium
1104 1029 1180 1089 quae
1208 1011 1333 1074 Corbeia
1361 1013 1513 1082 uocatur',
1547 1020 1591 1073 et:

285 1112 370 1174 ‘cella
402 1112 480 1192 quod
508 1112 702 1174 altumuilarc
730 1116 940 1194 nuncupatur’,
969 1124 1012 1176 et:
1047 1110 1135 1176 ‘uilla
1164 1115 1214 1190 qui
1242 1113 1411 1194 Sparnacus
1438 1118 1592 1184 uocatur’‚

285 1221 327 1274 ot:
360 1213 519 1296 ‘oppidum
552 1233 628 1294 quac
657 1215 747 1276 Troia
781 1216 974 1288 nominatur’,
999 1226 1040 1278 et:
1073 1215 1230 1295 ‘palatium
1260 1218 1309 1293 qut
1339 1217 1509 1278 barisiacus
1539 1233 1591 1294 ap-

284 1315 435 1397 pellatur’.

371 1519 382 1602 l¹
401 1522 421 1582 ι.
437 1517 476 1581 oi
493 1519 505 1602 Ιι
531 1521 705 1582 ‘Entbesis’
730 1532 775 1582 εει
797 1523 1006 1600 interrogatio,
1031 1522 1149 1602 quando
1172 1522 1208 1582 ad
1232 1523 1479 1584 exercitationem
1503 1539 1588 1583 suam
1603 1539 1625 1577 n

285 1620 391 1704 aliquis
413 1623 572 1702 praeponit
594 1623 709 1700 sibique
733 1626 797 1704 ipse
820 1623 989 1704 respondet.
1034 1623 1197 1687 ‘Erotema’
1221 1633 1266 1686 est
1288 1627 1500 1705 interrogatio,
1532 1643 1588 1704 qua

284 1725 376 1802 ligura
408 1727 532 1795 utimur,
562 1743 630 1786 cum
660 1725 875 1804 interrogando
903 1725 1013 1806 aliquid
1042 1745 1218 1788 aceruamus
1247 1735 1277 1788 ει
1305 1743 1523 1805 exaggeramus
1552 1725 1587 1786 ad

285 1827 349 1886 eius
371 1825 530 1902 inuidiam,
555 1845 644 1908 quom
667 1829 895 1906 interrogamus
927 1825 1058 1908 ‘Pysma’
1081 1835 1126 1889 est
1148 1830 1328 1910 quaesitum,
1353 1847 1428 1908 quae
1450 1829 1548 1906 ligura
1572 1847 1586 1888 a

287 1931 443 2008 superiore
467 1947 502 1988 eo
525 1928 639 2000 ditiori,
662 1929 741 2010 quod
765 1931 961 2010 interroganti
977 1947 1035 1991 una
1050 1948 1126 1992 uoce
1142 1939 1253 1992 tantum
1276 1929 1453 2011 responderi
1476 1936 1585 2010 potest.

284 2028 417 2092 illabitur
440 2033 602 2109 ‘rogatio’‚
632 2049 707 2112 quae
736 2032 767 2092 lit
794 2050 848 2112 per
876 2032 1076 2093 definitionem
1102 2041 1131 2093 et
1153 2052 1211 2094 non
1235 2039 1331 2112 potest
1360 2033 1417 2093 nisi
1445 2030 1585 2112 pluribus
1600 2048 1621 2086 ra

284 2131 409 2193 trucibus
432 2132 617 2212 responderi.

368 2337 498 2398 ‘Erudis'
522 2337 740 2416 amphimacrus
764 2348 822 2408 εει,
846 2347 879 2400 ιιι
901 2337 1100 2417 Virgilius:
1125 2336 1332 2400 ‘sublatum
1357 2337 1525 2401 erudiit’.

369 2439 424 2510 Oui
453 2439 526 2501 dicit
554 2437 735 2509 ‘subolem’,
765 2438 844 2500 dicat
873 2439 1065 2502 ‘moliorem’
1095 2442 1237 2501 ‘nocem'
1267 2440 1405 2502 ‘orsum’
1428 2441 1583 2521 ‘uulpem’

284 2540 433 2602 ‘uoltum’
466 2541 603 2603 ‘luuem'
638 2540 838 2609 ‘imminem’.
860 2543 950 2603 sicut
977 2560 992 2602 a
1023 2539 1137 2603 ‘lrixu’
1172 2560 1232 2603 non
1261 2542 1387 2604 dicimus
1415 2542 1580 2603 ‘lriruria'
1607 2541 1609 2546 ’

283 2645 334 2704 sed
359 2644 531 2718 ‘lr¹ixoria',
556 2645 637 2704 sica
661 2642 767 2704 ‘luxu'
791 2661 849 2703 non
874 2651 918 2704 εει
940 2642 1064 2706 dicenda
1087 2642 1239 2706 ‘luxuria’
1264 2645 1315 2705 sed
1340 2643 1488 2705 ‘luxoria'.
1533 2642 1616 2703 ιιι-ιε

282 2765 373 2825 super
396 2749 484 2807 ctiam
508 2748 570 2824 ipsa
594 2745 722 2806 secunda
746 2743 858 2825 syllaba
880 2743 983 2806 breuis
1006 2745 1191 2807 nullomodo
1214 2748 1319 2808 inisset
1340 2748 1371 2806 ia
1394 2754 1500 2816 metro,
1526 2745 1580 2804 nisi

282 2867 300 2907 ιι
325 2866 503 2909 εειιιιει·ειιιιι
527 2856 605 2908 εεεει
626 2849 656 2906 ιιι
681 2865 708 2908 o.

368 3053 527 3113 Sciendum
556 3070 628 3114 sano
657 3050 743 3112 nobis
771 3058 830 3120 est,
859 3049 1008 3129 quomodo
1037 3050 1110 3111 baoc
1138 3053 1236 3112 omnia
1266 3053 1343 3112 inter
1372 3069 1404 3113 se
1428 3052 1578 3122 dillermrt,

283 3153 361 3214 idest
388 3154 552 3233 ‘uespere’
582 3157 743 3233 ‘uespera’
768 3153 899 3232 ‘uesper’
923 3151 1130 3231 ‘uespcrmn’.
1174 3151 1361 3230 Virgilius
1384 3155 1483 3214 omnia
1506 3151 1578 3213 baec

283 3255 465 3316 demonstrat
488 3255 606 3317 dicens:
630 3256 694 3316 ‘Est
716 3255 805 3314 etiam
827 3271 936 3333 uesper
951 3273 1080 3332 uespere
1095 3272 1219 3334 uespera
1236 3273 1413 3334 uesperum,
1438 3255 1485 3315 bic
1508 3271 1613 3315 ueros

253 3421 257 3432 ,
284 3359 485 3419 ιιειιιιιιειιειιε
513 3357 695 3437 quadruplex
726 3364 785 3426 ost,
815 3357 901 3416 cuius
929 3356 1094 3416 differentia
1124 3355 1197 3416 baec
1226 3358 1297 3427 erit,
1327 3357 1404 3434 quod
1435 3357 1579 3435 ‘uesper’

283 3459 411 3540 quidem.
432 3458 557 3529 dieitur,
587 3460 855 3538 quotienscumque
878 3455 920 3518 sol
944 3455 1073 3518 nubibus
1101 3466 1151 3519 ant
1178 3455 1246 3519 luna
1275 3457 1480 3538 ferruginibus
1509 3474 1578 3535 qna·

283 3580 409 3640 cumque
438 3561 498 3623 diei
527 3553 588 3624 aut
603 3562 698 3623 noctis
726 3559 798 3621 bore
822 3560 941 3637 tegitur,
965 3568 995 3619 ct
1016 3559 1073 3620 lroc
1097 3568 1234 3622 neutrum
1259 3566 1318 3630 εει,
1342 3559 1421 3638 quod
1445 3569 1475 3619 et
1498 3560 1576 3619 ‘ues-

282 3681 336 3742 per
359 3665 506 3744 uesperis’
529 3662 609 3726 iacit.
654 3668 691 3723 Αι
712 3663 912 3723 nominatiuus
933 3664 1083 3741 ‘uespere’
1107 3669 1232 3724 uocatur
1255 3660 1291 3723 ab
1313 3660 1387 3722 hora
1418 3679 1497 3722 nona
1519 3659 1577 3722 solo

282 3766 457 3826 descensum
480 3763 638 3826 inchoante
661 3773 691 3826 et
712 3763 769 3825 boc
791 3761 989 3825 declinatione
1011 3772 1103 3825 caret.
1141 3759 1152 3845 ss
1173 3763 1193 3824 ι.
1209 3759 1276 3844 mu
1299 3763 1500 3842 ‘vesperum’
1525 3769 1608 3828 estio

283 3866 352 3928 dum
376 3866 439 3928 sole
462 3866 616 3928 occidente
639 3866 702 3928 dies
725 3865 826 3928 delicit
848 3875 878 3926 ει
900 3867 941 3926 ειε
964 3864 1148 3926 declinatur:
1179 3867 1359 3944 ‘uesperum
1382 3865 1505 3944 uesperi
1527 3882 1573 3924 ue·
1672 3887 1673 3900 ι

282 3973 382 4048 spero'
406 3969 581 4048 etreliqua.
627 3969 782 4049 ‘Vespera'
806 3975 865 4036 est,
889 3985 956 4028 cum
978 3967 1053 4029 lucis
1075 3969 1190 4029 oriente
1213 3985 1320 4027 aurora
1343 3986 1400 4029 nox
1425 3967 1528 4027 linitur
1548 3973 1574 4024 et

281 4073 322 4130 sic
346 4070 525 4133 declinatur:
550 4077 688 4151 ‘uespera
712 4087 856 4149 uesperae
879 4075 1035 4149 uesperae’
1059 4077 1088 4130 et
1110 4068 1247 4149 reliqua!

281 4226 506 4236 ——-———.

350 4327 379 4375 ll
399 4325 529 4375 erotlrema
610 4327 641 4375 12
659 4339 842 4389 ειιεεειιιιιιιιιιε
861 4335 885 4374 ει
903 4339 1072 4390 exegeramus
1142 4327 1174 4374 13
1193 4323 1275 4390 pisum
1347 4325 1379 4373 lo
1397 4321 1570 4372 dimatataana
1671 4345 1672 4350 =

282 4395 312 4445 tt
332 4391 470 4461 Virgilius]
491 4396 557 4444 Aea.
576 4393 621 4442 IX
639 4397 692 4444 203
771 4396 802 4444 19
821 4393 927 4442 iriatuia
950 4394 1202 4458 scdenpraliaeum
1219 4408 1249 4444 ur.
1269 4389 1304 4440 II
1388 4393 1422 4441 et
1438 4385 1570 4458 Virgilius]

281 4464 394 4513 Asianus
409 4477 436 4526 p.
455 4465 479 4513 8.
498 4465 513 4511 9
530 4461 588 4512 Mai
706 4461 739 4511 28
758 4462 893 4526 obtegetur
913 4460 1036 4527 Vtrpitius
1053 4461 1120 4511 Maii
1221 4471 1246 4509 ει
1263 4458 1312 4508 ιιοε
1331 4471 1460 4518 nentrum,
1486 4473 1571 4524 uesper

281 4532 396 4596 uesperis
416 4531 516 4596 uesperi
535 4544 627 4595 uesper
646 4544 753 4594 uespere
768 4529 891 4594 Virgilius
909 4529 977 4578 Maii
1043 4531 1076 4580 29
1095 4526 1253 4578 nominatiuo
1270 4527 1393 4591 Vergilius
1410 4527 1478 4577 Maii
1542 4527 1571 4576 30

279 4599 421 4648 discessum
433 4599 520 4648 Maias
558 4597 695 4648 inchoante
712 4598 758 4647 sed
776 4597 825 4646 boc
844 4611 935 4646 nomen
954 4596 1148 4647 declinationem
1168 4595 1261 4646 nullam
1280 4595 1453 4645 bebetMaiur
1493 4605 1569 4644 antem

280 4679 319 4715 εει
336 4681 392 4716 cum
411 4667 465 4716 sole
486 4667 572 4717 Maius
628 4667 661 4716 32
679 4666 794 4714 liniatur:
822 4667 913 4716 etenim
933 4665 999 4715 sicut
1016 4665 1071 4714 dies
1089 4665 1172 4715 noctis
1190 4678 1312 4714 successu
1330 4677 1481 4730 uesperum,
1500 4663 1534 4713 sic
1549 4673 1570 4710 ει

281 4749 332 4783 uox
350 4735 391 4784 die
404 4745 494 4783 exorto
508 4749 640 4799 uesperum
653 4734 765 4783 baberet
778 4735 815 4783 sie
833 4733 974 4783 ειεειιιιιιιιιι·
991 4733 1085 4784 Maius.
1113 4735 1166 4783 llic
1177 4736 1247 4783 locus
1263 4733 1368 4796 Virgilii
1378 4735 1474 4782 tremine
1487 4735 1569 4782 orclem

280 4804 372 4864 legitur
389 4805 463 4852 etiam
481 4805 506 4851 iu
523 4807 606 4866 prtum
623 4804 680 4852 cod.
698 4801 778 4853 liora.
797 4805 849 4851 286
865 4804 961 4867 papiria
978 4819 1045 4853 suec.
1067 4803 1105 4852 X:
1126 4801 1294 4866 olutegiiur—
1307 4801 1448 4850 discessum
1468 4828 1500 4838 -·
1519 4813 1568 4847 εειιι
