3394 5448
693 1162 808 1244 XI.

374 1375 450 1458 Dio
472 1373 699 1460 ISIDORO
721 1373 1115 1460 GRAMMATICO.

182 1821 378 1882 Isidorum
400 1820 663 1895 Hispalensem
686 1820 869 1897 ‘Oripiman'
890 1829 1044 1898 auctorem
1064 1823 1268 1897 multifariam
1289 1822 1328 1882 ab
1349 1825 1393 1882 in-

94 1925 184 1996 fimae
206 1925 316 1982 aetatis
337 1923 534 1998 scriptoribus
548 1925 756 1998 prommatiais
769 1924 905 1996 laudari,
928 1940 988 1984 non
1002 1925 1187 1996 mirabimur,
1209 1927 1394 1986 §memoria

96 2031 279 2102 repetemus,
309 2041 388 2100 quoe
412 2025 513 2100 primo
540 2027 592 2086 iile
616 2027 717 2085 statim
746 2027 846 2100 operis
872 2027 921 2086 sui
946 2025 1023 2087 libro
1045 2027 1083 2086 de
1104 2033 1172 2088 arte
1191 2029 1394 2102 prommotico

96 2130 167 2188 satis
188 2132 339 2188 accurate
360 2127 539 2203 disputabit.
583 2126 624 2186 Ei
640 2123 742 2200 (nisse
762 2123 871 2206 etiam,
899 2129 954 2202 qui
973 2144 1098 2204 operam
1119 2129 1334 2204 inpenderent,
1363 2134 1396 2189 ut

96 2245 303 2306 quaecumque
329 2228 467 2289 isidorius
493 2245 554 2304 per
586 2231 687 2304 operis
714 2230 939 2289 uniuersitatem
966 2229 1017 2290 bic
1043 2231 1105 2290 iilic
1125 2232 1242 2306 passim
1271 2231 1310 2290 de
1336 2229 1395 2289 bac

97 2339 164 2392 arte
195 2330 401 2407 similibusque
433 2327 607 2406 disciplinis
638 2330 794 2409 disseruit,
828 2331 959 2391 studiose
984 2333 1161 2407 cottiperent
1186 2338 1216 2392 et
1244 2333 1276 2391 iu
1303 2346 1394 2392 aarum

96 2435 185 2510 quasi
204 2435 298 2506 unitas
317 2433 395 2492 arti's
416 2448 529 2508 corpus
549 2433 732 2506 redimerent,
756 2433 931 2493 excodicis
948 2432 1110 2494 Berrrerisis
1127 2440 1183 2493 207
1201 2436 1262 2506 pue
1282 2449 1394 2508 capno-

95 2537 188 2596 scitur
203 2535 265 2610 (es.
281 2536 374 2596 catat.
390 2533 459 2594 bibi.
475 2533 648 2594 Loresbam.
665 2535 713 2594 ed.
732 2535 912 2595 Wiimanum
927 2551 999 2594 mis.
1014 2535 1112 2596 Rbeu.
1127 2541 1203 2594 1868
1210 2552 1246 2611 p.
1260 2540 1325 2611 390,
1343 2541 1394 2604 13;

92 2655 125 2712 p.
141 2642 232 2713 397),
256 2643 289 2697 ut
311 2636 422 2696 blande
443 2637 565 2696 omnino
586 2641 709 2696 nostrae
730 2639 823 2697 menti
841 2653 906 2696 sese
926 2638 1056 2698 insinuet
1076 2638 1260 2711 coniectura,
1284 2653 1325 2699 en
1339 2638 1397 2697 tati

96 2741 230 2800 toronum
252 2739 494 2800 isidorianorum
521 2739 664 2812 comperte
689 2739 722 2798 in
750 2739 827 2797 ortis
851 2736 986 2811 sormam
1007 2739 1135 2799 redacta
1156 2739 1297 2799 baustum
1319 2755 1392 2810 esse,

96 2838 249 2918 quidquid
268 2841 385 2902 Isidori
410 2841 528 2901 nomine
554 2840 733 2916 artiprapbi
758 2843 940 2901 recentiores
967 2843 1029 2902 suis
1050 2841 1171 2917 scriptis
1191 2843 1393 2902 insenuerunt.

97 2945 192 3019 Atque
213 2944 273 3004 boc
293 2951 324 3004 et
345 2946 377 3003 in
399 2950 468 3003 arte
489 2957 643 3020 anonyma
656 2940 1095 3005 tiernensicod.123accidit
1116 2951 1145 3004 et
1165 2945 1197 3004 in
1218 2941 1240 3020 [
1239 2943 1395 3003 Clementis

96 3044 196 3123 Scorr]
219 3052 288 3106 orte
307 3046 422 3106 codicis
443 3043 592 3106 eiusdem:
621 3044 676 3104 sed
695 3050 812 3104 restant
833 3047 864 3104 in
885 3045 946 3105 bac
966 3047 1035 3122 ipsa
1056 3047 1118 3107 ioci
1137 3047 1291 3120 nonnulii,
1320 3061 1395 3120 qaas

97 3149 126 3207 ia
146 3148 267 3208 Isidori
292 3164 384 3224 opere
410 3152 465 3207 ortt
491 3148 612 3207 diuerse
638 3147 767 3222 scriptos
795 3153 850 3206 aut
877 3143 999 3207 omniuo
1025 3164 1086 3208 non
1113 3149 1242 3224 scriptos
1262 3164 1326 3208 esse
1346 3148 1393 3207 in-

97 3251 234 3325 teliepas.
277 3248 355 3310 Sunt
376 3256 477 3309 autem
499 3245 549 3308 bi:
794 3253 797 3260 '

180 3347 194 3434 Η
213 3351 234 3412 i.
251 3348 289 3411 7⁸
305 3347 316 3432 ΙΙ
332 3347 504 3410 isidorus
527 3348 613 3410 dicit:
636 3347 759 3409 Stoici
781 3351 913 3429 quinque
929 3359 1029 3429 partes
1052 3369 1118 3412 esse
1140 3350 1293 3412 dixerunt:
1325 3369 1391 3412 nam

99 3469 204 3514 nomen
231 3459 261 3510 et
282 3468 446 3531 pronomen
468 3469 526 3512 una
549 3467 617 3530 pars
639 3459 685 3511 est
706 3450 868 3512 secundum
892 3450 973 3521 iilos,
998 3451 1123 3514 uerbum
1150 3460 1180 3514 ot
1202 3453 1389 3534 participium
1503 3463 1505 3470 ’

98 3554 152 3614 ntia
175 3560 324 3634 pareest,
351 3551 526 3614 adnerbinm
550 3561 580 3612 et
601 3554 772 3613 coniunctio
795 3554 882 3615 tertia
904 3571 973 3634 pars
994 3561 1050 3623 est,
1074 3564 1177 3634 quarta
1201 3555 1390 3635 praepositio,

98 3657 200 3736 quinta
224 3656 403 3717 interiectio.

76 3879 89 3920 s
182 3858 196 3943 ΙΙ
214 3855 502 3941 i.7⁸ssisidonus
530 3856 616 3919 dicit:
646 3858 809 3920 Phoenices
834 3859 887 3921 xit
915 3868 1016 3941 partes
1044 3880 1110 3922 esse
1138 3860 1293 3931 dixerunt,
1321 3863 1391 3922 anti·

99 3961 196 4024 culum
226 3979 334 4023 nonam
362 3969 477 4040 partem
508 3968 702 4040 putauerunt,
731 3963 784 4041 qui
805 3979 872 4023 cum
896 3962 1017 4024 Graecis
1039 3973 1143 4025 octaua
1165 3981 1234 4044 pars
1256 3974 1317 4032 esu
1347 3965 1392 4025 in-

101 4063 286 4143 persanniem
315 4063 435 4124 modum
464 4061 610 4124 decimam
633 4071 747 4144 partem
769 4071 967 4143 putauerunt,
995 4066 1144 4146 quianon
1168 4065 1258 4126 habet
1278 4071 1392 4128 certam

101 4185 256 4245 pomonam
279 4173 445 4226 etcertum
468 4181 635 4235 numerum,
659 4165 716 4225 nisi
740 4165 830 4225 abdas
846 4182 1021 4244 pmnomen,
1044 4175 1078 4226 ut
1092 4167 1213 4246 ‘iegitur
1234 4185 1314 4228 ame
1329 4187 1346 4229 a
1361 4177 1392 4229 te

101 4267 246 4336 anobis’,
275 4281 306 4330 et
326 4267 507 4329 intinitiuum
529 4266 716 4328 uindeeimam
739 4276 937 4346 putauerunt,
966 4269 1035 4350 quia
1058 4270 1118 4330 uim
1142 4271 1269 4330 nominis
1291 4269 1390 4340 habet,

69 4387 91 4426 ιο
102 4369 176 4431 idest
199 4369 394 4444 nominatiui,
424 4370 585 4431 accusatiui
607 4387 723 4448 quoque
747 4378 777 4429 et
800 4367 937 4440 abiatiui,
960 4369 1085 4450 gerendi
1108 4372 1227 4433 modum
1250 4370 1391 4434 duodeci·

102 4491 176 4535 mam
199 4480 315 4553 partem
337 4478 529 4551 putauerunt,
552 4471 620 4547 qnia
643 4469 753 4531 habent
776 4469 865 4532 uerba
890 4471 1012 4549 gerendi
1028 4473 1087 4534 uim
1104 4480 1135 4534 et
1152 4473 1277 4534 sormam
1296 4475 1390 4534 nomi·

167 4667 319 4760 tdifemut
386 4709 561 4759 osmundum
579 4707 636 4758 iiios
653 4724 685 4761 m.
704 4707 738 4758 11
754 4723 834 4773 supra
851 4710 895 4759 tin.
964 4709 981 4760 4
999 4721 1108 4773 querito,
1126 4727 1197 4767 corn.
1214 4713 1307 4775 quinta
1374 4713 1391 4764 b

104 4777 218 4844 phenices
269 4775 405 4827 articulum
424 4777 494 4826 Vitii
580 4777 697 4841 tigreois
766 4777 843 4838 iqui
862 4778 913 4826 uim
984 4781 1015 4828 to
1032 4779 1172 4829 nactrsatin'r
1190 4796 1216 4843 q;
1285 4781 1391 4847 gerendi

35 4899 42 4906 ,
104 4848 169 4897 modi
235 4844 494 4916 ltquiahabent
