3420 5450
602 283 605 290 '
634 292 715 350 con.
735 293 841 346 Buten.
860 296 920 347 not.
1333 313 1424 360 xxtn

24 527 25 530 ,
138 485 303 544 niunt=P
386 479 941 566 21111111111111601111]111111αά111
1012 485 1137 544 25-26
1160 504 1214 544 om.
1235 489 1318 545 =P
1384 487 1423 552 et

138 571 260 629 interdurn
305 571 405 630 cecidit
986 622 996 655 1
1409 616 1412 646 ;

139 693 142 699 ·
211 675 236 731 p.
258 654 333 728 464,
358 655 397 714 15
421 657 468 714 sed
491 656 669 731 expluribus
692 656 904 734 quinqne=P
971 655 1010 714 16
1034 656 1233 714 ueneris=P
1300 659 1423 717 18-19

139 761 184 798 om.
204 741 284 796 =P
352 740 393 798 24
416 742 496 800 tenus
517 743 602 799 =1³
655 743 763 800 (domum
787 741 860 799 sole:
884 741 984 799 donum
1009 742 1124 799 solaeP
1191 741 1230 799 25
1254 743 1423 801 alcimanium

138 826 269 898 3(Ioniei
291 844 310 882 a
332 831 457 901 maiore,
487 835 518 884 ut
545 828 627 899 apud
647 827 832 898 Patientiam,
858 834 925 898 port
952 831 1058 884 ionieor
1080 845 1098 884 a
1120 833 1230 884 minore
1258 831 1429 901 transpositi

138 910 203 984 sunt]
217 909 439 987 solutionemque
455 929 487 969 ex
501 929 531 969 se
546 915 682 986 patienter
749 913 786 969 11
812 912 934 970 intendet
956 912 1090 969 laborent:
1114 913 1248 969 intendito
1270 913 1389 970 laborem
1405 914 1425 969 P

211 1031 235 1086 p.
251 1011 326 1084 465,
351 1015 367 1070 1
391 1013 433 1071 bb
455 1014 601 1072 nivensts
623 1013 806 1072 bernonvn
830 1014 1010 1070 GENERleS
1032 1039 1073 1061 =
1097 1013 1150 1080 ςΡ
1215 1013 1233 1072 2
1257 1013 1354 1073 debinc
1376 1033 1425 1090 per

138 1107 261 1156 semetra
341 1100 510 1157 (iseraenae
533 1117 644 1174 reparas
731 1099 770 1157 15
793 1117 872 1175 quarn
894 1099 1049 1173 prolabitur
1135 1099 1175 1156 25
1199 1116 1293 1157 eroum
1317 1110 1426 1158 canstat

138 1183 242 1259 spondit)
263 1191 293 1240 et
316 1184 418 1241 ductito
433 1188 470 1241 ita
486 1193 518 1242 ut
533 1185 645 1260 pirrieio
661 1185 840 1244 conciudatur
906 1184 946 1243 30
968 1202 1066 1242 nonten
1090 1186 1213 1258 pregecit
1278 1185 1316 1242 31
1340 1186 1425 1243 inleu-

138 1273 198 1326 oiun
225 1276 334 1325 constan
363 1269 478 1343 spondio
504 1268 603 1328 dactilo
627 1281 655 1328 et
678 1270 766 1328 tribus
790 1269 890 1328 troeeis
913 1278 944 1327 ut
966 1278 1008 1326 est
1030 1269 1096 1327 boc:
1140 1269 1197 1327 Non
1221 1271 1266 1326 bie
1287 1287 1348 1328 men
1372 1288 1426 1329 non

138 1371 197 1428 quos
217 1369 347 1412 ornemur
368 1354 464 1426 indos,
486 1372 563 1413 corr.
587 1373 624 1414 m.
646 1357 685 1414 ΙΙ
702 1357 841 1428 canimus,
862 1372 918 1427 pro
941 1355 1043 1429 quibat
1065 1357 1157 1427 lepor:

390 1438 459 1497 Nan
484 1439 537 1496 bie
558 1439 749 1513 Memnona,
772 1457 837 1497 non
860 1455 1021 1498 canemus
1044 1439 1156 1496 Indos.

138 1523 260 1595 Sequitur
282 1523 411 1582 Saffieutn
433 1533 543 1583 constat
565 1534 616 1582 etc.
651 1526 740 1582 Hune
760 1527 849 1598 iqitttr
871 1527 963 1582 torum
981 1540 1126 1597 perquam
1148 1526 1358 1582 memorabilem
1381 1529 1423 1583 in-

137 1612 223 1665 merito
253 1611 315 1665 uiri
339 1611 417 1668 docti
443 1611 651 1684 inminuerunt,
679 1614 705 1669 ti
727 1611 840 1682 quidem
862 1615 893 1669 in
915 1613 1018 1666 ceteris
1040 1610 1184 1666 eodieibat
1206 1617 1292 1683 atque
1314 1612 1344 1666 iu
1366 1613 1424 1668 edi-

136 1693 245 1751 tionibus
268 1695 348 1751 atiud
368 1697 483 1752 omnino
505 1698 669 1772 exemptum
691 1699 840 1754 inuenitur
859 1696 1033 1769 productum
1055 1696 1122 1752 boe:
1213 1743 1217 1748 .

325 1777 471 1837 Hermus
493 1780 677 1855 (istlttnos)
700 1781 879 1840 diuitibus
903 1779 1069 1854 superbit
1092 1780 1204 1838 undis.

209 1881 233 1937 p.
248 1863 323 1939 466,
341 1864 380 1922 13
403 1866 523 1924 earmina
546 1866 616 1924 uella
639 1867 726 1942 magis
749 1865 848 1924 uellem
865 1881 978 1923 sonare:
1001 1865 1120 1923 carmina
1136 1865 1206 1923 bella
1221 1867 1309 1940 tnagis
1326 1861 1426 1925 uellem

136 1965 219 2006 suune
240 1949 261 2006 P
327 1950 366 2008 17
389 1946 520 2008 alerienrb
543 1953 695 2027 spondeum
718 1959 883 2010 constat—
898 1949 1013 2025 dactylis
1027 1951 1104 2007 =P
1170 1951 1210 2008 27
1233 1968 1294 2009 eum
1317 1952 1423 2010 duobus

132 2035 224 2091 ‘traceio
243 2043 293 2090 aut
314 2035 410 2093 iambis
424 2060 467 2083 =
482 2034 501 2091 P

208 2137 232 2194 p.
247 2119 357 2192 467,4
380 2129 408 2177 et
429 2121 627 2179 cottana-:P
686 2121 705 2180 6
728 2123 831 2196 gratias
854 2122 945 2178 malis:
969 2123 1057 2195 gratia
1080 2121 1157 2178 malis
1180 2135 1199 2187 ς

207 2271 361 2346 Deindes.
379 2267 591 2344 812-1811
613 2256 698 2333 lnce
713 2253 913 2334 excandui
936 2270 984 2332 DE
1006 2269 1233 2334 PANEGIRICO
1256 2271 1423 2334 ronrttnt

135 2373 271 2436 ttetvn
294 2372 331 2435 tn
354 2372 619 2436 constantino
641 2373 825 2437 AVGVSTO.
857 2373 889 2434 ln
913 2371 969 2434 baa
991 2375 1098 2452 pagina
1121 2375 1235 2454 primus
1257 2393 1364 2438 uersus
1386 2393 1422 2436 ex

135 2473 267 2536 disiilabis
286 2474 421 2554 partibus
441 2476 583 2536 orationis
606 2483 723 2537 constat
737 2509 771 2520 -
784 2475 947 2546 VNDIQVE
969 2474 1151 2537 CONFVSIS
1175 2468 1422 2538 constabunt

135 2575 280 2638 stnevtn
302 2576 437 2638 VERBIS
459 2574 551 2638 babes
577 2586 762 2655 excerpta
791 2581 979 2640 nonnulla
1008 2595 1055 2639 err
1077 2579 1287 2656 Porphyrii
1308 2579 1421 2655 Opta-

135 2677 221 2740 tiaui
234 2683 477 2757 panepyriao
493 2681 745 2741 Constantino
767 2683 882 2756 dieta,
901 2682 939 2740 de
954 2681 1061 2755 quibus
1075 2682 1242 2756 aliquando
1257 2681 1423 2758 disputabit

138 2781 275 2842 Lucanus
296 2781 461 2844 Muellerus
482 2784 514 2843 in
536 2799 608 2852 aua,
632 2799 723 2858 quam
745 2785 877 2857 motitur,
904 2781 1065 2860 Optatiani
1084 2785 1225 2844 editione.

204 2900 273 2962 Iam
294 2901 367 2962 inde
388 2901 457 2975 af.
480 2898 534 2962 81⁵
560 2918 654 2977 aeque
675 2903 720 2962 ad
741 2901 869 2992 [51010
896 2904 1034 2977 seqttitur
1061 2909 1302 2963 commeatum
1331 2919 1420 2964 ano-

135 3020 261 3079 numum
295 3003 482 3080 quoddam
518 3005 555 3065 in
587 3004 732 3065 Donati
766 3010 883 3064 artem
919 3006 1113 3078 maiorem,
1148 3005 1231 3079 quod
1262 3022 1321 3080 pua
1354 3008 1421 3066 iure

133 3207 237 3268 lationi
250 3205 359 3284 praes.
381 3226 415 3284 p.
441 3214 499 3267 314
520 3215 581 3270 not.
606 3209 827 3280 desideratum,
852 3209 1030 3269 contendam
1036 3253 1045 3284 ,
1076 3203 1165 3284 iasr'a
1185 3211 1338 3285 peculiari
1358 3212 1420 3272 dis-

129 3311 276 3385 putatione
304 3311 458 3371 ostendam
483 3313 585 3387 partis
612 3312 722 3371 tertiae
749 3327 818 3388 cap.
841 3311 913 3372 VII.
959 3311 1050 3372 Cuius
1072 3313 1149 3371 artis
1171 3313 1277 3373 titulus
1297 3317 1422 3374 seeretis

131 3413 227 3472 titteris
252 3415 385 3490 temptat
407 3413 546 3474 adbibita
568 3413 653 3474 ataui
672 3415 745 3487 itta,
770 3428 850 3488 quae
871 3415 932 3472 ima
951 3412 980 3485 f.
1006 3411 1039 3470 2ὓ
1055 3416 1177 3489 popina
1199 3409 1257 3493 (af.
1269 3398 1310 3489 p}
1322 3410 1421 3496 XVI)

130 3517 456 3593 irritamentorum:
472 3513 509 3574 de
521 3497 635 3594 partib}
651 3515 753 3591 oratii,
771 3522 863 3591 atque
876 3517 945 3591 ipra
960 3531 1013 3575 ars
1027 3517 1136 3590 incipit
1151 3531 1171 3574 a
1186 3517 1298 3577 nabis:
1315 3516 1421 3580 Partes

132 3617 264 3678 arationis
286 3624 356 3678 sunt
378 3623 456 3678 octo.
487 3613 601 3677 Nomen
626 3624 681 3678 ete.
728 3617 803 3678 Octo
826 3623 894 3677 sunt
916 3623 1016 3697 partes
1039 3619 1197 3687 orationis,
1222 3621 1287 3678 sine
1310 3618 1419 3697 quibus

131 3716 253 3798 loquutio
276 3737 340 3781 esse
363 3736 423 3780 non
445 3726 600 3799 potest-
615 3722 783 3798 desinitque
804 3722 836 3780 t'a
858 3720 948 3781 baec:
972 3720 1048 3780 sicut
1070 3720 1101 3781 in
1124 3723 1293 3800 peregrinis
1316 3721 1420 3784 uerbis

130 3821 203 3882 autin
218 3819 353 3884 barbaris
369 3821 541 3883 nominibus
556 3830 698 3884 accentus
714 3823 788 3883 certi
802 3840 864 3884 non
886 3829 956 3883 sunt
978 3825 1019 3883 ita
1042 3829 1072 3882 et
1093 3823 1124 3882 in
1147 3822 1417 3886 interiectionibus.

209 3941 283 4003 Tum
305 3945 441 4018 requitur
460 3942 489 4015 s.
515 3947 588 4000 tut·
612 3973 645 3986 ·—
669 3940 698 4015 s.
724 3947 798 4001 112·
814 3945 986 4020 pruentisso
1007 3943 1111 4004 titula:
1134 3925 1171 4001 ti
1194 3940 1243 4002 DE
1265 3942 1417 4005 rantra:

25 4074 32 4084 ·
129 4041 318 4112 unnttdnts
346 4045 413 4104 sine
443 4045 505 4104 utta
539 4045 666 4104 nominis
697 4046 920 4120 ripnifiantiane
948 4061 1012 4104 ars
1040 4044 1182 4105 Donati
1207 4049 1348 4106 maior
1377 4048 1419 4108 de

130 4151 208 4206 nata
225 4147 408 4223 partitus
430 4148 618 4207 orationis
633 4164 670 4224 p.
689 4151 755 4224 322,
770 4154 807 4206 25
824 4180 861 4190 -
875 4165 909 4223 p.
927 4152 992 4224 392,
1010 4148 1094 4222 tls.²
1110 4163 1188 4222 quae
1203 4150 1420 4211 artis-maioris

124 4263 197 4322 pars
222 4250 319 4308 attera
347 4251 380 4309 in
406 4249 480 4310 libri
505 4251 591 4310 initio
619 4251 720 4310 nermo
747 4265 806 4324 quo
831 4255 925 4324 pacta
954 4251 1063 4310 omissa
1094 4249 1216 4328 fuerat,
1248 4248 1293 4323 as.
1321 4267 1419 4328 supra

123 4366 153 4424 p.
173 4349 281 4412 XVII.
325 4349 477 4412 Summam
503 4351 595 4412 babet
620 4353 675 4412 itte
701 4351 800 4412 codex
827 4368 895 4412 eum
922 4352 1002 4412 libro
1023 4349 1048 4409 S
1067 4350 1262 4412 Beratiaeust'
1281 4352 1422 4415 Santeaii

126 4455 344 4528 capuanum,
368 4455 552 4529 praesertim
578 4455 609 4512 in
636 4453 763 4527 simpatia
788 4455 975 4528 amputarem
1003 4459 1183 4514 commatum
1212 4457 1305 4516 titulis
1325 4457 1416 4516 inter-

24 4567 25 4590 ³
122 4553 273 4628 ponendt't.
317 4555 407 4616 Hane
428 4553 577 4616 Siunerus
598 4557 742 4631 anonymi
762 4572 824 4630 esre
847 4563 942 4616 artem
965 4556 1046 4616 dixit
1067 4562 1129 4616 eat.
1145 4555 1239 4618 Beru.
1258 4558 1328 4634 Ip.
1347 4565 1415 4618 433.

24 4751 26 4772 1
205 4675 262 4735 Cui
280 4675 470 4750 utbiunpitur
491 4691 589 4737 noua
618 4676 801 4750 quaedam
829 4691 894 4736 ars
921 4677 1105 4755 anonyma
1123 4676 1153 4751 s.
1180 4675 1416 4738 112⁰lNC1Pl'i'

24 4819 25 4822 ,
129 4771 172 4835 nt:
186 4774 355 4837 bittunt.
385 4775 499 4838 Genera
514 4775 680 4838 litterarum
704 4777 821 4838 diuersa
838 4786 906 4838 sunt
920 4779 970 4856 qni
984 4825 991 4838 .
1005 4796 1026 4839 a
1041 4777 1167 4840 diuersis
1182 4777 1255 4839 loeis
1271 4786 1299 4838 et
1314 4785 1414 4838 aucto-
