3390 5444
242 351 496 416 Qvnusmortus
515 336 782 406 GRAMMATICAE
801 352 949 406 cometa
966 351 1169 406 BERNENSIS
1187 357 1230 407 83.
1329 317 1391 418 173

92 559 174 602 more
197 543 354 620 genetiuus
376 548 422 602 est
443 560 498 622 pro
521 540 659 612 ablatiuo,
681 541 759 602 idest
780 559 850 620 pro:
876 544 956 603 ‘cum
978 539 1015 601 de
1038 541 1101 602 eius
1123 539 1267 602 aduentu’
1291 549 1321 602 et
1342 541 1392 603 ‘de

90 643 141 704 illo
168 645 319 722 tempore'
349 641 399 704 ‘de
414 641 628 723 Tyndaritano’
657 643 706 704 ‘cle
729 643 903 721 Segestano’
934 648 963 702 et
990 640 1039 703 ‘cle
1067 641 1185 702 uatibus
1211 640 1289 703 illius
1317 650 1390 704 tern-

89 745 186 825 poris’
210 744 259 805 ‘de
273 743 365 806 Acilia
387 743 453 823 lege
474 747 559 828 uenit
578 746 609 805 in
632 747 776 806 mentem'
799 751 827 805 et
850 750 958 806 cetera.
996 743 1069 805 Tale
1092 751 1137 805 est
1158 750 1189 805 et
1209 741 1281 805 illud
1297 743 1390 806 Pau-

90 845 161 907 lini
196 846 238 907 ad
266 845 491 908 Licentiuur:
526 848 580 906 ‘in
612 854 771 909 mentem
805 844 893 907 mihi
926 845 1031 906 uenit
1061 843 1248 926 epistolae
1276 846 1389 914 tuae’,

64 947 166 1010 oldest
189 947 240 1009 ‘cle
261 946 383 1028 epistola
406 952 477 1019 tua',
501 947 578 1009 sicut
599 947 713 1011 scilieet
733 949 858 1027 figurata
880 954 925 1010 est
947 947 1059 1027 pariter
1082 953 1111 1008 et
1132 947 1255 1028 propria
1279 945 1390 1008 locutio

90 1053 121 1112 in
145 1069 198 1121 eo,
223 1049 302 1127 quod
324 1052 334 1110 i
342 1067 406 1129 pse
427 1051 539 1131 posuit:
569 1048 722 1112 ‘abstineo
744 1049 841 1112 illius'
865 1056 894 1110 et
916 1047 1035 1110 ‘illum’
1058 1055 1088 1109 et
1109 1047 1210 1109 ‘illo'r
1235 1047 1389 1109 ‘abstineo

89 1151 198 1223 illius’,
222 1152 300 1213 idest
321 1149 359 1211 ab
381 1149 447 1221 illo,
472 1159 503 1211 et
524 1152 636 1213 'miror
657 1151 758 1213 illum'
783 1160 812 1212 et
833 1150 947 1212 ‘illius’
970 1158 1001 1212 et
1023 1148 1108 1210 ‘illo’
1133 1158 1176 1212 et:

295 1253 498 1315 lustitiaue
520 1253 625 1332 prius
647 1255 762 1315 mirer
784 1251 929 1314 belline
951 1250 1135 1322 laborum,

90 1356 228 1417 ‘iustitia'
259 1356 394 1435 proprie,
423 1353 596 1416 ‘laborum’
623 1356 726 1435 posuit
751 1357 886 1434 figurate.
932 1355 981 1416 Sic
1009 1359 1038 1416 et
1065 1353 1224 1416 ‘admoneo
1245 1359 1276 1414 te
1297 1353 1389 1414 illius’

55 1471 76 1511 ro
90 1465 119 1517 et
141 1455 258 1532 ‘illum'‚
288 1465 317 1518 et
339 1455 484 1518 ‘concedo
507 1455 560 1516 tibi
582 1455 661 1519 illius
683 1458 740 1519 rei'
762 1463 792 1517 et
815 1454 906 1516 ‘illam
929 1457 1017 1524 rem',
1050 1463 1079 1516 et
1101 1455 1207 1516 ‘satior
1228 1453 1308 1517 illius
1331 1456 1388 1516 rei'

89 1565 118 1618 et
139 1556 234 1619 ‘illam
257 1562 348 1620 rem’:
378 1555 469 1619 ‘illius
489 1559 557 1628 rei',
585 1558 663 1634 idest
685 1557 735 1619 illa
757 1575 806 1624 re,
830 1558 910 1638 quod
933 1558 990 1619 dici
1012 1564 1125 1637 potest,
1148 1553 1278 1640 1111111
1300 1558 1388 1618 etiam

89 1660 137 1721 ‘de
164 1659 215 1722 illa
242 1662 298 1732 re’,
326 1668 358 1721 ut
381 1667 425 1721 est
446 1660 482 1721 de
506 1661 638 1738 quinque
660 1659 785 1741 panibus
808 1667 837 1721 et
859 1658 976 1722 duobus
999 1657 1144 1739 piscibus,
1173 1667 1215 1718 et:
1248 1658 1389 1738 ‘quinos

89 1761 124 1822 lle
147 1761 206 1823 tuis
232 1761 318 1823 (lonis
344 1761 457 1823 satias’.
502 1761 688 1843 Frequenter
716 1764 805 1824 etiam
833 1762 988 1840 genetiuus
1015 1778 1071 1842 pro
1097 1759 1228 1822 ablatiuo
1255 1761 1388 1840 ponitur,
1438 1835 1441 1840 Ι

88 1862 215 1924 utillud
238 1863 408 1925 Terenti:

54 1978 76 2018 1⁵
390 1964 475 2043 quid
498 1966 568 2027 mei
589 1965 738 2038 laeiam,
762 1966 849 2044 quid
871 1984 925 2028 me
947 1965 1034 2026 liat?

85 2066 160 2130 illud
182 2067 318 2146 figurate,
341 2067 420 2129 istud
444 2068 574 2148 proprie,
600 2068 679 2130 idest
701 2068 783 2146 ‘quid
807 2067 844 2128 de
865 2085 913 2130 me
936 2067 1054 2128 iaciam’
1077 2065 1160 2146 ‘quid
1183 2065 1220 2126 de
1243 2083 1290 2128 me
1312 2067 1385 2137 tiat’,

87 2171 203 2231 tametsi
233 2168 321 2249 ‘quid
350 2187 398 2230 me
425 2171 495 2230 liat’
524 2188 581 2249 pro
603 2169 691 2247 ‘quiri
715 2172 745 2230 in
768 2187 816 2231 me
839 2170 906 2231 liat’
934 2171 972 2231 in
1000 2167 1167 2230 secundo
1195 2167 1385 2247 postmodum

86 2269 184 2331 libro
213 2270 434 2333 Priscianus
462 2272 594 2351 exponit.
645 2271 804 2352 Reponitur
832 2271 912 2332 eninr
939 2288 1030 2350 saepe
1059 2271 1114 2329 ‘in'
1143 2286 1199 2349 pro
1228 2267 1300 2340 ‘de’,
1334 2279 1383 2331 ut:

86 2372 243 2454 ‘loquebar
265 2373 296 2434 in
324 2374 503 2434 testimoniis
531 2374 611 2435 tuis’.
655 2375 693 2435 Vt
713 2377 848 2434 ‘securus
870 2374 924 2434 tui’
949 2381 979 2434 et
1001 2371 1049 2432 ‘de
1071 2372 1113 2432 te’
1138 2370 1292 2432 ‘sollicitus
1314 2373 1385 2433 mei'

51 2485 116 2537 2⁰et
136 2475 187 2537 ‘de
216 2481 286 2551 me',
317 2481 346 2536 et
373 2474 445 2538 illud
474 2474 657 2537 Terentii:
686 2476 761 2537 ‘liii
790 2466 1024 2543 inmortales,
1054 2472 1141 2550 quid
1169 2472 1301 2535 turbae
1329 2481 1385 2534 est

86 2577 176 2658 apud
200 2577 337 2649 lorum,
353 2576 440 2657 quid
463 2575 547 2638 illic
569 2576 754 2638 hominum
777 2575 934 2654 litigati'
956 2575 1232 2636 Priscianusita
1248 2577 1382 2654 exponit:

86 2698 151 2759 pro
166 2682 270 2760 ‘quot
285 2678 407 2741 homin
417 2681 476 2748 es'‚
492 2679 544 2740 sed
560 2697 666 2741 reuera
680 2678 761 2759 ‘quid
776 2677 839 2740 illic
854 2677 1007 2738 hominum
1023 2676 1129 2755 litigat'
1144 2675 1216 2737 nibil
1233 2683 1279 2738 est
1292 2675 1382 2749 aliud,

5 2779 6 2786 '
85 2783 140 2843 nisi
168 2783 323 2862 ‘quantum
351 2780 527 2852 homiuum’,
558 2781 636 2842 idest
662 2788 770 2861 quanta
799 2778 971 2849 multitudo;
1001 2777 1083 2857 ‘quid
1108 2777 1213 2839 turbae
1236 2785 1282 2840 est
1304 2778 1381 2859 apud

85 2884 205 2954 lornm',
228 2883 306 2945 idest
327 2884 481 2964 ‘quantum
504 2881 631 2944 turbae’.
669 2879 744 2944 lllud
761 2882 848 2968 etiam
865 2881 1013 2943 contrarie
1029 2882 1151 2961 exponit
1166 2881 1380 2942 testimonium:
1410 2888 1414 2896 '

50 2986 270 3048 2⁵‘Gaudere
290 2985 492 3062 Hegionem
515 2984 717 3064 plurimum
741 2982 885 3052 iubeo';
907 2984 950 3043 alt
972 2983 1066 3042 enim:
1089 2981 1262 3062 ‘plurimum
1285 2981 1381 3062 gaude

85 3087 200 3166 Hegio’.
245 3086 349 3150 llelius
371 3089 451 3148 eninr
474 3087 602 3148 diceret:
625 3085 768 3164 ‘gaudere
789 3084 954 3164 Hegionem
976 3083 1139 3163 plurimum
1161 3083 1273 3155 iubeo’,
1297 3102 1335 3147 ue
1356 3085 1381 3145 si

86 3189 206 3250 dixisset
229 3186 332 3259 ‘uolo’,
356 3195 403 3249 ut:

489 3281 619 3352 portas
641 3290 815 3335 reserare
837 3273 982 3342 iubent,

84 3357 160 3420 idest
180 3356 296 3420 uolunt.

51 3469 73 3509 ιθ
166 3460 220 3523 llla
243 3461 361 3521 nomina
385 3461 511 3530 Graeca,
541 3479 616 3541 quae
639 3468 709 3523 sunt
730 3461 816 3523 lortia
839 3461 887 3524 uel
908 3461 1098 3542 principalia,
1123 3461 1327 3540 corripiuntur
1349 3461 1379 3520 in

85 3561 279 3644 paenultima,
310 3569 342 3622 ut
363 3560 527 3641 ‘allegoria’
552 3563 673 3623 ‘ironia'
696 3563 854 3624 ‘historia’.
899 3562 1040 3625 Similiter
1063 3570 1092 3625 et
1113 3563 1179 3634 illa,
1208 3579 1284 3643 quae
1310 3559 1381 3621 licet

84 3666 141 3726 sint
168 3663 345 3744 composita,
376 3680 435 3724 non
464 3671 534 3725 sunt
562 3671 699 3725 tamena
723 3663 894 3728 masculinis
922 3665 1072 3727 uenientia
1096 3673 1126 3727 et
1146 3667 1269 3744 insuper
1291 3680 1380 3724 unam

84 3765 226 3848 syllabam
253 3768 284 3826 in
314 3765 388 3827 duas
416 3764 525 3828 breues
552 3765 726 3836 diuidentia,
756 3776 789 3827 ut
817 3765 968 3828 ‘melodia’
993 3766 1181 3848 ‘psalmodia’
1204 3763 1378 3846 ‘prosodia',

84 3885 156 3946 quac
179 3868 343 3948 composita
366 3884 431 3930 esse
453 3877 535 3948 patet
556 3867 594 3929 ab
617 3867 712 3938 ‘oda’3
740 3886 830 3947 porro
852 3866 900 3929 illa
923 3870 1059 3942 nomina,
1088 3888 1164 3949 quae
1186 3873 1256 3930 suut
1277 3885 1294 3927 a
1317 3884 1378 3927 ma·

50 3976 73 4015 ³⁵
86 3970 206 4032 soulinis
228 3971 394 4039 uenientia,
420 3979 452 4031 ut
474 3968 598 4051 ‘sophus
619 3969 717 4050 soplri’
741 3968 879 4052 ‘sophia’,
904 3969 1045 4032 utillud:

85 4089 312 4099 -.-..-——--

150 4212 163 4258 l
182 4166 241 4258 {bom
276 4210 293 4259 8
318 4202 429 4272 Paulini]
441 4206 685 4272 reintraturum.
699 4207 774 4271 le.
784 4209 894 4258 243001.
904 4207 964 4258 10.-
982 4207 1027 4258 sed
1037 4208 1063 4256 in
1072 4216 1182 4257 mentem
1191 4207 1262 4257 uenit
1270 4207 1378 4274 epistola

85 4287 132 4326 tua.
200 4275 360 4341 4aopistole
428 4271 530 4341 ssipse]
551 4275 699 4326 Priscianus
711 4275 747 4324 11
755 4291 783 4340 p.
796 4277 882 4339 299,9
950 4271 1074 4341 ’lmiror]
1094 4276 1178 4326 Pn'sc.
1191 4275 1224 4325 11
1235 4291 1261 4340 p.
1275 4277 1334 4336 319,
1347 4278 1381 4325 10

83 4347 98 4394 8
117 4343 249 4395 lustitiaue
275 4343 353 4408 Verp.
364 4344 431 4393 Aen.
441 4342 485 4392 XI
497 4345 547 4392 126
632 4344 648 4393 9
666 4339 794 4410 laborum]
814 4341 936 4392 bellorum
948 4340 1087 4407 admoneo]
1106 4343 1190 4393 Prlre.
1204 4342 1237 4392 11
1249 4359 1276 4408 p.
1287 4344 1378 4405 328,6

85 4415 114 4461 10
131 4411 243 4462 coneedo
274 4411 358 4464 Prisc.
378 4411 411 4460 11
428 4412 574 4476 peleto
619 4407 1015 4477 sotior]Priac.11p.377,1ti,
1059 4411 1091 4460 15
1103 4411 1165 4474 quid
1182 4425 1223 4460 me
1240 4407 1295 4474 ilat]
1318 4409 1375 4462 Ter.

84 4479 164 4532 leant.
178 4479 287 4542 11113,
300 4482 336 4530 37
387 4481 418 4529 11
436 4479 569 4545 tamenetsi
622 4479 654 4530 18
671 4477 829 4543 Priscianus]
847 4477 907 4529 Non
922 4480 1010 4530 leuem
1025 4479 1096 4544 apud
1106 4479 1274 4530 Priscianum.
1345 4479 1377 4528 19

85 4577 110 4615 ut
126 4580 232 4617 seourus
250 4567 287 4616 tui
304 4574 330 4614 et
347 4563 469 4614 sollicitus
487 4565 538 4614 mei
555 4553 590 4614 (111
603 4577 644 4612 me
660 4571 686 4612 et
702 4553 736 4612 u't
751 4574 777 4614 te
793 4573 819 4614 et
835 4562 898 4614 illud
951 4565 985 4614 20
1002 4558 1122 4628 Terentii]
1142 4563 1227 4615 Andr.
1242 4561 1311 4613 1111
1323 4563 1378 4625 M

5 4639 6 4700 J
84 4635 113 4682 21
131 4630 291 4699 Priscianus]
310 4632 345 4683 11
360 4635 507 4698 p.187‚22
576 4634 609 4682 22
628 4631 698 4694 qnod
764 4632 800 4682 tl
817 4627 936 4698 exponit]
958 4646 995 4683 ae.
1015 4631 1101 4682 Prisci
1181 4631 1216 4682 11
1230 4648 1259 4696 p.
1272 4633 1334 4693 228,
1346 4633 1379 4681 10

5 4713 6 4748 1
84 4702 115 4751 11
127 4697 255 4770 Gaudere]
279 4701 380 4756 Terent.
390 4701 490 4766 adelpll.
507 4700 561 4751 111
572 4703 598 4759 l,
608 4701 642 4750 11
687 4701 772 4766 gentle
789 4699 870 4766 Hegio
889 4699 1026 4765 plurimum
1039 4699 1125 4749 Prisci
1159 4715 1189 4750 aa
1256 4699 1377 4749 toloneo

5 4767 6 4826 ᾖ
85 4769 105 4817 si
171 4772 204 4822 27
222 4770 341 4820 dixisseti
359 4766 431 4835 uolo]
452 4771 495 4820 An
512 4769 622 4819 dixisset
639 4767 705 4819 idest
722 4768 800 4819 uolo?
873 4767 907 4818 28
924 4766 1024 4832 Portos]
1047 4769 1126 4832 Vera.
1146 4767 1212 4822 Aen,
1232 4766 1294 4818 XII
1311 4769 1377 4819 581:

86 4836 175 4887 Vrbem
194 4837 236 4889 alii
255 4852 367 4889 reserare
385 4838 473 4888 iubent
490 4847 514 4886 et
531 4837 645 4903 pondere
663 4845 750 4902 portas
819 4839 850 4889 31
871 4836 1010 4903 penultimo
1079 4835 1178 4886 lrirouln
