3386 5442
299 379 364 445 230
695 379 929 432 COMMENTVM
947 378 1192 431 EINSIDLENSE

300 580 428 651 separat.
472 569 595 648 Proprie
624 576 723 630 autem
752 567 876 631 diastole
899 575 944 630 est
966 566 1227 629 intercolumnium
1249 569 1267 628 i.
1292 568 1433 648 spatium,
1464 566 1541 646 quod
1562 567 1588 626 rit

300 673 379 732 inter
401 671 563 732 columnas.
609 669 714 732 ‘Stolo’
743 672 821 732 enim
850 671 959 731 dicitur
981 667 1135 740 columna,
1169 668 1238 731 inde
1262 667 1383 731 diastole
1407 668 1517 730 dicitur
1538 667 1587 726 dis-

302 773 430 842 iunctio,
464 791 500 833 eo
533 770 612 852 qnod
646 771 722 833 male
756 772 911 834 coniuncta
945 770 1102 849 disiungat.
1153 769 1201 830 Ad
1230 773 1352 841 imam,
1381 771 1399 832 i.
1429 770 1465 830 ad
1497 771 1586 830 finem.

177 905 197 942 p.
213 875 594 943 amolliscernuntur,
617 875 638 932 i.
661 881 845 952 separantur.
891 872 1157 952 cohaerentia,
1180 874 1199 932 i.
1216 873 1435 951 coniungentia,
1459 877 1492 932 nt
1508 870 1588 930 ‘uir-

176 978 399 1056 sartaginis
421 978 499 1036 ira’.
543 974 802 1054 apostrophus
824 975 922 1035 item.
967 975 1104 1052 congrue
1126 974 1200 1034 dixit
1219 973 1325 1042 ‘item'‚
1349 973 1489 1052 quoniam
1513 985 1609 1052 prae-⁵

301 1078 379 1139 dicta
407 1079 534 1138 iteratur
561 1077 667 1154 ligura,
702 1075 756 1136 sed
784 1072 860 1136 aliud
893 1093 981 1155 supra
1010 1085 1041 1136 et
1067 1074 1146 1136 aliud
1175 1077 1234 1153 agit
1262 1075 1349 1136 inira.
1392 1071 1590 1153 Apostrophns

301 1181 382 1241 enim
405 1179 519 1240 Graece
542 1178 698 1239 conuersio
721 1177 879 1239 locutionis
901 1177 1010 1239 dicitur
1032 1177 1152 1247 Latine,
1175 1176 1245 1237 inde
1268 1175 1466 1256 apostrophus
1489 1194 1505 1234 a
1528 1191 1590 1234 con·

302 1281 442 1343 uersione
466 1285 597 1347 uocatur,
621 1279 688 1358 quia
712 1285 925 1341 consonantem
949 1277 1101 1348 dictionis,
1126 1279 1210 1340 cuius
1232 1276 1345 1339 uocalis
1360 1276 1503 1346 aufertur,
1528 1293 1590 1336 con-

302 1381 392 1442 uertit
413 1379 449 1441 ad
473 1380 689 1460 praecedentia.
734 1379 817 1441 Vnde
846 1379 918 1441 liaeo
945 1381 1039 1458 ligura
1068 1379 1145 1441 bene
1172 1379 1349 1440 conuersiua
1371 1376 1420 1438 uel
1443 1378 1591 1438 reuersina

305 1481 317 1564 ll
334 1479 395 1543 207
414 1479 426 1563 ll
451 1483 514 1542 siue
536 1483 708 1560 regressiua
730 1481 847 1543 dicitur.
892 1480 1037 1543 Dillerunt
1064 1491 1163 1542 autem
1191 1481 1271 1541 inter
1293 1499 1333 1540 se'
1348 1479 1547 1560 apostrophus
1567 1485 1622 1536 eto

303 1583 441 1652 diastole,
466 1581 544 1660 quod
568 1582 690 1644 diastole
713 1583 748 1643 ad
771 1584 986 1644 extremitatem
1010 1583 1128 1662 ponitur
1150 1581 1282 1652 litterae,
1305 1580 1504 1661 apostrophus
1528 1595 1593 1640 uero

303 1685 339 1745 ad
363 1687 561 1746 summitatem
584 1696 616 1745 ut
639 1683 749 1746 tanton'
772 1703 826 1763 pro
851 1692 969 1746 tantone
993 1694 1022 1744 et
1048 1681 1147 1745 niden'
1170 1700 1226 1762 pro
1254 1683 1393 1753 uidesne,
1423 1680 1522 1743 audin’
1544 1697 1593 1759 pro

304 1785 435 1847 audisne.
481 1785 544 1846 Hoc
572 1794 669 1846 autem
693 1786 724 1846 fit
748 1803 835 1847 causa
857 1787 962 1855 metri,
991 1787 1022 1845 in
1045 1803 1134 1864 prosa
1162 1802 1235 1845 uero
1258 1783 1293 1845 ad
1316 1784 1473 1864 pristinam
1497 1799 1593 1842 reuer-

167 1919 187 1958 ρ.
201 1907 250 1952 aaa,
266 1905 290 1944 ra
303 1889 374 1949 titur
399 1887 543 1960 formam.
588 1887 774 1955 Ceterum,
804 1904 858 1965 pro
886 1885 949 1947 sed.
1001 1885 1147 1955 Addita.
1183 1885 1320 1947 adiuncta
1347 1904 1371 1946 s.
1402 1903 1456 1962 per
1482 1883 1593 1948 dasian:

306 1988 365 2050 uel
392 1987 581 2056 detracta,
610 1986 759 2049 subtracta
782 2006 836 2067 per
858 1986 943 2049 silan.
988 1987 1119 2048 ‘Dasian’
1143 1989 1358 2065 interpretatur
1379 1983 1529 2066 pinguedo
1550 1980 1593 2043 uel
1606 1995 1624 2033 1⁵

305 2089 446 2168 aspiratio
462 2091 526 2149 siue
541 2087 662 2149 uberior
682 2107 772 2150 sonus
795 2099 824 2149 et
847 2089 956 2151 dicitnr
972 2108 987 2150 a
1004 2087 1117 2156 dando;
1141 2087 1242 2150 ‘silea'
1265 2090 1383 2149 siccitas
1406 2087 1469 2147 siue
1491 2101 1592 2164 purum

305 2193 520 2269 interpretatur
543 2196 573 2251 et
594 2209 611 2250 a
633 2189 747 2252 silendo
770 2190 888 2253 dicitur.

814 2392 863 2455 DE
884 2391 1091 2455 eustatius.
1196 2381 1200 2386 ’

392 2511 546 2573 Positurae
575 2519 604 2572 ct
630 2511 836 2574 distinctiones
867 2512 945 2573 idem
976 2522 1054 2573 sunt.
1107 2511 1263 2573 Positurae
1293 2518 1390 2571 autern
1419 2529 1436 2570 a
1463 2507 1595 2587 ponendo

169 2612 459 2690 porsmdicuntur.
504 2612 598 2684 Quas
620 2607 759 2685 θέσεις
782 2614 914 2675 Graeci
938 2621 1090 2680 uocant:
1125 2613 1242 2693 τίθημι
1274 2613 1354 2674 enirn
1382 2611 1494 2673 Graece
1521 2623 1627 2689 poncio

308 2713 420 2776 Latine.
466 2715 527 2776 Hae
550 2716 638 2776 etiam
662 2715 813 2794 positurae
834 2715 936 2796 puncti
959 2713 1106 2782 dicuntur,
1130 2714 1180 2793 qui
1203 2714 1238 2774 ad
1262 2713 1318 2774 lroo
1339 2715 1420 2774 iuxta
1444 2711 1594 2774 dictionem

307 2825 473 2895 ponuntur,
498 2825 530 2878 ut
551 2815 709 2877 ostendant
734 2818 913 2897 positionem
944 2817 1042 2883 uocis.
1073 2814 1119 2876 uel
1143 2825 1175 2875 ut
1197 2813 1381 2877 manifestior
1408 2813 1595 2891 intelligentia

308 2917 490 2979 indictione
518 2919 576 2978 cito
605 2918 734 2979 inueniri
757 2919 861 2998 possit.
906 2919 1055 2979 Vocantur
1078 2925 1108 2977 et
1129 2916 1346 2985 distinctiones
1378 2934 1414 2976 eo
1442 2913 1518 2995 quod
1543 2931 1595 2992 per

308 3018 442 3080 membra
470 3021 647 3080 sententiam
675 3021 783 3097 partim
811 3019 1006 3096 distinguant,
1035 3019 1055 3079 i.
1084 3016 1228 3078 diuident.
1273 3017 1438 3078 Positiones
1466 3033 1532 3094 ergo
1553 3013 1593 3073 di-

308 3129 426 3189 cuntur,
455 3137 491 3179 eo
519 3119 598 3196 quod
625 3119 666 3179 ibi
695 3119 861 3200 deponatur
883 3139 941 3181 uox
964 3125 993 3178 et
1014 3127 1192 3187 resumatur,
1221 3136 1259 3178 ne
1287 3119 1508 3180 continuatione
1528 3115 1625 3175 deu-2⁵

124 3227 133 3244 ⁶
171 3221 376 3297 permisciut.
407 3219 610 3282 distinctio
634 3221 908 3283 subdistinctio
932 3219 1048 3280 media
1072 3207 1284 3286 distinctio,
1308 3227 1462 3289 tressunl,
1479 3232 1592 3298 marum

310 3319 467 3382 diuersitas
490 3319 585 3383 tribus
606 3324 724 3402 punctis
740 3324 860 3383 diuerso
876 3324 906 3382 in
922 3311 986 3381 loco
1002 3323 1105 3402 positis
1120 3321 1348 3383 demonstratur.
1378 3319 1590 3382 distinctionem

310 3424 418 3484 ceteris
441 3427 613 3502 praeposuit
635 3423 781 3493 Donatus,
810 3425 877 3504 quia
907 3441 1053 3484 summam
1078 3441 1182 3483 sensus
1205 3430 1235 3483 et
1257 3421 1440 3483 litteraturae
1469 3436 1592 3498 compre-

310 3523 426 3594 hendit,
455 3532 488 3584 ut
515 3525 552 3585 ab
582 3544 631 3595 ea,
660 3545 735 3606 quae
764 3525 895 3604 perlecta
924 3532 982 3593 est,
1013 3534 1130 3586 ceterae
1157 3525 1303 3602 originem
1333 3523 1451 3585 ducant
1494 3526 1514 3583 Α
1540 3521 1591 3580 fine

311 3627 390 3686 enirn
412 3625 658 3703 retrogradiendo
681 3627 763 3688 uenit
784 3626 820 3686 ad
843 3627 975 3696 initium,
1007 3625 1095 3686 sicuti
1118 3624 1228 3685 iormas
1252 3623 1412 3686 uerborum
1436 3643 1452 3684 a
1473 3621 1624 3704 perfectae

310 3726 476 3800 inchoauit,
499 3735 546 3787 ut:
575 3725 739 3789 iubilate
764 3727 830 3789 deo
854 3747 882 3792 o.
906 3735 925 3788 t.
949 3747 977 3808 p.
1002 3725 1030 3786 d.
1054 3744 1082 3792 n.
1106 3745 1131 3786 e.
1156 3726 1184 3785 d.
1207 3745 1235 3803 g.
1259 3726 1278 3786 l.
1303 3744 1328 3786 e.
1374 3726 1523 3787 distinctio
1544 3729 1590 3787 est.

312 3831 395 3890 cuius
417 3839 561 3909 punctum
583 3828 619 3889 ad
642 3831 763 3891 iacicm'x
772 3827 902 3896 litterae,
926 3829 944 3887 i.
968 3827 1004 3888 ad
1027 3827 1225 3888 summitatem
1253 3828 1400 3906 ponimus.
1438 3823 1590 3887 Subdistin·

313 3933 371 3992 ctio
394 3930 510 4000 dicitur,
540 3949 576 3992 eo
598 3930 675 4010 qood
705 3928 809 3992 subtus
830 3928 957 3991 litteram
981 3940 1108 4010 punctus
1130 3931 1195 3990 eius
1218 3931 1346 4006 ponitur,
1376 3934 1408 3989 ut
1430 3925 1587 3989 sententian

313 4030 473 4110 distinguat
494 4033 513 4092 i.
538 4031 651 4093 diuidat
674 4030 686 4114 ll
704 4027 766 4093 208
785 4028 796 4112 ll
832 4067 1582 4092 ...................

210 4161 259 4209 aaa,
275 4161 299 4200 m
314 4133 390 4194 llox
413 4133 663 4202 inferendum,
687 4153 724 4195 ne
747 4133 770 4193 si
796 4133 844 4192 diu
867 4139 1085 4210 repausaretur,
1109 4131 1257 4192 distinctio
1280 4149 1345 4192 esse
1367 4129 1509 4191 uideatur.
1549 4120 1623 4187 ΑΜ

312 4237 436 4304 imam,
466 4235 484 4293 i.
514 4233 550 4294 ad
579 4233 685 4314 pedem
714 4235 843 4303 litterae,
873 4243 919 4294 ut:
956 4233 1137 4294 Psalmunr
1174 4231 1294 4293 dicite
1331 4231 1473 4292 nomini
1508 4230 1584 4288 eius.

313 4335 409 4399 Media
431 4334 580 4397 distinctio
603 4335 727 4407 dicitur,
751 4338 819 4413 quia
843 4336 984 4398 medietas
1007 4352 1113 4397 sensus
1135 4333 1177 4394 ibi
1200 4341 1260 4404 est,
1284 4342 1330 4393 ut:
1353 4331 1513 4394 lubilate
1533 4327 1586 4386 deo

314 4512 543 4534 ————d-.

381 4641 399 4690 4
418 4639 525 4706 uirginis
544 4637 593 4705 ira]
617 4640 695 4707 Verp.
713 4643 779 4692 Aen.
798 4641 831 4692 11
850 4643 903 4691 413
972 4641 988 4689 6
1006 4637 1180 4704 apostrophus
1198 4633 1249 4688 aitte
1334 4639 1366 4688 14
1384 4635 1509 4702 ‘soram’
1524 4643 1586 4706 W·

315 4711 396 4762 bulum
412 4709 548 4774 putredine
567 4710 673 4760 deletum
692 4717 738 4763 eet.
809 4711 840 4760 15
858 4705 935 4773 siten]
954 4722 990 4757 sc.
1008 4709 1090 4772 psilen
1170 4708 1203 4757 20
1222 4705 1300 4756 thesis
1319 4706 1387 4772 greci
1455 4703 1516 4752 theta
1530 4709 1586 4745 cutm

315 4779 349 4828 25
365 4779 503 4828 resumitur
587 4777 621 4828 28
643 4793 784 4836 summam,
806 4792 938 4841 suprascr.
957 4775 976 4824 i·
996 4773 1175 4840 perlectionem
1261 4777 1294 4826 34
1315 4774 1381 4824 Post
1397 4771 1491 4822 diuidat
1506 4767 1586 4832 ellpwl

315 4845 440 4900 meudula
456 4853 621 4898 annuerunt.
689 4847 723 4898 35
740 4859 810 4896 esse.
820 4881 826 4896 .
838 4881 844 4896 .
854 4841 936 4910 ‚etur]
956 4842 1071 4893 uideatur
1087 4842 1190 4894 restitui
