3394 5448
515 356 555 411 IN
572 357 659 412 DON.
677 357 803 412 ARTEM
820 359 1001 415 malonem.
1262 415 1265 420 ,
1347 359 1410 428 23Ί

118 553 266 618 neutra,
290 555 328 608 ut
348 544 513 627 pelagus.
560 546 710 626 ‘Pelagus’
733 547 843 609 dicitur
865 547 1045 628 profundum
1063 565 1145 610 mare
1160 548 1209 610 uel
1224 549 1411 630 profunditas

117 666 210 729 aquae
235 645 247 732 {l
267 643 368 730 1591l.
414 647 549 726 ‘Vulgus’
573 649 682 710 dicitur
703 651 873 730 promiscua
895 649 1052 711 multitudo
1075 650 1243 722 hominum,
1267 650 1324 712 hoc
1345 651 1409 713 uul-

116 767 186 828 gus,
220 751 273 812 sed
302 748 488 828 Virgilius
518 751 683 812 masculino
713 767 824 828 genere
855 749 986 831 protulit
1036 752 1128 814 Sunt
1160 751 1215 813 alia
1249 751 1512 817 alteriusers,so

116 853 269 930 generis
291 853 322 912 in
344 849 547 928 singularitate
576 859 606 912 et
627 850 751 913 alterius
775 854 806 912 in
828 850 1013 932 pluralitate,
1042 862 1074 915 ut
1102 853 1158 914 hoc
1185 851 1358 915 balneum
1381 863 1511 918 etaiam

90 951 173 1012 ⁶hae
195 951 332 1024 balneae,
363 961 393 1013 et
415 953 521 1013 dicitur
544 951 681 1014 balneum
704 944 770 1014 ἀπὸ
790 950 853 1014 τοῦ
873 949 1014 1032 βάλλειν
1035 947 1118 1014 νόον
1140 956 1160 1013 i·
1184 972 1200 1013 a
1223 958 1411 1017 recreatione

116 1055 235 1115 mentis.
280 1054 335 1115 llic
357 1053 553 1126 Tartarus,
577 1055 607 1115 hi
629 1054 747 1115 Tartari
768 1060 799 1115 et
821 1053 894 1116 haec
916 1053 1055 1124 Tartara,
1084 1064 1114 1116 et
1136 1055 1246 1117 dicitur
1268 1055 1411 1119 Tartarus

115 1149 183 1214 daed
210 1154 272 1216 τοῦ
299 1152 508 1236 ταρταρίζειν
530 1157 548 1214 i·
574 1165 744 1217 anemone
773 1154 822 1216 uel
844 1157 1028 1219 contusione.
1070 1156 1134 1218 lice
1160 1158 1304 1218 caelum
1328 1158 1410 1219 et-hi

115 1256 205 1326 caeli,
230 1263 260 1317 et
281 1256 390 1318 dicitur
412 1275 429 1317 a
451 1256 593 1318 caelando
614 1259 634 1317 i·
651 1255 814 1337 pingendo.
860 1256 1006 1320 ‘Caelare’
1023 1257 1100 1318 enirn
1124 1257 1252 1320 dicimus
1273 1261 1408 1339 pingere,

113 1357 185 1419 inde
207 1365 238 1418 et
259 1357 374 1419 caelum
397 1357 522 1420 dicimus
544 1376 598 1437 per
621 1377 656 1419 ae
677 1357 896 1438 diphthongon,
920 1377 956 1419 eo
971 1357 1049 1438 quod
1072 1357 1166 1420 stellis
1188 1361 1226 1421 sit
1247 1359 1407 1440 depictum,

79 1470 101 1509 ¹⁰
115 1466 146 1520 et
161 1457 303 1522 ‘caelum’
320 1467 445 1520 uocatur
460 1461 573 1521 ferrum
590 1458 677 1531 illud,
701 1477 737 1520 ex
760 1477 818 1541 quo
841 1460 970 1522 artifices
984 1459 1130 1540 sculpunt.
1162 1459 1225 1522 lloc
1246 1480 1407 1542 porrum.

113 1560 241 1622 Porrum
264 1561 372 1622 dicitur
395 1561 557 1639 uirgultum
578 1563 598 1621 i·
623 1561 732 1632 herba,
762 1562 792 1623 hi
816 1563 914 1642 porri,
943 1569 973 1622 et
994 1560 1255 1642 dicitur'porrum
1278 1582 1295 1624 a
1317 1582 1408 1644 porro

113 1663 132 1720 i·
158 1679 175 1722 a
204 1660 387 1740 longitudine
415 1679 478 1724 sua.
529 1662 592 1723 lloc
620 1681 732 1742 caepe
760 1671 789 1724 et
817 1663 872 1724 hae
901 1681 1009 1743 caepae
1038 1662 1144 1724 harum
1172 1681 1348 1745 caeparum,
1379 1673 1409 1728 et

114 1762 223 1824 dicitur
244 1782 260 1824 a
283 1761 399 1825 Graeco
427 1757 575 1844 κεφαλή,
604 1782 640 1824 οο
663 1763 742 1843 quud
771 1771 885 1826 tanturn
913 1773 1004 1845 caput
1030 1763 1110 1828 illius
1139 1764 1232 1837 ualet,
1261 1767 1408 1845 reliquum

112 1882 187 1925 uero
209 1882 318 1944 corpus
339 1864 444 1926 ihutile
466 1873 511 1926 est
532 1874 562 1927 et
576 1865 712 1926 llaccens.
756 1865 811 1926 llic
833 1867 952 1937 iocus,
976 1867 1006 1926 hi
1028 1867 1085 1927 ioci
1107 1865 1232 1928 ethaeo
1255 1870 1334 1940 ioca;
1358 1870 1407 1931 hic

77 1964 238 2036 ulocus,
262 1965 292 2026 hi
315 1964 373 2026 loci
396 1965 521 2027 ethaeo
544 1965 622 2036 loca;
653 1967 710 2027 hoc
731 1966 865 2038 lorum,
894 1966 925 2027 hi
951 1968 1019 2030 lori.
1065 1967 1174 2029 Forum
1197 1969 1304 2030 dicitur
1325 1969 1408 2032 locus

112 2065 263 2146 publicus,
293 2067 351 2129 lori
373 2084 448 2127 uero
470 2066 572 2128 sedilia
595 2077 665 2130 sunt
687 2070 782 2131 nauis.
828 2069 919 2130 Sunt
945 2067 1000 2130 alia
1028 2070 1172 2130 incerti
1193 2072 1214 2130 i·
1240 2071 1322 2133 dubii
1345 2091 1407 2150 ge·
1421 2085 1496 2137 mua

112 2170 231 2238 neris,
265 2170 333 2248 quia
362 2168 525 2230 masculino
553 2186 665 2247 genere
693 2177 723 2230 et
750 2170 892 2232 feminino
920 2169 958 2230 ab
986 2161 1159 2232 auotorfnus
1185 2171 1300 2251 prolata
1327 2181 1406 2244 sunt,

112 2269 165 2330 sed
188 2273 348 2332 auctoritas
371 2270 523 2350 Virgilii
544 2270 777 2350 praeponderat,
807 2290 895 2352 quam
918 2290 973 2333 nos
994 2273 1158 2351 sequimur.
1202 2274 1245 2333 Vt
1267 2288 1407 2336 corten.

112 2371 220 2433 Cortex
243 2370 352 2434 dicitur
375 2374 489 2434 corium
511 2371 640 2447 arboris,
671 2371 749 2433 dicta
771 2373 848 2453 quod
871 2392 925 2434 cor
947 2372 1063 2437 arboris
1085 2381 1173 2452 tegat
1219 2373 1303 2436 Hanc
1325 2377 1407 2437 Vir-

74 2485 99 2526 ac
112 2470 228 2550 gilius
249 2474 392 2535 feminino
414 2491 525 2552 genere
546 2475 661 2553 posuit:

315 2574 416 2636 Tunc
437 2573 758 2638 Phaethontiadas
780 2593 904 2637 musco
928 2577 1136 2637 circumdat
1157 2596 1307 2640 amarae

316 2675 489 2738 Corticis.

111 2777 215 2838 Silas
238 2777 330 2838 durus
353 2777 442 2857 lapis,
466 2795 502 2839 ex
525 2796 585 2857 quo
607 2780 685 2858 ignis
707 2780 863 2840 excutitur.
909 2778 1005 2840 ldem
1029 2788 1153 2859 poeta:

315 2878 419 2957 Spem
443 2881 568 2958 gregls
591 2879 634 2941 ah
657 2879 766 2942 silice
788 2882 825 2941 in
847 2880 952 2941 nuda.

70 2982 233 3051 sallinis,
262 2982 299 3042 in
326 2979 466 3061 psalmo
493 2980 659 3043 masculino
681 2998 792 3060 genere
815 2982 975 3059 protertur,
998 2991 1046 3044 ut:
1084 2983 1212 3045 Notum
1236 2983 1293 3045 lac
1315 2985 1407 3046 mihi

109 3083 260 3144 domine
283 3084 397 3143 linem
420 3100 547 3144 meum.
592 3082 706 3145 Poeta
728 3084 886 3152 feminino,
910 3093 956 3145 ut:

313 3184 410 3245 llaec
432 3185 524 3246 linis
544 3184 684 3247 Priami
706 3186 877 3248 latorum.

1520 2259 1525 2313 ¹.

177 3467 592 3538 3Virgilius]cs.Aen.1198
661 3473 774 3538 hapctu
791 3471 842 3520 hali
860 3487 942 3533 noun,
962 3475 988 3522 in
1006 3489 1100 3538 marg:
1137 3473 1201 3523 Nam
1219 3473 1364 3524 dolentibus
1382 3477 1404 3523 si

105 3539 228 3590 balneum
246 3549 424 3605 praeparetur,
443 3550 540 3589 recreat
557 3549 676 3592 mantem.
778 3542 863 3606 iapo
882 3549 910 3590 tu
927 3542 1057 3590 tartarisln
1128 3541 1167 3591 uel
1184 3537 1349 3608 confusione]
1371 3542 1406 3592 Ira

103 3623 201 3672 usurp:
230 3604 309 3656 Omrre
332 3607 399 3656 enim
421 3607 577 3671 profundum
600 3606 682 3672 frigus
705 3607 794 3666 habet,
818 3623 850 3656 ex
866 3606 962 3672 frigore
983 3619 1067 3659 autem
1087 3620 1181 3661 tremor
1198 3610 1345 3660 nascitus·
1389 3612 1405 3660 9

102 3676 253 3741 diptongon
357 3677 390 3724 10
407 3673 498 3739 celum}
517 3674 551 3725 Ia
567 3690 660 3739 marga
688 3673 808 3726 Nonnulli
826 3675 922 3724 caelum
941 3677 1035 3726 dictum
1054 3675 1232 3742 putantquod
1249 3677 1313 3726 celet
1330 3677 1405 3728 nobis

104 3744 260 3809 superiora,
278 3740 347 3804 quod
366 3742 389 3790 si
406 3751 476 3792 esset
498 3779 572 3794 .....
595 3742 718 3806 (uerum),
736 3759 780 3793 cae
798 3741 859 3792 illud
878 3757 928 3791 non
947 3744 1092 3795 admitteret
1108 3745 1297 3812 diphthongon.
1373 3747 1404 3795 12

102 3827 169 3877 cepe
187 3819 238 3860 eto.
308 3811 340 3860 13
358 3825 434 3874 greco
452 3810 558 3874 cephale
627 3813 659 3861 14
677 3820 702 3860 et
719 3810 827 3860 flaccens
844 3825 926 3876 supra
943 3813 986 3863 lin.
1047 3816 1078 3864 19
1092 3814 1215 3879 Virgilius
1242 3813 1299 3865 Ecl.
1317 3812 1358 3862 Vl
1370 3815 1404 3862 62

103 3881 137 3928 21
158 3877 356 3944 phaetontiadss
412 3879 445 3928 23
463 3879 525 3927 silix
575 3878 643 3928 idem
656 3875 744 3944 poeta]
762 3877 908 3942 νομοὶ.
922 3878 941 3928 Ι
951 3883 984 3928 15
1038 3882 1220 3948 26inpsalmu
1250 3879 1405 3930 XXXIX5

102 3948 137 3996 26
156 3942 246 4011 poeta]
269 3945 347 4010 Verp.
365 3947 432 3996 Aen.
450 3945 485 3996 11
502 3949 554 3996 55⁴

174 4219 191 4268 5
211 4217 302 4267 Oiasso
319 4218 416 4268 codicis
434 4215 576 4268 Beruenses
594 4218 646 4268 386
663 4233 732 4268 suec.
751 4217 815 4269 XII
829 4220 850 4282 Ι.
864 4218 901 4269 31
918 4236 998 4286 marg.
1010 4223 1072 4271 sim:
1091 4220 1215 4272 Balneum
1231 4223 1257 4272 in
1275 4221 1401 4288 singulari

102 4299 214 4335 numero
233 4285 316 4334 neutri
333 4285 436 4350 generis
454 4294 505 4347 est,
523 4287 549 4334 in
567 4285 658 4350 plurali
676 4286 806 4350 seminini,
825 4297 853 4338 ut
864 4286 913 4337 hue
930 4287 1043 4352 balneae,
1061 4288 1129 4340 unde
1171 4291 1273 4340 uidam
1293 4303 1401 4357 poeta:

101 4355 149 4404 ‘ud
169 4353 274 4403 balneas
291 4352 442 4405 Palatinas’.
470 4352 591 4402 Balneum
608 4353 909 4405 dicitur-recreatione
926 4358 1028 4408 mentis.
1100 4359 1131 4408 16
1147 4305 1215 4408 ξονι
1232 4359 1282 4410 alia
1300 4357 1400 4424 incerti]

103 4423 199 4473 Glossc
222 4421 318 4471 codicis
339 4419 480 4471 Beraeasis
503 4421 592 4483 iddl.
612 4420 649 4472 3¹³
666 4437 746 4486 marg.
768 4437 839 4486 sup:
876 4421 928 4472 Sed
951 4424 1082 4474 sciendum
1106 4435 1145 4475 est
1166 4427 1235 4489 quod
1254 4425 1299 4476 llll
1316 4426 1402 4476 modis

102 4491 291 4540 disnoscuntur
313 4503 422 4554 genera,
450 4497 540 4538 natura
562 4488 675 4539 articulis
697 4491 847 4540 auctoritate
864 4499 890 4540 et
906 4491 1036 4542 clausulis.
1072 4491 1182 4554 Natura,
1208 4495 1276 4544 sicut
1297 4495 1402 4559 propria

101 4557 226 4617 nomina;
250 4555 378 4622 articulis,
401 4558 474 4619 quia,
498 4571 556 4606 cum
577 4557 687 4607 dicimus
705 4557 759 4617 hio,
782 4557 951 4608 masculinum
973 4559 1116 4624 siguificat,
1138 4560 1213 4624 haec,
1238 4561 1401 4620 leminiuurn3

101 4623 266 4688 auctoritate,
285 4625 346 4686 quia
363 4633 424 4674 sunt
440 4624 566 4687 quaedam
586 4627 689 4674 nomina
707 4625 818 4674 incertae
834 4626 1046 4691 significationis,
1063 4629 1114 4678 nisi
1132 4629 1164 4678 ad
1182 4639 1299 4679 suctores
1317 4645 1403 4680 recur-

101 4707 203 4756 ramus,
222 4702 251 4742 ut
268 4691 334 4742 silex
351 4701 447 4752 corma,
465 4707 531 4755 quse
548 4690 686 4756 aliquando
704 4703 765 4742 sunt
781 4693 931 4756 masculina,
950 4695 1089 4758 aliquando
1106 4695 1243 4761 leminina3
1268 4696 1401 4758 clausulis,

101 4763 166 4825 quia
183 4761 351 4810 decreuerunt
368 4771 483 4812 auctores
502 4760 639 4828 (actores),
662 4770 689 4810 ut
707 4763 870 4824 eunomius,
889 4777 956 4826 quae
973 4764 999 4813 in
1018 4779 1048 4814 us
1066 4774 1172 4826 exeunt,
1194 4765 1338 4816 masculino
1356 4780 1402 4833 ge·

101 4844 181 4890 nere,
200 4827 245 4877 ills
262 4842 333 4892 nero,
352 4844 417 4892 quae
436 4831 461 4878 in
480 4844 495 4878 a
512 4839 614 4891 exeunt,
633 4829 756 4880 leminiuo
774 4831 978 4896 pronuntientur,
