3386 5442
246 375 247 380 ¹
306 347 371 412 304
612 347 804 442 Avcuoltus
823 350 1056 403 ANONYMIDE
1075 307 1297 403 diurnales.
1356 317 1359 322 Ι

391 537 519 599 Kmuta
542 545 588 598 est
609 544 639 598 ει
661 545 828 600 consonans
852 547 881 600 et
902 555 1086 618 superuacua
1109 558 1176 602 curn
1192 537 1265 600 aliis.
1301 539 1400 610 Quare
1415 557 1598 620 superuacua

306 641 404 722 †cum
427 640 491 702 aliis
512 637 701 701 hominibusi
731 640 805 712 Quia
827 659 903 721 opus
924 643 988 704 eius
1010 643 1160 712 nesciunt,
1185 659 1259 720 quae
1281 641 1358 704 hanc
1379 642 1476 720 legem
1500 642 1599 704 habet:

307 747 444 826 quotiens
466 740 609 804 scribitur
631 741 671 810 li,
696 743 831 819 seqnitur
853 762 884 813 a,
913 751 944 804 ut
967 742 1132 812 Kalendae,
1163 743 1214 805 scd
1244 745 1273 804 iu
1301 746 1405 824 paucis
1432 745 1600 806 nominibus

307 848 494 908 obseruatur.
540 841 622 913 Quae
652 851 751 924 typum
781 842 910 906 hominis
940 844 1069 907 ostendit
1097 861 1166 908 cum
1196 831 1313 907 duobus
1346 847 1500 916 sensibus,
1535 849 1599 927 quio

307 943 560 1010 malum-sensum
583 944 747 1006 othonum
769 963 889 1007 sensum
913 947 1032 1024 figurat,
1060 965 1137 1028 quae
1166 945 1307 1009 scribitur
1336 949 1418 1028 uirga
1446 959 1529 1012 rectu
1552 950 1620 1010 rte-⁵

307 1068 396 1131 super
419 1057 449 1110 et
470 1048 526 1110 alia
551 1045 588 1108 da
611 1047 709 1109 medio
733 1048 797 1107 eius
819 1045 987 1109 deducitur.

391 1152 414 1212 L
442 1168 609 1212 consonans
638 1156 683 1210 est
711 1157 741 1210 et
767 1148 969 1220 semiuocahs,
998 1169 1074 1231 quae
1097 1152 1173 1213 hanc
1201 1151 1297 1232 legem
1326 1171 1409 1215 suam
1437 1151 1545 1222 habet,
1573 1161 1601 1212 ut

307 1258 405 1318 omnis
427 1252 553 1334 syllaba,
584 1252 711 1333 quaein
735 1249 744 1310 l
767 1252 876 1321 linitur,
907 1250 1075 1322 breuietur,
1104 1261 1138 1314 ut
1159 1253 1268 1324 semel,
1291 1256 1347 1315 nisi
1369 1273 1461 1316 unum
1485 1273 1598 1328 nomen,

307 1368 340 1422 ut
361 1354 495 1419 Danihel.
540 1354 622 1426 Quae
644 1352 774 1432 desuper
796 1352 939 1415 scribitur
960 1355 1170 1436 semiobliqua,
1201 1374 1277 1436 quae
1299 1364 1403 1437 typum
1427 1355 1598 1418 ludaeorum

307 1460 449 1529 ostendit,
473 1459 541 1536 quia
563 1455 756 1534 semiobliqua
780 1455 842 1515 luit.
1611 1471 1630 1506 ε

393 1563 420 1623 ll
444 1574 611 1622 consonans
634 1563 680 1618 cst
702 1565 732 1618 et
754 1555 956 1626 semiuocalis;
987 1558 1082 1619 tribus
1105 1559 1235 1638 uirgulis
1258 1569 1452 1639 conparatur,
1485 1561 1551 1638 quia
1574 1566 1599 1618 et

306 1669 402 1746 ipsum
425 1661 566 1724 trinitatis
641 1706 648 1720 .
667 1705 674 1720 .
694 1705 701 1718 .
723 1657 864 1728 ostendit,
888 1660 958 1736 quia
980 1668 1081 1741 typum
1102 1661 1245 1722 trinitatis
1267 1662 1397 1740 complet
1412 1659 1424 1742 ll
1441 1662 1462 1723 i.
1482 1659 1560 1722 1οῬ
1575 1659 1597 1740 l'.

307 1767 377 1828 dum
406 1783 465 1826 non
492 1760 689 1841 subglutinet,
718 1761 770 1822 sed
798 1760 1029 1841 superglutinet,
1059 1763 1127 1842 quia
1155 1764 1212 1823 tria
1239 1765 1359 1825 nomina
1382 1762 1473 1824 babet
1495 1772 1524 1825 ει
1545 1780 1597 1822 una

308 1868 447 1931 trinitatis
470 1873 602 1945 potestas
624 1865 722 1925 omnia
745 1861 891 1940 subregit.

390 1969 413 2030 N
437 1982 605 2027 consonans
628 1971 672 2025 est
694 1971 724 2024 et
744 1963 946 2034 semicocalis,
970 1965 1056 2026 cuius
1072 1966 1163 2044 ligura
1179 1965 1237 2027 duo
1253 1973 1427 2028 testamenta
1443 1967 1591 2044 siguificat
1606 1973 1625 2014 ιι

306 2079 394 2133 εειεε
416 2077 446 2130 ει
468 2085 593 2136 nouum,
617 2067 685 2146 quia
707 2065 810 2126 similis
833 2073 879 2126 est
901 2066 1014 2128 duabus
1036 2065 1168 2145 legibus,
1198 2085 1233 2127 co
1261 2067 1339 2148 quod
1363 2068 1517 2128 caritatem
1539 2069 1596 2127 cius

306 2191 341 2234 ex
366 2171 481 2233 duabus
503 2169 650 2248 depingit,
679 2184 755 2245 quae
784 2166 1017 2248 superglutinet,
1047 2171 1115 2249 quia
1138 2169 1196 2229 duo
1219 2176 1394 2231 testamenta
1416 2167 1594 2246 inaequalem

309 2273 462 2336 historiam
490 2269 601 2332 habent
624 2277 653 2330 et
674 2268 860 2348 inaequalem
888 2287 1018 2330 sensum.
1064 2270 1162 2342 Quare
1190 2278 1270 2332 recta
1294 2273 1432 2350 superior
1455 2281 1485 2331 ει
1505 2277 1594 2350 poste·

308 2379 370 2437 rior
392 2393 459 2436 cum
482 2372 578 2452 capite
602 2369 739 2450 obliquo?
783 2369 857 2441 Quia
881 2371 1028 2433 excelsior
1051 2379 1096 2432 εει
1118 2390 1237 2442 sensus,
1261 2391 1348 2452 quam
1372 2371 1504 2442 historia,
1527 2389 1594 2452 quae

309 2477 439 2558 complet
460 2472 636 2535 aduorbium
660 2490 725 2532 esse
749 2471 877 2551 negandi
899 2472 955 2534 sub
979 2481 1105 2534 accentu
1127 2477 1244 2554 posita,
1262 2485 1307 2535 ut:
1604 2483 1626 2521 ἰ

661 2574 804 2635 Tanton
828 2591 882 2634 nte
904 2576 1063 2636 crimine
1085 2575 1235 2654 dignum

661 2675 828 2736 buxistii

305 2783 387 2854 Quae
410 2777 540 2860 complet
562 2795 728 2858 pronomen
751 2794 818 2838 eum
841 2778 926 2855 uirga
949 2779 1052 2858 posita.

390 2883 415 2946 0
438 2882 550 2945 uocalis
572 2890 630 2951 est,
654 2899 730 2960 quae
753 2897 864 2940 corona
886 2878 1003 2950 dicitur,
1027 2882 1176 2960 quianon
1201 2890 1245 2942 est
1267 2881 1378 2961 diuisa,
1407 2881 1460 2942 sed
1490 2881 1592 2942 scilicet

234 3033 236 3037 ι
305 3005 381 3068 quae
405 2983 535 3063 complet
555 2984 726 3045 uocatiuum
750 2999 848 3044 casum
872 2963 1069 3059 pronominis,
1099 2989 1132 3043 ut
1154 3002 1187 3053 o,
1215 2991 1266 3044 ant
1285 2984 1454 3043 interiectio
1477 2982 1623 3042 nictum-:2⁵

509 3085 533 3146 0
557 3087 695 3146 utinam
718 3085 754 3144 in
777 3083 959 3144 thalamos
981 3083 1096 3145 inuisi
1119 3084 1294 3147 Caesaris
1316 3087 1427 3147 issem
1443 3120 1484 3130 —

306 3210 383 3272 quae
406 3190 528 3270 ponitur
548 3189 580 3248 in
603 3185 658 3247 alia
681 3185 754 3247 hora
778 3184 953 3247 aduerbium
969 3185 1090 3266 optandi
1106 3189 1128 3259 †
1143 3185 1251 3247 dicitur
1265 3186 1342 3248 idest
1357 3188 1470 3249 utinam
1486 3206 1512 3256 o,
1525 3193 1554 3245 ut
1566 3203 1590 3244 o.

391 3291 413 3352 Ρ
435 3301 603 3350 consonans
625 3294 721 3350 estet
745 3295 839 3355 nauta,
869 3303 945 3365 quae
967 3289 1162 3368 praeponitur
1183 3288 1317 3368 liquidis,
1346 3308 1362 3349 r
1385 3295 1418 3348 ει
1440 3287 1591 3369 primus,l

307 3400 352 3455 ut:
376 3391 604 3473 ‘plantaberunt
625 3389 755 3460 uineas',
789 3406 863 3469 quae
887 3389 1070 3466 significatur
1092 3388 1207 3452 duabus
1229 3389 1355 3468 uirgulis
1377 3398 1407 3450 et
1430 3389 1489 3451 duo
1512 3397 1590 3450 testa·

305 3502 404 3556 menta
427 3495 586 3572 signiticat,
611 3499 698 3554 uetus
721 3501 751 3550 et
772 3508 898 3560 nouum,
922 3489 977 3552 alia
1001 3499 1081 3553 recta
1104 3499 1134 3552 et
1155 3490 1209 3552 alia
1234 3491 1364 3569 obliqua.
1600 3497 1618 3534 ι]

389 3596 414 3668 Ο
436 3612 605 3656 consonans
627 3601 672 3654 est
695 3601 724 3652 ει
745 3599 841 3659 muta,
866 3607 941 3669 quae
969 3591 1065 3672 legem
1094 3610 1177 3653 suam
1201 3591 1305 3663 habet,
1328 3593 1408 3673 quod
1431 3602 1501 3654 uota
1516 3610 1587 3673 prae·

304 3699 425 3778 ponitur
447 3714 468 3757 u
488 3696 600 3764 cocali,
624 3693 674 3755 sed
698 3693 864 3771 geminatae
887 3714 906 3755 u
929 3697 1136 3774 praeponitur,
1160 3702 1193 3755 ut
1215 3711 1305 3772 quum
1328 3695 1377 3760 uel
1400 3714 1489 3775 quur,
1513 3711 1588 3773 quan

305 3805 485 3879 spreuerunt
499 3797 610 3858 inimici
626 3797 685 3865 tui,
711 3795 850 3864 bomine,
866 3801 997 3870 ueteres,
1017 3794 1125 3857 deinde
1141 3797 1279 3857 dixerunt
1293 3814 1509 3877 superuacuam
1525 3813 1589 3862 esse,

305 3902 373 3977 quia
396 3899 593 3961 necessmiam
616 3904 764 3976 quaerunt
784 3913 906 3976 operam
930 3898 1006 3966 eius,
1029 3899 1097 3978 quia
1120 3899 1237 3977 quoties
1258 3897 1401 3959 scribitur
1426 3897 1438 3980 Η
1456 3898 1475 3959 ι.
1494 3893 1579 3971 108Ἳ

305 4001 420 4078 ‘quum’
443 3998 492 4062 uel
516 4005 610 4080 ‘quur
619 3999 638 4068 ’,
662 4015 715 4076 per
738 4017 771 4078 q,
799 4016 860 4059 nou
883 4015 937 4078 per
959 4017 976 4059 c
998 3997 1147 4060 scribitur.
1192 3999 1290 4069 Ouare
1317 4017 1376 4061 non
1400 4009 1551 4080 separatur
1570 3999 1615 4074 ε’ᾖ

305 4108 335 4162 ει
356 4103 393 4162 ui
415 4101 490 4173 Quia
513 4120 573 4162 nou
596 4106 694 4178 potest
715 4099 776 4160 dici
799 4118 818 4179 q
840 4101 904 4161 sine
926 4118 954 4160 u.
1000 4101 1064 4162 lluo
1086 4108 1260 4162 testamenta
1284 4101 1441 4180 significat.

306 4287 533 4297 .-......-----

371 4406 522 4472 bsequitnr
539 4416 622 4456 autem
641 4404 751 4458 Kalende
801 4408 957 4458 tobaeruat
1007 4408 1101 4470 bqnia
1119 4408 1237 4458 scribitur
1287 4407 1408 4458 8sillaba
1454 4405 1587 4482 breuisntur

303 4495 367 4546 dut
383 4503 409 4544 ta
426 4491 527 4542 danihel
598 4494 628 4541 li
647 4502 803 4559 conparatus
873 4494 904 4543 12
922 4490 1053 4557 trinitatis]
1072 4493 1201 4558 suppleas
1213 4502 1310 4558 typum.
1366 4489 1583 4558 i3superglutiuet

304 4564 335 4612 tc
353 4572 379 4612 ει
395 4574 464 4611 notro
551 4562 582 4611 17
600 4559 743 4624 dipingitur
811 4560 970 4623 inaequalem
989 4560 1131 4623 hystoriam
1235 4562 1266 4610 te
1279 4575 1346 4623 quaa
1362 4559 1495 4610 historiam
1555 4558 1582 4605 at

303 4627 423 4694 Tantum}
439 4629 510 4692 Verp
532 4629 598 4680 Aca.
613 4628 639 4676 X
650 4630 700 4678 608
768 4631 801 4678 26
819 4643 834 4680 o
854 4630 949 4679 utinam
968 4629 994 4677 in
1013 4628 1139 4679 thalamus
1157 4627 1284 4678 usichoris
1302 4629 1372 4694 regis
1390 4625 1481 4695 ἰεεειε]
1497 4627 1583 4676 Laron

303 4697 396 4748 Pharo.
418 4696 556 4761 viltas
638 4698 671 4745 27
689 4697 782 4746 dicitnr
798 4697 824 4746 id
842 4697 939 4746 catinam
958 4706 1018 4746 uto
1103 4697 1137 4746 28
1154 4697 1305 4762 preponitur
1373 4707 1439 4762 put
1456 4697 1546 4762 primus
1562 4702 1584 4738 ut

303 4765 483 4830 plantauornnt
500 4765 589 4812 rrineas
607 4765 668 4825 quia
686 4766 717 4814 31
738 4773 823 4814 notam
840 4764 991 4830 preponitur
1009 4765 1053 4814 uni
1072 4764 1154 4814 uocali
1172 4765 1218 4814 sed
1236 4764 1366 4829 geminata
1445 4766 1477 4814 33
1493 4761 1583 4810 domiue

305 4843 390 4882 uetera
443 4833 564 4883 dixerunt
582 4845 661 4881 uacua
680 4847 738 4882 esse
756 4834 815 4895 quia
835 4847 888 4882 nec.
907 4848 931 4883 ε.
948 4843 1075 4895 quaeruut
1092 4847 1169 4899 opera
1238 4833 1272 4883 36
1288 4831 1437 4897 significant
