3394 5448
301 341 418 391 coxon
751 327 800 377 DE
818 325 1006 378 SMARAGDI
1024 327 1128 378 ARTE.

391 517 598 580 ....nitionis.
636 515 678 576 lle
707 513 877 576 hominibus
905 514 1006 576 bonis:
1040 517 1104 575 ‘uas
1131 516 1292 593 pretiosum
1320 513 1399 577 labia
1426 515 1584 595 sapientis,

302 611 332 664 et
353 604 390 664 de
413 605 548 680 utrisque
570 599 765 681 apostolus
786 603 842 662 ait:
865 602 1019 662 ‘sustinuit
1039 601 1070 662 iu
1092 601 1183 662 multa
1208 601 1348 680 patientia
1371 618 1442 662 uasa
1463 602 1508 662 ire
1522 609 1586 681 apta

299 691 330 748 in
358 688 525 756 interitum,
554 694 587 747 ut
614 684 786 747 ostenderet
812 685 929 748 diuitias
956 684 1068 762 gloriae
1101 703 1172 748 suae
1199 687 1231 746 in
1259 704 1329 747 uasa
1358 684 1586 752 misericordiae,

300 791 376 851 quae
397 772 586 852 praeparauit
608 773 637 832 in
659 770 774 852 gloria'.
820 771 862 832 lle
884 769 988 849 gladiis
1010 771 1041 830 in
1063 769 1265 833 iezechiel:
1294 774 1343 832 ‘et
1370 789 1439 832 ecce
1461 789 1512 832 ser
1533 771 1589 830 uiri

300 857 463 920 ueniebant
484 857 522 918 de
544 858 592 918 uia
616 865 718 937 portae
740 856 919 937 superioris,
943 873 1018 935 quae
1039 856 1162 936 respicit
1187 855 1224 917 ad
1247 855 1414 936 aquilonem
1438 865 1468 917 et
1490 858 1614 918 unius-5

299 945 442 1024 cuiusque
464 961 517 1004 uas
538 945 675 1006 interitus
696 944 728 1002 in
750 959 839 1004 manu
860 943 938 1002 sua’.
983 939 1024 1002 lle
1051 959 1122 1002 uase
1149 943 1180 1002 in
1202 939 1359 1004 Hesdra:
1389 945 1480 1004 ‘uasa
1501 959 1590 1003 aurea

299 1027 380 1089 mille
403 1038 433 1090 et
454 1029 552 1089 omnia
576 1045 645 1089 uasa
669 1045 759 1088 aurea
781 1035 811 1086 et
833 1033 973 1105 argentea
997 1027 1129 1104 quinque
1151 1027 1256 1088 milia’.
1291 1028 1377 1088 Acies
1398 1026 1538 1088 dicuutur
1557 1029 1588 1086 in

298 1113 417 1176 homine
445 1121 475 1174 ct
496 1115 640 1176 mentium
662 1120 693 1174 et
714 1109 886 1180 oculorum,
915 1112 995 1172 acies
1017 1111 1157 1174 dicuntur
1180 1113 1342 1182 exercitus,
1371 1110 1512 1173 utillud:
1535 1111 1588 1171 ‘di-

297 1207 439 1261 rexerunt
471 1201 549 1260 acies
584 1199 621 1260 ad
654 1195 848 1279 pugnandum
876 1205 980 1256 contra
1008 1196 1175 1276 Phystim’;
1212 1199 1290 1258 acies
1318 1197 1405 1266 lerri.
1441 1203 1474 1257 ut
1501 1195 1587 1256 illud:

297 1287 449 1346 ‘retunsae
471 1291 555 1344 erant
577 1285 654 1344 acies
677 1300 831 1344 uomerum
854 1289 883 1342 et
905 1279 1036 1359 ligonum
1059 1290 1090 1343 et
1112 1281 1284 1344 tridentium
1297 1291 1337 1365 ,et
1357 1282 1533 1345 securium’
1602 1297 1626 1336 ιο

381 1386 563 1467 Synonyma,
592 1403 669 1464 quae
691 1394 721 1445 et
742 1383 909 1452 multidica,
939 1381 1081 1444 dicuntur
1103 1385 1238 1456 nomina,
1268 1400 1358 1460 quae,
1380 1401 1448 1444 cum
1470 1401 1530 1444 una
1551 1385 1590 1444 sit

296 1489 345 1533 res
368 1475 400 1532 in
423 1469 600 1540 substantia,
630 1468 730 1532 multis
752 1467 924 1529 nominibus
945 1466 1125 1548 appellatur,
1149 1477 1182 1530 ut
1203 1479 1273 1530 sunt
1295 1469 1383 1530 haec:
1411 1477 1492 1530 terra
1515 1487 1589 1549 aqua

297 1565 381 1636 petra
405 1557 483 1617 ensis
505 1565 535 1617 et
557 1555 603 1617 lris
625 1554 741 1616 similia.
786 1552 862 1615 Nam
884 1561 964 1614 terra
987 1570 1058 1615 arun
1080 1553 1162 1615 arida
1184 1554 1272 1616 tellus
1293 1555 1401 1616 humus
1422 1571 1475 1614 rus
1497 1571 1589 1614 unum

296 1642 474 1719 significant.
518 1643 600 1719 Aqua
623 1641 702 1702 unda
724 1639 834 1719 limpha
857 1637 934 1698 later
957 1637 1068 1699 ilucnta
1090 1657 1179 1700 unum
1196 1639 1373 1718 significant.
1412 1639 1498 1700 Petra
1515 1637 1592 1719 lapis

296 1727 371 1788 silex
393 1746 444 1789 cos
465 1744 574 1805 pumex
597 1743 702 1787 murex
725 1741 856 1786 marmor
884 1741 975 1784 uuum
1002 1725 1181 1802 significant.
1226 1725 1313 1786 Ensis
1340 1741 1444 1785 mucro
1472 1722 1591 1802 gladius
1604 1739 1627 1778 ιε

295 1812 406 1874 lramea
430 1812 512 1873 hasta
535 1829 626 1871 unum
649 1811 828 1889 significant.

366 2050 542 2115 lpreciosum
629 2049 793 2114 2paciencia
812 2065 874 2099 uase
893 2055 922 2111 pt
939 2056 1001 2114 pptp
1019 2049 1055 2098 ire
1072 2058 1133 2116 npta
1201 2047 1343 2099 3diuieias
1427 2049 1590 2098 limeucium

299 2121 330 2174 10
349 2117 499 2168 tridenciurn
569 2119 599 2165 11
618 2117 755 2179 synonima
824 2119 855 2168 12
874 2117 1021 2167 substancia
1090 2119 1122 2168 13
1140 2115 1190 2166 hiis
1259 2117 1291 2166 1o
1309 2127 1364 2166 astu

381 2289 467 2360 Quod
488 2289 597 2348 deinde
618 2291 752 2362 sequitur
773 2291 810 2348 cie
831 2291 1051 2366 patronomicis
1078 2297 1107 2348 et
1134 2291 1309 2363 possessiuis
1334 2293 1429 2364 caput
1448 2288 1490 2361 X,
1520 2305 1592 2349 cum

295 2395 356 2451 ione
376 2393 493 2450 maiore
513 2407 554 2450 ec
574 2397 667 2465 porte
687 2398 716 2450 et
730 2408 751 2450 α
766 2390 944 2452 Moiitlcnio
963 2397 993 2451 et
1013 2407 1033 2448 a
1056 2391 1254 2451 Mosnnanno
1275 2391 1321 2462 (in
1336 2389 1465 2467 Hauptii
1476 2392 1589 2452 meat.

294 2496 388 2569 antip.
414 2493 512 2553 cerm
538 2492 559 2550 I
574 2509 605 2567 p.
630 2498 687 2550 369
700 2497 779 2568 seq.)
801 2494 913 2553 editum
934 2495 982 2569 sit,
1005 2495 1048 2552 ito
1069 2493 1235 2567 excerptim
1244 2507 1439 2568 percurrere,
1462 2499 1495 2552 ut
1508 2509 1592 2566 quae

294 2597 332 2656 ab
354 2596 414 2656 iliis
436 2592 546 2655 omissa
567 2601 646 2668 sunt,
665 2596 778 2670 paucis
804 2597 978 2670 sipnificem.
1023 2594 1219 2656 Maditlonius
1239 2596 1317 2654 enim
1338 2611 1398 2655 non
1421 2596 1482 2654 nesi
1500 2595 1592 2654 dimi-

292 2699 375 2759 dium
393 2697 464 2771 sere
486 2699 517 2756 in
540 2697 637 2756 lucem
657 2696 762 2767 edidit,
785 2696 999 2757 Mosomannus
1019 2713 1110 2771 uero,
1142 2699 1196 2773 qui
1216 2697 1408 2758 Gothmorum
1435 2699 1591 2758 nominum

293 2805 382 2861 unico
404 2807 560 2861 teneretur
581 2799 695 2876 studio,
723 2801 880 2859 iuncturos
901 2801 992 2875 quusi
1011 2815 1112 2859 eorum
1135 2807 1226 2874 atque
1245 2801 1457 2860 commissuras
1478 2815 1590 2873 yram-

292 2905 420 2994 moticos
436 2901 533 2978 plane
555 2903 698 2975 neclexit.
743 2902 855 2978 Incipit
877 2908 976 2962 autem
997 2903 1037 2960 cb
1057 2901 1105 2961 itis
1125 2899 1240 2962 uerbi's:

380 3038 454 3098 Sunt
476 3039 614 3105 nomina,
638 3055 713 3116 quae
735 3035 812 3115 apud
834 3055 888 3097 uos
910 3027 1068 3116 patrileg'n‚
1097 3037 1175 3117 apud
1197 3037 1328 3099 Graecos
1351 3055 1424 3098 uero
1445 3045 1591 3116 petrono-

295 3125 370 3186 micn
393 3119 588 3203 appellantur.
634 3121 744 3182 Nomos
766 3124 846 3182 enim
875 3121 953 3203 apud
974 3123 1105 3183 Graecos
1127 3121 1172 3184 lex
1195 3121 1313 3186 dicitur.
1358 3121 1441 3196 Quae
1462 3124 1589 3187 nomina

295 3206 462 3289 apatribus
483 3215 513 3267 et
535 3205 572 3266 ab
594 3209 657 3267 auis
680 3209 711 3266 in
733 3205 810 3267 tilios
832 3208 954 3287 proprie
976 3207 1145 3269 diriunntur
1168 3215 1198 3270 ot
1219 3217 1356 3287 nepotes,
1380 3217 1414 3268 ut
1435 3227 1452 3268 a
1473 3206 1589 3271 lustino

294 3293 488 3360 Iustinianus,
518 3310 534 3351 a
562 3289 648 3352 Claro
676 3291 812 3352 Clusinus
840 3300 871 3353 et
897 3289 1014 3353 similia.
1058 3292 1134 3354 Sunt
1160 3291 1230 3362 alia.
1259 3311 1334 3371 ottae
1361 3310 1377 3353 a
1406 3292 1589 3372 possidendo

250 3376 252 3380 ’
293 3380 460 3460 possession
483 3375 639 3446 dicuntur,
669 3395 727 3436 non
757 3377 851 3437 solum
875 3376 926 3437 filii
948 3387 997 3438 aut
1018 3385 1156 3457 nepotes,
1184 3377 1236 3438 sed
1260 3386 1290 3438 et
1311 3381 1426 3448 omniu,
1456 3396 1533 3457 quae
1554 3379 1616 3436 ins

292 3465 479 3545 possessione
502 3461 657 3532 habentur,
682 3471 714 3522 ut
736 3469 806 3522 suut
826 3479 930 3523 seruus
945 3461 1052 3522 ancilla
1068 3460 1194 3523 lamulus
1209 3465 1392 3542 mancipium
1409 3479 1480 3542 ager
1494 3465 1584 3525 uinea

292 3549 397 3612 hortus
427 3558 456 3610 et
489 3546 606 3608 similia.
658 3546 689 3606 ln
718 3546 900 3608 Francorum
930 3565 1056 3628 namque
1083 3555 1155 3616 etc,
1188 3547 1232 3620 cs.
1255 3550 1484 3608 Mossmonnum
1510 3550 1532 3608 l.
1561 3551 1584 3607 1.

287 3654 319 3712 p.
343 3640 399 3694 389
419 3651 478 3708 sep.

357 3857 373 3904 2
393 3851 481 3903 Nomio
534 3868 639 3918 grecos,
657 3853 697 3904 dis
764 3850 920 3922 tolerinus]
939 3870 973 3904 un
991 3851 1133 3904 Claranus?

374 4025 412 4086 In
434 4042 473 4083 eo
494 4027 589 4098 ipttur
609 4026 719 4101 cupitis
736 4033 837 4101 purte,
862 4042 942 4100 quae
963 4028 1043 4103 typis
1063 4042 1208 4102 expressa
1228 4033 1282 4100 ert,
1306 4028 1338 4087 in
1360 4027 1407 4088 itis
1428 4027 1587 4090 uocabulis
1695 4089 1696 4128 ἶ

286 4129 495 4204 fropmentum
508 4129 661 4187 Beruense
675 4144 696 4186 α
710 4128 813 4188 codice
825 4127 967 4188 Parisino
980 4129 1119 4188 editionis
1127 4130 1398 4189 Mussmonnianae
1411 4129 1568 4206 «increpat
1576 4151 1586 4188 .·
1695 4129 1696 4158 ³

375 4254 571 4324 gotorumque
615 4245 815 4326 patronomica
858 4246 1063 4325 frequentatur
1085 4243 1260 4308 multociens
1303 4255 1441 4326 gotorum
1485 4249 1586 4308 altiuir

289 4330 403 4410 giltinir
458 4331 560 4390 ricinir
605 4333 746 4418 ⁸nuatinir
801 4333 932 4392 ricmunt
960 4339 1090 4392 ratmunt
1118 4333 1279 4394 uuiltmunt
1337 4332 1438 4394 altinir
1492 4333 1584 4394 michi

289 4416 403 4494 giltinir
461 4415 566 4484 michi,
595 4433 713 4493 semper
769 4435 798 4495 p.
828 4412 891 4477 390
919 4417 1022 4478 ricinir
1085 4419 1215 4480 uuatinir
1277 4417 1426 4480 uuilmunt
1487 4417 1585 4480 bucca
1695 4489 1696 4506 .

190 4575 193 4580 ¹
288 4505 418 4564 ricmunt
481 4499 584 4561 bucca.

373 4622 443 4682 Post
464 4621 629 4681 ‘connitum
652 4622 725 4681 oris'
747 4621 824 4682 hoec
845 4624 968 4699 insuper
989 4621 1098 4682 additu
1119 4629 1203 4685 sunt:

373 4721 482 4800 quibus
509 4720 648 4782 omnibus
675 4724 700 4783 si
728 4741 822 4802 paene
852 4721 965 4784 ultimis
999 4722 1070 4784 locis
1098 4723 1244 4786 addantur
1271 4725 1398 4806 syllabae
1428 4725 1583 4809 (pspllabel

288 4807 464 4888 litteraeque
491 4813 653 4874 mutentur,
683 4817 715 4868 ut
742 4806 815 4868 locis
836 4808 948 4870 ultimis
976 4827 1010 4870 us
1039 4808 1150 4888 syllaba
1180 4821 1359 4890 apponatur,
1390 4815 1422 4874 in
1448 4813 1585 4890 linguam
