3400 5450
218 349 246 483 βξ
649 347 860 401 sunnonem.
939 395 942 404 .
1365 347 1405 414 '13

4 512 95 616 '‘³¹¹53
117 523 229 607 &Aa
250 541 390 605 uocatur,
412 543 444 594 et
465 532 599 596 urbanus
621 535 657 597 ab
680 535 754 598 urbe
776 533 955 605 nonrina'tnr,
980 542 1010 596 et
1031 536 1128 599 ciuilis
1149 555 1166 598 a
1188 537 1308 598 ciuitate
1330 553 1405 600 nun·

4 611 241 716 *⁰⁰⁰⁹“cupatun
285 633 348 698 Alia
371 644 441 698 sunt
463 638 595 708 numeri,
619 644 652 698 ut
673 655 750 700 unns
772 637 830 698 doc
852 644 926 700 tres:
955 637 1030 716 haee
1052 655 1123 718 ergo
1145 640 1263 702 nomina
1287 641 1406 702 numeri

103 737 141 800 ab
170 757 232 800 uno
259 756 352 818 usque
378 737 416 798 ad
443 745 505 800 tres
534 738 736 809 declinantur,
765 757 781 800 a
810 746 950 819 quattuor
978 747 1077 801 autem
1105 758 1199 821 usque
1226 739 1262 801 ad
1285 750 1405 804 centum

104 859 166 902 non
197 838 397 909 declinantur,
426 858 443 900 a
471 839 606 904 ducentis
632 859 706 902 uero
732 859 827 921 usque
849 841 885 902 ad
908 840 989 903 mille
1011 839 1208 906 declinantur.
1252 841 1329 907 Sunt
1350 843 1404 906 alia

77 941 233 1012 sordinis,
258 930 290 1002 ut
312 941 427 1020 primus
448 942 598 1004 secundus
621 943 734 1004 tertius.
781 941 856 1004 Sunt
878 942 934 1005 alia
957 943 993 1006 ad
1016 943 1125 1022 aliquid
1148 944 1242 1013 dicta,
1271 961 1346 1022 quae
1367 945 1405 1006 ad

103 1043 193 1105 aliam
214 1061 374 1124 personam
396 1044 587 1114 referuntur,
615 1051 648 1106 ut
669 1045 811 1124 magister
833 1044 972 1108 dominus
993 1052 1093 1125 pater,
1119 1063 1193 1124 quae
1214 1047 1338 1110 relatiua
1361 1046 1405 1124 di·

104 1153 229 1216 cuntur,
259 1146 328 1223 quia
356 1144 391 1207 ad
421 1143 493 1206 alias
520 1162 663 1225 personas
691 1147 879 1217 referuntur,
908 1147 938 1208 id
961 1154 1007 1208 est
1029 1147 1065 1208 ad
1089 1166 1247 1228 personam
1270 1147 1405 1228 discipuli

104 1253 134 1307 et
161 1249 243 1308 serui
273 1253 302 1308 et
323 1245 392 1315 lilii;
420 1247 539 1326 wando
562 1249 643 1310 enim
665 1250 807 1326 magister
830 1248 950 1318 dicitur,
979 1246 1161 1328 intellegitur
1184 1257 1214 1312 et
1236 1249 1404 1332 discipulus,

104 1356 134 1410 et
156 1347 275 1426 quando
299 1346 436 1408 dominus
458 1349 639 1419 nominatur,
662 1350 843 1428 intellegitur
866 1359 895 1412 et
916 1369 1038 1422 seruus;
1061 1351 1104 1412 sic
1127 1357 1157 1412 et
1179 1360 1264 1431 pater
1286 1352 1405 1434 quando

68 1449 228 1521 edicitur,
263 1447 414 1512 reueletur
449 1457 478 1510 et
510 1449 598 1512 filius.
648 1450 710 1512 Alia
743 1451 780 1514 ad
808 1451 918 1530 aliquid
950 1451 1170 1532 quodammodo
1196 1473 1229 1516 se
1255 1452 1404 1524 habentia,

103 1570 180 1632 quae
196 1572 211 1613 a
230 1552 378 1613 contraria
402 1552 617 1630 significatione
639 1551 715 1614 diota
738 1561 816 1623 sunt,
840 1561 873 1615 ut
895 1553 998 1615 dexter
1021 1554 1150 1626 sinister,
1174 1553 1223 1617 lux
1246 1554 1403 1624 tenebrae:

102 1653 222 1734 quando
246 1655 325 1716 eninr
347 1653 449 1714 dexter
473 1652 593 1725 dicitur,
622 1653 805 1733 intellegitur
828 1661 858 1716 et
879 1656 1011 1727 sinister,
1041 1665 1071 1717 at
1097 1655 1215 1736 quando
1237 1656 1286 1720 lux
1309 1659 1404 1720 nomi·

103 1764 208 1827 natur,
236 1753 448 1834 intelleguntur
476 1763 506 1817 et
533 1755 689 1827 tenebrae,
719 1756 772 1818 sed
796 1775 811 1818 a
835 1759 982 1820 conuaria
1005 1758 1227 1837 significatione.
1272 1760 1309 1821 Et
1331 1761 1405 1824 haee

10 1904 13 1906 -
103 1859 330 1938 conparatiuuna
364 1856 490 1936 gradum
518 1857 692 1938 admittunt,
728 1864 760 1919 ut
788 1857 938 1921 dexterior
965 1861 1131 1922 sinisterior
1157 1859 1293 1924 lucidior.
1345 1862 1403 1926 Sed

68 1977 92 2016 rs
104 1959 230 2023 relatiua
257 1967 286 2020 et
313 1958 399 2022 aliter
426 1977 458 2020 se
472 1957 624 2022 babentia
653 1960 711 2022 hoc
741 1960 891 2022 differunt.
942 1961 975 2023 ln
1001 1961 1134 2024 relatiuis
1162 1965 1240 2024 enirn
1268 1964 1405 2026 uicinitas

103 2069 228 2122 naturae
255 2059 461 2141 inseparabilis
489 2061 669 2133 ostenditur,
699 2064 730 2124 in
758 2060 823 2124 aliis
845 2081 919 2124 uero
942 2057 1138 2126 contrarietas
1159 2073 1217 2136 est,
1245 2073 1279 2127 nt
1300 2064 1405 2130 dexter

104 2164 235 2233 sinistra,
259 2163 345 2224 uiuus
366 2168 494 2234 mortun,
518 2163 659 2226 tenebrae
681 2163 750 2226 luci.
787 2163 850 2226 Alia
872 2173 942 2227 sunt
964 2161 1122 2244 generalia,
1146 2183 1223 2246 quae
1245 2165 1404 2230 multarum

103 2283 204 2326 rerum
232 2271 302 2326 sunt
328 2263 487 2334 uocabula,
516 2271 550 2326 ut
579 2264 702 2344 angelus
723 2268 867 2344 sapientia
889 2269 997 2345 pietas;
1020 2266 1142 2346 angelus
1162 2268 1243 2330 enirn
1265 2267 1406 2346 generale

7 2399 8 2404 ι
104 2384 212 2428 nomen
242 2373 288 2428 est
316 2365 353 2426 ad
381 2383 485 2427 omnes
512 2365 650 2445 angelos,
680 2375 709 2428 et
737 2369 879 2446 sapientia
908 2378 937 2429 et
966 2371 1061 2448 pietas
1083 2369 1200 2449 quando
1223 2369 1346 2446 dicitur,
1376 2377 1406 2432 et

70 2469 206 2530 odiuina
229 2476 260 2530 et
281 2467 409 2529 bumana
432 2468 662 2531 demonstratur.
704 2469 779 2531 ltem
801 2468 950 2548 generalia
973 2471 1092 2532 nomina
1115 2473 1237 2532 suntin
1260 2473 1406 2534 creaturis

105 2568 327 2650 corporalibus,
362 2578 396 2631 ut
423 2588 531 2650 corpus
558 2577 588 2630 et
616 2568 740 2640 animal,
775 2573 860 2651 quia,
889 2572 1030 2652 quicquid
1060 2572 1180 2636 uidetur
1207 2581 1237 2635 et
1265 2575 1404 2653 tangitur,

105 2687 215 2752 eorpus
242 2680 294 2734 est.
339 2672 411 2760 ltern
440 2670 549 2734 animal
571 2671 692 2743 dicitur,
723 2673 862 2754 quicquid
885 2675 1012 2736 animem
1036 2681 1066 2735 et
1086 2675 1178 2736 uitarn
1200 2674 1308 2744 habeta
1336 2693 1406 2739 nam

105 2783 133 2836 et
159 2772 251 2838 homo
281 2780 311 2836 ct
337 2791 431 2852 equus
458 2781 488 2836 et
512 2773 567 2836 bos
591 2781 620 2836 et
641 2775 707 2836 ouis
731 2782 760 2836 et
782 2777 881 2838 asinus
902 2775 1039 2838 animalia
1060 2775 1207 2839 dicuntur.
1250 2775 1407 2840 altason
1459 2784 1460 2788 ’

105 2874 261 2957 specialia,
285 2883 319 2938 ut
339 2875 430 2938 honre
453 2892 548 2953 equus
570 2875 644 2955 lapis
665 2875 778 2956 lignurn
801 2877 910 2938 humus
931 2884 962 2939 et
984 2885 1093 2940 cetera.
1131 2876 1211 2940 llaec
1235 2880 1313 2940 enirn
1336 2897 1404 2958 par·

72 2985 164 3041 otene
185 2973 393 3056 generalitatis
415 2978 628 3040 demonstrant.
675 2978 738 3040 lilia
760 2978 916 3049 uerbielia,
944 2986 978 3040 ut
1000 2978 1105 3041 doctor
1125 2975 1139 3061 ΙΙ
1156 2980 1175 3041 l.
1191 2975 1251 3042 84¹²
1267 2977 1279 3062 ΙΙ
1300 2980 1405 3055 lector,

106 3099 181 3162 quae
209 3080 279 3141 ideo
307 3078 448 3142 uerbialia
476 3080 629 3150 dicuntur,
658 3082 726 3160 quia
748 3099 766 3142 a
788 3079 891 3142 uerbis
913 3079 1007 3142 doceo
1030 3088 1059 3142 et
1080 3079 1147 3160 lego
1170 3083 1320 3153 oriuntur,
1348 3081 1406 3145 lunc

4 3239 6 3244 .
107 3193 150 3246 eet
175 3201 192 3244 a
221 3181 347 3262 gerendi
376 3181 478 3252 modo,
510 3191 541 3243 ut
568 3181 694 3246 docendi
722 3180 857 3244 docendo
884 3181 1050 3244 docendum
1074 3182 1194 3246 doctum
1223 3183 1312 3246 doctu
1334 3201 1405 3247 eon-

108 3303 192 3346 nersa
207 3284 354 3346 uincet
376 3282 474 3346 addita
489 3302 505 3344 r
519 3283 591 3346 iacit
613 3284 733 3354 doet0r;
761 3286 804 3346 sie
827 3283 945 3363 legendi
966 3283 1094 3363 legendo
1116 3283 1274 3364 legendum
1296 3284 1405 3349 lectuna

106 3385 183 3448 lectu
204 3385 311 3448 lector.
354 3386 525 3454 Eutitius
546 3386 633 3448 dicit:
663 3386 710 3447 llx
739 3385 863 3449 tribus
890 3387 997 3466 quasi
1026 3385 1195 3451 lontibus
1219 3385 1406 3450 uerbialia

74 3490 256 3550 nnomtna
278 3486 471 3558 oriuntur,
494 3487 591 3550 idest
611 3487 655 3548 ab
678 3487 890 3550 indication
912 3491 1123 3569 praesenti,
1152 3508 1168 3550 a
1192 3489 1406 3569 praeterito

108 3590 288 3670 perfecto,
312 3588 356 3652 ab
378 3589 582 3651 inlinitiun
604 3587 731 3650 l'nturo
754 3608 820 3651 seu
841 3608 858 3651 a
880 3591 1111 3671 participiis.
1156 3589 1281 3652 Nomina
1297 3595 1405 3659 autern,

109 3709 181 3772 qnae
209 3691 248 3754 ab
275 3689 436 3754 indication
464 3692 614 3770 praesenti
641 3692 780 3761 ueniunt,
809 3699 880 3771 quot
907 3693 1133 3756 terminationes
1155 3690 1283 3754 habenti
1327 3691 1408 3756 ldest

108 3795 210 3872 uiginti
232 3794 474 3856 terminationes:
498 3793 529 3854 in
551 3811 583 3862 a,
606 3794 638 3853 in
661 3811 691 3864 e,
715 3794 746 3854 in
762 3812 794 3864 o,
817 3795 849 3855 in
863 3813 929 3865 uin,
952 3797 983 3857 io
998 3797 1077 3866 ium,
1100 3795 1131 3855 in
1146 3793 1264 3870 bulunr,
1288 3795 1320 3858 in
1342 3795 1405 3857 iou·

108 3893 182 3966 lom,
211 3897 244 3956 io
267 3895 362 3965 inaen,
392 3896 423 3956 in
446 3912 494 3965 or,
523 3896 554 3955 in
577 3912 609 3956 es
631 3901 691 3956 tam
714 3894 838 3957 breuem
861 3913 949 3976 quarn
972 3896 1106 3976 longam,
1134 3897 1164 3958 in
1187 3895 1269 3966 bilis,
1293 3897 1325 3958 in
1347 3894 1406 3966 ilis,

77 3999 138 4058 uin
160 4016 230 4067 uus,
254 3997 286 4057 in
310 3995 443 4068 bundue,
466 3999 498 4060 to
520 3998 603 4068 ideo,
625 3999 657 4058 in
681 3995 762 4067 ulus,
786 3999 817 4060 ln
840 4015 891 4068 ax,
914 3999 945 4059 in
961 4016 1012 4068 ex,
1034 3999 1151 4078 ineps,
1174 3999 1206 4060 in
1222 4015 1293 4066 oen,
1315 3997 1346 4058 in
1363 4015 1407 4058 os.

110 4098 141 4160 ln
162 4117 193 4169 a,
216 4106 251 4160 nt
273 4098 372 4160 scribo
395 4097 508 4168 scriba,
531 4098 612 4177 lugio
634 4100 717 4178 iuga,
741 4116 797 4160 ruo
820 4101 921 4172 ruina,
944 4098 1070 4160 aduenio
1093 4100 1222 4168 aduena,
1247 4099 1317 4160 uiuo
1336 4116 1408 4160 con·

175 4235 322 4284 lorbnnns
357 4233 440 4283 eibilis
476 4243 637 4299 noncupatur
704 4235 853 4298 3usquea
921 4235 939 4283 o
955 4233 988 4284 ad
1005 4229 1086 4283 teliuull
1140 4237 1172 4286 10
1188 4233 1323 4284 habendes
1376 4235 1406 4283 11

112 4302 216 4352 sinixter
250 4303 354 4352 tenebre
405 4302 564 4352 testatores
616 4305 647 4353 13
666 4302 769 4353 tenebre
823 4304 855 4353 14
872 4302 1016 4352 sinisterior
1068 4305 1100 4354 15
1118 4302 1259 4352 reueletiue
1294 4311 1318 4353 et
1335 4301 1409 4352 aliter

113 4385 138 4419 se
154 4365 287 4435 habentia]
309 4369 435 4420 Fortasse
455 4369 567 4420 roribus:
595 4380 620 4420 et
642 4371 676 4420 ad
697 4370 794 4433 aliquid
818 4370 1008 4432 quodammodo
1027 4386 1055 4421 se
1072 4370 1191 4420 habentia
1241 4368 1361 4421 dederont
1381 4370 1408 4419 in

112 4437 254 4488 caldariola
325 4437 356 4486 16
374 4447 463 4487 nature
513 4438 604 4488 dextro
622 4439 731 4488 sinixtro
800 4440 832 4490 la
849 4439 918 4488 tebre
933 4437 983 4487 loci
1035 4440 1068 4489 28
1086 4455 1149 4501 equs
1168 4449 1194 4490 et
1212 4452 1275 4488 oues
1294 4448 1318 4488 et
1335 4439 1409 4488 asina

113 4507 143 4556 at
160 4513 237 4568 equls
306 4505 421 4555 28adlta
464 4505 598 4570 legendum
667 4508 700 4556 29
718 4505 835 4571 eutitius]
853 4507 887 4568 cf.
901 4505 1010 4572 Eutpob.
1020 4522 1049 4571 p,
1063 4506 1195 4569 452‚5K.
1207 4505 1326 4569 (Graiam.
1345 4507 1407 4557 Lat.

117 4573 170 4624 Vol.
186 4573 221 4636 V)
293 4575 326 4623 30
343 4573 457 4622 criuntur
508 4569 648 4639 praesenti]
667 4573 753 4625 tuturo
823 4583 927 4641 spreto
980 4573 1013 4625 32
1031 4575 1100 4636 qarod
1168 4577 1201 4626 33
1220 4571 1324 4640 uiginti]
1344 4573 1409 4624 Sunt

112 4643 192 4705 petiae
208 4641 301 4706 uiginti
316 4657 374 4691 aaa.
394 4657 452 4692 oum
468 4642 550 4690 ‘idus'
568 4645 724 4705 terminatio,
743 4659 797 4692 cum
809 4645 834 4692 in
846 4643 970 4708 exemplis
981 4643 1092 4693 lmedotia
1108 4645 1188 4694 luerem
1199 4642 1300 4704 babeat,
1318 4643 1410 4708 uiginti

114 4709 159 4760 illie
174 4710 297 4761 addenda
314 4715 361 4762 est.
414 4710 439 4757 in
458 4705 522 4776 inm]
543 4709 569 4758 in
586 4725 647 4760 num
700 4711 917 4764 aniciensem.
987 4712 1020 4760 36
1038 4710 1065 4759 ln
1084 4725 1099 4759 a
1117 4707 1178 4776 eto]
1199 4709 1410 4762 Terminalionum

115 4779 265 4828 amatio
283 4776 315 4827 ab
333 4777 458 4843 Eutpedie
474 4777 564 4830 ordine
582 4779 622 4846 (p.
638 4780 705 4839 452,
724 4781 758 4829 10
773 4778 841 4845 seq.)
859 4779 995 4836 abderam
1013 4795 1161 4846 quamquam
1178 4785 1204 4829 et
1220 4780 1297 4830 multu
1314 4779 1366 4830 alie
1383 4785 1409 4830 et

114 4845 373 4910 praenoscamus
390 4848 508 4910 compta
525 4846 584 4898 inde
599 4849 684 4912 petito
700 4853 767 4911 ιιιιιι,
785 4853 869 4898 tamen
885 4855 944 4898 suot
961 4850 1081 4898 maula
1098 4847 1200 4900 αιίιιιιάι
1218 4849 1332 4902 collecta.
