3420 5450
703 335 752 386 DE
771 331 891 385 LIBRIS
910 329 1186 386 TvntcnnslBVS.

507 528 540 581 Vt
562 528 760 600 geminaterum
783 525 876 582 breuis
898 532 940 580 est
961 539 1069 597 semper
1091 524 1168 597 prior
1190 522 1286 578 borum

505 611 527 665 V
549 612 600 668 sub
622 626 638 664 o
661 619 767 685 prestat
789 605 906 684 (prestal
927 605 1000 684 cod.)
1023 626 1038 664 a
1062 608 1163 664 subet
1186 609 1193 662 i
1217 607 1264 663 sed
1287 614 1431 680 utramque
1454 606 1573 662 secunda

453 701 483 752 16
506 696 664 772 [lyptongos
686 693 811 770 duplices
834 711 902 768 qnos
925 694 1040 751 dicimus
1063 709 1124 749 esse
1147 692 1257 750 uocales

505 817 575 872 lim
597 813 705 871 substat
727 822 754 869 et
777 832 806 886 s,
829 812 881 869 nisi
906 784 941 886 (tls
963 811 1036 883 cod.)
1060 827 1120 868 cnm
1143 809 1198 868 sint
1220 810 1398 868 semiuoculcs

506 895 1175 973 Sbcqptpraestatcptbgsedde

506 983 560 1042 Nec
582 1001 636 1040 non
660 1001 685 1038 m
709 1001 724 1039 c
745 983 762 1038 d
784 998 845 1039 cum
868 998 886 1054 g
909 981 1075 1055 subponitur
1097 990 1126 1037 et
1148 990 1166 1037 t

505 1069 537 1125 lit
559 1067 673 1143 reliquis
696 1076 770 1123 nrute
792 1067 902 1142 liquidis
925 1074 990 1122 sunt
1011 1065 1215 1140 praepositiuae

447 1160 482 1209 20
503 1153 523 1210 Ε
546 1152 618 1226 (cod.
641 1150 688 1228 En)
713 1168 768 1208 nou
789 1152 943 1226 conpositis
965 1151 1018 1208 boc
1038 1159 1130 1207 antem
1152 1152 1258 1206 cornito
1282 1149 1382 1207 uerbis'.

505 1237 554 1296 Est
575 1255 637 1295 nam
659 1235 806 1293 uerborum
829 1252 884 1292 non
906 1252 1015 1311 semper
1037 1237 1244 1309 conpositorum

506 1323 636 1381 Accuitur
658 1328 733 1378 certe
756 1321 904 1395 penultima
927 1319 1040 1395 longule
1063 1337 1188 1394 quaeque
1212 1317 1264 1394 (ᾧ)

505 1409 617 1465 Praetor
639 1407 672 1463 ab
695 1407 756 1462 indo
778 1405 869 1480 duplis
891 1406 924 1462 de
947 1405 1056 1480 quando
1080 1406 1125 1461 ucl
1147 1407 1174 1460 in
1198 1406 1342 1479 geminatis

507 1495 576 1549 Ante
599 1509 649 1566 per
671 1490 823 1565 exemplum
846 1489 920 1548 soliti
944 1507 1111 1565 cognoscere
1135 1489 1247 1547 uerbum

450 1584 482 1632 25
506 1581 559 1634 Aut
582 1577 661 1634 aliam
683 1585 788 1650 partem
811 1593 871 1633 curn
894 1578 980 1650 prima
1003 1584 1122 1650 postque
1144 1574 1265 1632 uocalem

506 1662 631 1736 Consonat
654 1661 711 1718 sola
734 1663 810 1718 uenit
832 1661 865 1717 de
888 1677 941 1735 qna
964 1677 1036 1718 noua
1059 1660 1154 1732 regule
1176 1660 1263 1717 creuit

506 1747 591 1817 Quam
613 1745 681 1804 mibi
703 1746 827 1803 Serniolo
851 1746 954 1821 placuit
976 1745 1150 1802 subscribere
1172 1744 1254 1801 libro.

506 1832 583 1902 Quod
607 1831 688 1889 simul
711 1830 773 1887 inde
795 1833 883 1906 sapis,
907 1839 949 1887 est
970 1831 1059 1888 omnis
1082 1829 1184 1904 syllaba
1208 1829 1305 1904 qualis.

507 1987 576 2042 Ante
598 1984 616 2041 b
637 1983 669 2040 tit
690 1982 781 2040 breuis
804 2001 819 2040 a
842 1983 943 2040 retinet
966 1999 1045 2056 quarn
1068 1981 1163 2040 sillaba
1185 1982 1272 2056 prima

452 2076 486 2125 30
507 2069 607 2128 Fabula
629 2068 675 2127 uel
697 2068 776 2126 labor
797 2085 858 2126 cnm
882 2075 935 2125 stat
956 2067 1119 2142 producitur
1141 2066 1218 2125 labor

507 2155 541 2212 Et
563 2155 645 2212 stabit
667 2153 750 2226 (scabi
773 2152 846 2230 cod.)
869 2153 943 2211 labes
966 2152 1069 2228 pariter
1091 2169 1201 2227 quoque
1223 2153 1322 2228 papula
1346 2151 1420 2210 labos

508 2239 603 2297 Stabat
625 2239 654 2312 (S
676 2238 765 2295 stabat
786 2231 859 2312 cod.)
882 2255 943 2294 cum
966 2237 1050 2296 stabit
1071 2254 1131 2294 cnm
1155 2237 1237 2294 nabat
1257 2238 1375 2312 deniquo
1398 2238 1473 2295 nabit

508 2323 602 2382 Flebat
623 2341 684 2382 cum
707 2323 783 2380 llabit
804 2323 870 2379 hacc
891 2324 1022 2380 metricus
1044 2323 1110 2380 bant
1131 2321 1266 2380 breniabit

508 2409 579 2468 llaec
601 2410 790 2484 producuntur
811 2425 865 2464 non
890 2424 959 2482 qnae
983 2417 1071 2465 tamen
1096 2407 1157 2464 inde
1181 2409 1327 2464 trabuntur

454 2499 485 2549 35
508 2493 537 2550 Si
559 2493 576 2550 b
599 2494 708 2569 quidem
731 2503 859 2564 seruant,
882 2493 949 2549 alias
971 2493 1019 2550 scd
1041 2491 1082 2565 (se
1103 2489 1175 2568 cod.)
1199 2493 1280 2568 longe
1304 2501 1441 2550 retentent

508 2581 578 2636 Ante
601 2597 615 2636 c
638 2596 693 2636 non
716 2577 799 2636 breue
822 2580 857 2635 sit
880 2579 1009 2653 quotiens
1031 2577 1048 2633 b
1070 2596 1097 2653 p.
1114 2595 1149 2634 uc
1172 2581 1293 2652 supersit

508 2664 629 2738 Excipies
653 2661 777 2721 baculum
801 2664 922 2738 spacium
945 2663 1035 2737 placer
1057 2671 1140 2739 atque
1162 2663 1296 2739 placantia
1319 2665 1392 2739 pacis

507 2748 571 2823 (lep.
596 2749 719 2823 Excipies
741 2749 841 2823 spaciis
863 2748 952 2823 placet
975 2757 1057 2823 atquc
1080 2748 1214 2822 placantia
1237 2747 1320 2823 pacis)

508 2832 566 2901 Que
588 2835 627 2891 sic
649 2834 807 2891 scribuntur
829 2832 910 2890 simul
933 2834 1022 2891 omnia
1045 2834 1234 2908 corripiuntur

509 2922 578 2977 Acer
599 2919 672 2976 idest
694 2919 773 2976 fortis
797 2918 922 2976 facundia
944 2919 1068 2979 macbina
1088 2917 1180 2992 longis

451 3011 485 3060 40
507 3004 526 3060 b
548 3006 652 3079 pariter
675 3001 718 3081 (de
742 3006 845 3078 pariter
866 3003 939 3074 cod.)
961 3005 1064 3079 iungit:
1088 3004 1170 3062 draco
1192 3005 1326 3078 tardoque
1348 3005 1454 3062 reducit

306 3089 450 3165 (p.18col.
460 3090 489 3162 2)
506 3092 574 3147 Ante
597 3091 613 3146 d
636 3089 666 3145 fit
688 3089 779 3145 breuis
797 3080 829 3145 'et
846 3089 873 3146 si
898 3105 977 3162 quoru
1000 3090 1151 3164 producere
1174 3091 1283 3164 quaeris
1305 3099 1356 3147 etc.

391 3205 509 3267 Dmode
525 3224 560 3282 p.
587 3213 622 3263 21
644 3207 701 3266 col.
727 3211 744 3263 2
766 3205 842 3264 dccc
863 3202 982 3280 scripta
1003 3211 1087 3265 sunt:

508 3329 555 3384 Est
577 3327 750 3401 antiquarum
772 3325 842 3383 liber
863 3325 907 3382 bic
930 3295 1186 3384 sententiolarum

306 3411 420 3469 Formae
434 3413 556 3470 casuales
572 3413 710 3468 nominum
727 3411 758 3466 Vl
774 3409 828 3482 (Vll
843 3409 915 3483 cod.)
932 3418 1010 3467 sunt:
1027 3419 1187 3486 monoptota
1202 3412 1307 3486 diptota
1324 3413 1437 3486 triptota
1453 3421 1617 3489 tetraptota
1701 3401 1702 3474 l

305 3497 470 3572 (detraptotn
485 3496 558 3568 cod.)
574 3504 733 3572 pentaptota
749 3502 884 3571 exaptotn.
916 3495 1072 3582 llonoptota
1096 3505 1161 3554 sunt
1183 3513 1252 3571 quac
1275 3513 1325 3572 pro
1348 3499 1473 3555 omnibus
1497 3501 1618 3556 ensibus

305 3632 360 3672 uno
384 3633 448 3673 casn
471 3617 638 3691 iunguntur,
662 3625 692 3673 nt
715 3615 869 3672 huiusmodi
894 3613 1077 3672 huiuscemodi
1100 3614 1247 3672 illiusmodi
1271 3617 1403 3674 eiusmodi
1426 3589 1508 3690 (eliso
1530 3619 1620 3691 cod.)
1701 3623 1702 3690 ξ

306 3719 392 3758 cornu
425 3717 507 3773 uero,
542 3703 568 3756 in
604 3702 703 3775 quibus
738 3717 793 3758 non
826 3700 877 3756 nisi
906 3717 976 3757 nnus
1005 3697 1134 3774 obliquus
1162 3701 1301 3758 inuenitur
1329 3719 1409 3760 casus
1436 3710 1467 3759 ut
1494 3709 1621 3778 sponte.
1701 3699 1702 3760 3

306 3787 421 3860 llyptota
449 3795 514 3842 sunt
541 3787 567 3840 in
597 3785 695 3860 quibus
724 3803 778 3842 non
806 3785 859 3840 nisi
886 3786 940 3842 duo
970 3784 1071 3842 diuersi
1095 3787 1273 3844 inueniuntur
1294 3804 1373 3844 casus
1396 3795 1428 3844 ut
1449 3788 1507 3845 sors
1533 3789 1622 3846 forte
1701 3815 1702 3836 1

306 3873 393 3928 uicem
421 3871 490 3927 uice.
534 3870 659 3944 Triptota
687 3879 752 3927 sunt
778 3880 809 3926 ut
838 3871 928 3927 omnia
956 3872 1043 3945 prime
1068 3870 1258 3928 declinationis
1287 3889 1356 3947 quac
1383 3872 1410 3928 in
1433 3891 1449 3930 a
1471 3872 1623 3932 deliniunt
1701 3859 1702 3924 ἶ

304 3964 335 4012 ut
357 3955 431 4012 llusa
453 3954 544 4012 llusae
566 3955 675 4012 llusam.
720 3956 880 4030 Tetraptota
907 3964 973 4012 sunt
1002 3955 1027 4009 in
1056 3955 1155 4030 quibus
1184 3965 1303 4031 quatuor
1330 3956 1431 4014 diuersi
1459 3975 1546 4016 casus
1576 3965 1624 4017 in·
1701 3977 1702 4036 ι

304 4040 453 4098 ueniuntur
475 4050 506 4097 nt
528 4057 651 4114 quaeque
676 4036 724 4115 (ᾅς)
747 4039 880 4098 secundae
903 4040 1092 4098 declinationis
1114 4039 1208 4114 uerba,
1232 4044 1302 4100 sicut
1324 4045 1456 4115 magister
1478 4045 1624 4120 magistri
1701 4051 1702 4106 Ξ

305 4126 436 4200 rungistro
464 4127 633 4200 magistrum.
679 4127 839 4200 Pentaptota
869 4135 949 4198 sunt,
978 4133 1008 4181 ut
1034 4127 1124 4182 omnia
1147 4127 1282 4184 secundae
1305 4125 1497 4186 declinationis
1520 4131 1626 4189 uerba
1701 4119 1702 4190 Ῠ

305 4211 333 4265 in
355 4227 389 4266 ns
411 4210 579 4283 desinentis,
601 4220 632 4267 ut
654 4211 742 4267 iustus
766 4213 831 4267 insti
853 4212 926 4267 iusto
950 4211 1052 4266 iustum
1075 4229 1091 4268 o
1115 4211 1195 4269 iuste.
1701 4267 1702 4278 ,

389 4293 520 4369 Enaptota
541 4304 605 4353 sunt
628 4313 696 4371 quae
720 4312 766 4352 ser
788 4295 913 4353 diuersos
935 4313 1015 4352 cnsus
1039 4296 1153 4368 babent,
1182 4307 1212 4355 ut
1239 4315 1310 4356 unus
1340 4300 1420 4355 unius
1449 4301 1496 4356 nni
1522 4317 1626 4360 unum
1701 4299 1702 4374 f

305 4395 358 4436 unc
381 4378 414 4436 ab
437 4396 500 4438 uno.
562 4431 569 4452 ,

550 4461 698 4552 ᾼίῐέιιὲιίιι
721 4467 814 4524 dicunt
836 4467 868 4522 dc
891 4457 993 4525 ne'rtice
1017 4461 1123 4541 quando
1147 4462 1272 4524 recidunt

548 4553 583 4609 Ex
606 4547 766 4610 mediastini
788 4551 820 4607 sn
843 4546 955 4626 sincdpi
980 4547 1058 4629 pirte
1082 4545 1167 4608 recisi

549 4631 684 4712 parteque
708 4637 846 4694 sdbtrdctri
868 4634 975 4694 dice'tdr
997 4633 1119 4711 'apdcopi
1143 4635 1214 4694 idota

550 4721 602 4778 Sex
626 4723 706 4780 babet
728 4723 795 4781 haec
817 4721 868 4778 sibi
892 4729 1009 4780 scemata
1031 4721 1126 4796 lingua
1147 4721 1242 4780 latina

593 4809 720 4866 Frontem
744 4808 789 4866 dat
812 4808 950 4883 prothesis
972 4823 1052 4882 quem
1076 4815 1158 4881 negat
1180 4806 1300 4864 alleresis
