3420 5450
544 361 594 412 DE
613 359 744 413 trusels*
756 359 1031 413 moerentiumve.

377 551 519 610 Penthesis
542 551 594 609 hoc
616 523 706 609 reddit
727 551 845 618 medium
869 551 943 626 quod
965 552 1078 627 sincopa
1099 550 1175 608 tollit

463 636 544 694 Addit
565 653 719 712 paragoge,
744 637 861 712 subripit
883 654 1015 712 apocope.

133 720 359 796 amphiboluicon
394 731 437 778 est
470 721 555 796 ligura
590 721 688 780 dubiae
723 726 856 780 orationis
887 725 959 780 sicut
989 740 1048 780 curn
1082 722 1183 797 aliquid
1216 722 1329 778 dicimus
1358 721 1431 796 quod

134 807 249 864 diuersis
276 808 366 864 modis
393 806 510 880 lntelligi
537 815 631 883 potest
653 816 681 864 ct
702 809 811 884 quando
833 808 900 864 illud
922 825 954 864 ex
977 809 1109 865 industria
1131 807 1232 865 dicitur
1253 807 1355 864 bouum
1378 816 1431 879 est,

134 895 156 948 si
184 900 274 950 autem
302 907 335 949 ex
362 892 463 950 iudicio
491 893 605 950 dicImus
633 893 733 950 malum
756 902 808 950 est.
852 894 1006 951 Parentesis
1029 893 1115 968 figura
1139 895 1313 968 interpositio
1336 901 1380 950 est
1401 901 1432 948 ut

19 999 27 1012 ·
133 979 161 1034 in
183 978 394 1036 auctoribus
417 978 581 1053 assignatur.
624 978 769 1036 Perilrasis
792 979 876 1052 ligura
900 988 941 1034 est
970 979 1251 1054 circumloquendum.
1297 977 1432 1054 Yperltole

136 1062 222 1137 figura
245 1071 289 1120 est
311 1065 432 1121 excessio
455 1061 526 1120 fidei.
569 1063 702 1138 Epilogus
725 1063 811 1138 ligura
834 1071 877 1124 est
899 1063 993 1122 crebra
1015 1066 1146 1140 repeticio
1170 1063 1332 1121 sententiae.
1376 1064 1433 1119 lliu-

133 1151 227 1206 sirtica
249 1149 337 1224 ligura
360 1157 404 1205 est
426 1140 513 1206 ora'tio
536 1149 700 1224 deceptoria.
745 1149 899 1207 Sinodoche
928 1148 1015 1222 ligura
1040 1148 1080 1224 (l.)
1103 1158 1145 1206 est
1167 1150 1274 1224 quando
1296 1166 1359 1223 pars
1382 1167 1433 1222 pru

135 1243 193 1291 toto
223 1235 346 1308 ponitur.
397 1234 601 1308 Apostrophat‚
635 1235 681 1309 qui
715 1234 748 1290 de
775 1235 886 1292 absente
913 1243 1048 1309 tamquam
1077 1251 1206 1308 praeseus
1235 1236 1272 1290 sit
1300 1234 1431 1309 loquitur.

136 1321 262 1394 lpinosis
284 1316 450 1396 (Taplnosis)
472 1327 517 1376 est
544 1317 631 1395 figura
660 1336 773 1394 magnae
795 1322 835 1377 rei
858 1319 966 1377 humilis
989 1320 1139 1394 descriptio
1161 1319 1205 1376 uel
1229 1319 1310 1376 etiam
1332 1337 1433 1394 paruae

135 1405 171 1461 rei
194 1421 294 1478 magna
315 1403 476 1479 descriptio.

217 1527 384 1604 Sequitur:
412 1523 961 1616 oe·pascbn·uar·comumcaa.

216 1657 349 1732 Reliqua
363 1662 463 1716 autem
483 1657 556 1718 libri
570 1674 650 1733 pars
661 1655 733 1731 sere
747 1664 809 1718 tota
823 1658 955 1720 homiliis
970 1659 1148 1718 Germanico
1163 1674 1298 1718 sermone
1312 1658 1436 1734 seriptis

137 1759 374 1832 tractatibusque
395 1758 526 1818 eumaem
547 1761 669 1834 quaeris
689 1762 813 1821 medicis
827 1763 942 1836 repleta
956 1766 1010 1820 est.
1041 1761 1165 1820 uterum
1181 1760 1436 1846 Aeqyptiacorum

136 1864 295 1936 carminis,
320 1862 403 1937 quoa
421 1868 509 1922 extat
524 1879 559 1938 p.
587 1868 656 1932 284,
681 1864 842 1923 Guilelmus
863 1861 1045 1923 Schmitzius
1067 1864 1136 1923 olim
1163 1863 1339 1922 mentionem
1358 1860 1438 1934 feeit

136 1981 207 2024 maa.
233 1963 332 2024 Rhea.
359 1969 435 2024 1868
454 1981 488 2040 p.
514 1970 581 2024 521.

221 2065 307 2138 Quae
328 2081 401 2127 uero
422 2066 466 2126 ad
485 2068 718 2141 qrammaticam
739 2073 891 2143 spectant,
916 2067 993 2128 laec
1013 2074 1100 2128 suat:

176 2205 202 2264 p.
221 2187 284 2246 285
300 2187 353 2246 col.
370 2189 404 2244 1:
512 2187 633 2261 nequae
655 2197 682 2245 et
705 2205 802 2246 uersus
825 2188 859 2244 de
881 2188 976 2246 formis
998 2189 1218 2264 praeteritorum.

139 2307 231 2364 Omnia
261 2306 345 2364 uerba
374 2309 477 2382 primae
505 2308 709 2382 coniugationis
737 2316 766 2364 et
793 2307 898 2365 actiuae
921 2309 1120 2366 terminationis
1144 2327 1157 2364 a
1180 2307 1298 2366 secunda
1320 2324 1437 2382 persona

136 2393 292 2468 praesentis
322 2393 454 2467 temporis
485 2393 603 2450 lormant
631 2393 809 2467 praeteritum
837 2392 1002 2468 perlectum*
1019 2394 1124 2452 abiecta
1145 2411 1158 2450 s
1180 2394 1272 2450 littera
1299 2401 1327 2450 et
1349 2392 1437 2449 addita

137 2479 162 2534 ui
178 2477 288 2552 sillano,
313 2484 343 2534 ut
366 2495 438 2534 amas
460 2480 548 2535 amaui
573 2480 691 2553 exceptis
707 2476 751 2534 llV
766 2496 827 2536 cum
850 2495 946 2536 eorum
969 2480 1119 2554 conpositis
1142 2480 1289 2553 plerisque.
1327 2476 1438 2535 ‘Pleris-

137 2581 189 2638 que
210 2563 379 2638 cunpositis'
401 2563 462 2620 dico
485 2564 546 2620 ideo
570 2565 632 2638 quia
661 2566 803 2638 conposita
826 2581 841 2619 a
864 2563 935 2638 plico
965 2581 1025 2621 cum
1054 2564 1306 2639 praeposicionibus
1337 2563 1440 2619 iaciunt
1540 2607 1542 2613 .

136 2651 317 2722 praeteritum
339 2650 368 2706 in
390 2649 418 2705 ui
441 2650 544 2706 diuisas
567 2657 598 2704 ut
619 2648 751 2723 implicui.
795 2648 943 2723 Conposita
966 2667 1027 2706 cum
1049 2650 1204 2706 nominibus
1233 2649 1335 2706 iaciunt
1360 2665 1438 2722 pruc-

137 2735 248 2800 teritum
264 2735 293 2789 in
308 2737 371 2806 aui,
394 2743 424 2790 ut
439 2733 628 2808 multiplicaui.
666 2733 760 2790 Omnia
776 2733 861 2791 uerba
876 2735 979 2810 primae
994 2735 1195 2808 coniugationis
1212 2729 1251 2808 (iu
1266 2750 1356 2806 maro.
1374 2731 1438 2818 ll),

135 2835 206 2892 quae
236 2818 400 2890 regulariter
428 2819 547 2876 formant
575 2819 752 2893 praeteritum
776 2820 802 2875 in
825 2819 869 2875 aui
893 2821 921 2875 ui
944 2828 1047 2877 mutata
1069 2819 1097 2876 lu
1120 2828 1178 2875 turn
1201 2819 1304 2876 iaciunt
1330 2819 1438 2892 supina,

135 2913 165 2959 ut
186 2905 279 2960 amani
302 2913 428 2961 amatum.
471 2904 602 2961 Similiter
624 2920 693 2979 quae
716 2906 744 2960 in
768 2905 794 2960 ui
818 2905 919 2961 diuisas
943 2906 969 2961 ln
992 2907 1079 2978 iturn,
1101 2913 1132 2961 ut
1155 2907 1231 2962 uetui
1253 2904 1369 2964 uetitum
1393 2897 1438 2958 e'x·

135 2991 224 3063 ceptis
249 2990 278 3046 in
300 3006 333 3046 co
356 2989 555 3061 desinentibus,
578 3003 647 3063 quae
669 2991 760 3046 omnia
783 2991 810 3045 ia
833 2998 907 3046 ctum
923 2990 1035 3054 iaciunt.
1059 2998 1089 3047 ut
1105 2990 1179 3047 secui
1194 2998 1310 3061 sectum,
1332 2997 1440 3063 praeter
1467 2991 1470 2999 '

134 3073 224 3146 plico,
248 3073 324 3148 quod
347 3073 412 3132 lacit
434 3074 557 3149 plicitum
581 3083 608 3129 et
630 3074 715 3145 mico,
739 3075 813 3149 quod
836 3092 891 3132 nou
914 3074 997 3132 habet
1017 3075 1155 3150 supinum.
1200 3075 1262 3132 llcdi
1285 3091 1351 3130 uero
1374 3073 1440 3128 lacit

134 3159 243 3230 datum,
261 3159 315 3214 laui
331 3157 417 3215 lotum
434 3159 478 3215 uel
502 3159 616 3228 lautum,
640 3161 697 3215 iuui
720 3162 818 3230 tutum,
843 3163 905 3216 steti
929 3168 1041 3233 statum,
1065 3161 1138 3235 quod
1162 3160 1309 3218 secundum
1333 3175 1439 3233 quos·

134 3245 205 3301 dam
230 3243 411 3318 producitur,
435 3252 465 3300 ut
485 3246 514 3300 in
537 3243 672 3301 lucano
695 3243 746 3318 (ef.
761 3245 854 3302 Prisc.
870 3245 891 3301 I
908 3262 937 3318 p.
954 3249 1030 3312 474,
1049 3241 1172 3322 9—15J:

493 3329 706 3387 Constatura
729 3329 822 3386 lides
845 3347 1018 3405 superum.

132 3414 295 3472 Secundum
317 3411 410 3472 alios
433 3416 592 3488 corripitur,
614 3415 700 3473 unde:

496 3517 641 3574 quorum
664 3507 761 3557 stata
784 3509 940 3576 tempora
963 3499 1084 3559 llatus.

131 3585 184 3640 Sed
201 3583 415 3640 Priscianus
437 3585 546 3641 uidetur
566 3585 655 3657 uelle,
679 3585 750 3660 quod
767 3587 803 3642 sit
818 3593 944 3660 correpta
968 3585 1000 3641 de
1014 3585 1067 3642 hoc
1082 3587 1182 3660 supino
1198 3593 1296 3642 statum
1312 3583 1438 3659 loquens.

219 3668 319 3725 Omnia
343 3669 425 3726 uerba
447 3670 581 3727 secundae
603 3671 805 3743 coniugationis
828 3673 855 3728 in
878 3687 930 3728 ueo
955 3671 1105 3727 desinentia
1128 3687 1161 3727 eo
1177 3678 1280 3728 mutata
1295 3669 1334 3742 (in
1349 3687 1440 3742 marq.

133 3755 197 3827 ·lll·)
222 3757 254 3811 iu
272 3773 288 3812 c
306 3755 410 3812 iaciunt
432 3755 609 3830 praeteritum
631 3756 781 3830 penultima
804 3757 949 3831 producta,
971 3765 1003 3813 ut
1025 3773 1124 3814 mouuo
1146 3759 1221 3814 moui
1243 3765 1271 3814 et
1293 3756 1440 3813 secuudum

131 3839 185 3896 huc
208 3841 353 3897 conniueo
377 3840 486 3897 conniui
509 3849 536 3896 et
558 3841 654 3897 icrueo
677 3841 797 3898 seruiet
820 3859 874 3899 non
897 3840 1001 3912 terbui3
1024 3843 1077 3899 lroc
1100 3844 1170 3898 enim
1193 3850 1235 3898 cst
1257 3860 1271 3897 a
1294 3839 1398 3897 lerbea.

217 3925 322 3982 Omnia
349 3925 447 3992 uerba,
478 3941 547 4000 quae
575 3926 677 3982 iaciunt
705 3929 882 4002 praeteritum
905 3929 932 3984 in
954 3929 999 4000 ui,
1029 3929 1056 3984 ui
1079 3935 1182 3984 mutata
1204 3930 1231 3983 in
1255 3935 1310 3983 tum
1339 3926 1442 3982 iaciunt

130 4012 267 4084 supinum
302 4011 422 4084 exceptis
452 4027 535 4084 pasco
563 4018 590 4066 et
618 4011 733 4084 ceteris,
768 4028 837 4086 quae
864 4014 892 4068 la
920 4015 1060 4087 praesenti
1090 4013 1226 4069 uersiculo
1255 4011 1439 4068 corstincntur.

130 4094 200 4153 llota
230 4095 310 4171 quod
340 4095 385 4152 illa
413 4095 518 4153 scilieet
540 4113 623 4171 pasco
646 4105 674 4153 et
696 4106 786 4154 cetera
809 4097 997 4172 excipiuntur,
1027 4115 1082 4155 noa
1106 4100 1168 4172 quia
1190 4097 1292 4153 iaciunt
1314 4097 1440 4170 supinum

130 4182 157 4236 ia
182 4191 244 4237 tum
273 4177 341 4254 (tion
364 4179 439 4254 eod.)
463 4180 510 4238 sed
534 4183 597 4255 quia
620 4183 646 4238 in
671 4181 883 4240 tormaatonibus
911 4200 1007 4240 eorum
1030 4183 1132 4257 aliquid
1154 4181 1262 4240 additur
1284 4180 1328 4236 uel
1351 4188 1464 4260 muta-¹

131 4273 217 4340 tatur,
242 4267 321 4341 quot
343 4269 371 4322 in
395 4267 510 4342 singulis
532 4273 608 4340 patet
630 4267 657 4322 ln
680 4266 752 4323 omni
776 4269 976 4342 coniugatione.
1020 4268 1090 4324 Nota
1113 4265 1186 4342 quod
1208 4283 1288 4323 omne
1311 4268 1438 4340 supinum

130 4351 287 4410 tamarum
309 4353 337 4407 ui
359 4361 448 4408 mutat
468 4353 496 4408 in
520 4359 595 4423 turn,
622 4351 749 4426 producit
779 4353 954 4426 penultimam
986 4362 1181 4429 praetermis,
1209 4352 1314 4408 seilicet
1336 4351 1441 4426 quitum

131 4437 215 4494 situm
246 4439 336 4494 citum
365 4445 452 4494 satum
483 4436 561 4493 litum
589 4439 664 4494 itura
715 4437 862 4512 Propterea
891 4457 1011 4512 agnosco
1040 4447 1068 4495 et
1096 4455 1233 4512 cognosco
1262 4439 1385 4511 agnitum
1416 4444 1443 4492 et
1550 4499 1555 4520 ι

130 4524 283 4596 cognitum
308 4523 419 4579 iaciunt.

192 4639 360 4700 Secuntur
373 4655 478 4701 uersam
490 4640 528 4700 de
541 4639 647 4701 eadem
658 4657 703 4716 re,
718 4657 847 4716 qaorum.
856 4657 948 4716 super
957 4641 1085 4715 sinuatis
1096 4639 1251 4700 uocabulis
1260 4640 1444 4714 plassemata

127 4745 233 4816 posita
249 4749 329 4802 sunt
342 4743 462 4816 eadem,
487 4759 549 4817 qua
564 4759 677 4818 uersm,
695 4759 799 4815 mauu,
817 4758 904 4818 quae,
923 4744 996 4816 quia
1012 4744 1150 4818 plurimu
1164 4743 1340 4802 necessaria
1354 4748 1444 4800 eraut

133 4845 175 4904 ad
188 4860 322 4906 uersuum
337 4843 432 4919 ipsum
452 4845 701 4920 intumentium,
726 4846 758 4906 ia
775 4845 972 4906 describendo
987 4843 1109 4920 ueqteqt
1123 4844 1232 4904 debere
1247 4861 1305 4904 aaa
1315 4844 1444 4920 putaui:

173 5009 176 5012 Ι
208 4944 320 4985 Genu.
331 4951 384 4984 ur.
397 4943 481 4985 surra.
1224 4961 1239 4996 θ
