3412 5452
786 1099 830 1180 Ι.

500 1295 576 1378 DE
598 1293 1110 1378 GRAMMATIOORVM
1175 1414 1181 1427 ι

200 1432 520 1515 CATALOGIS
542 1431 890 1514 BONONIENSI
912 1431 1104 1532 ATQVE
1127 1430 1418 1515 BERNENSI.

244 1863 294 1922 Ae
313 1861 501 1936 explicanda
521 1876 573 1928 eo,
603 1877 682 1935 qnae
704 1861 743 1919 H.
768 1857 885 1921 Heilins
910 1862 942 1920 in
967 1877 1075 1936 propr.
1107 1862 1234 1935 Erlenp.
1263 1868 1336 1920 lion
1362 1879 1392 1936 p.
1419 1868 1454 1919 27

149 1966 194 2024 de
222 1960 494 2039 qrammotieornnr
520 1964 661 2036 caroloco
690 1960 875 2022 Bononiensi
906 1964 1027 2022 soeculo
1062 1963 1218 2022 undecimo
1244 1966 1359 2038 scripto
1386 1966 1454 2036 epo,

150 2083 218 2126 non
243 2066 354 2126 nnHins
374 2066 515 2124 nonrenn'
535 2065 677 2124 uidentur
698 2080 770 2132 esse,
793 2063 870 2139 qnae
891 2061 925 2124 in
945 2061 1062 2125 codicis
1076 2063 1242 2125 Hennensis
1259 2071 1317 2124 243
1333 2067 1454 2142 popina

148 2175 295 2229 extreme
316 2167 423 2228 Petrus
445 2167 558 2226 Daniel
577 2164 705 2242 scripsit
726 2167 866 2241 antiquos
887 2164 941 2226 ille
958 2166 1062 2239 fontes
1082 2173 1215 2226 aeonius:

244 2269 285 2330 Ha
308 2267 399 2328 Roma
424 2267 460 2330 cie
483 2267 583 2329 Sicilia
606 2267 643 2329 de
664 2265 746 2328 liaiia
770 2268 807 2328 dc
829 2266 925 2328 Africa
942 2266 979 2328 do
996 2266 1134 2347 Hispania
1159 2267 1323 2348 (Hispania,
1347 2270 1453 2330 addito

148 2371 188 2432 in
212 2389 312 2447 more.
336 2372 359 2431 ei
379 2378 470 2448 noto,
499 2371 557 2430 boe
584 2378 628 2431 est
655 2370 756 2431 deesse
783 2368 816 2431 in
838 2368 945 2431 codiee
967 2377 1096 2454 uetusto,
1125 2372 1308 2432 cendebaeo
1332 2369 1451 2448 petinii,

148 2475 173 2532 Ιι
197 2471 332 2534 litteram
354 2471 468 2534 Honiel
487 2473 625 2552 testetur)
650 2479 799 2534 uenerunt
817 2467 822 2555 Ι
841 2471 878 2532 ad
902 2490 956 2533 nos
978 2470 1048 2532 iibri
1067 2473 1271 2550 grammatici:

286 2572 328 2635 Ha
351 2573 443 2634 Roma
467 2579 593 2651 quatuor
616 2572 684 2634 iibri
708 2574 812 2635 Donaii

362 2674 369 2687 '
985 2658 1129 2720 Honorati

1042 2768 1071 2819 ei

862 2949 869 2956 υ
1006 2862 1102 2939 Sergii

285 2963 325 3024 He
349 2964 446 3027 Sicilia
470 2964 520 3026 liii
543 2964 755 3045 discipulorum
779 2965 841 3024 eicis
864 2964 941 3024 idest
1042 2972 1071 3023 ci

995 3065 1112 3125 Maximi

841 3371 1020 3432 denomino

285 3473 326 3534 Ha
350 3472 430 3536 Haiio
454 3472 512 3533 dno
537 3471 605 3534 iibri
628 3475 782 3534 Conseniii
914 3481 945 3534 ci.

799 3368 932 3672 {uerbo
955 3586 985 3636 ec
1007 3575 1043 3634 de
1067 3572 1260 3636 barbarismo.

360 3687 389 3739 ac
410 3675 478 3739 iibri
501 3677 645 3738 Prisciani
667 3677 718 3737 XX

357 3789 387 3841 ei
409 3779 509 3842 Eutiiii
533 3778 592 3841 duo

689 3879 726 3940 dc
749 3880 846 3941 littora

358 3992 386 4043 ac
409 3983 505 4062 Sergii
526 4000 635 4050 nonem
753 3989 782 4040 et

688 4083 726 4144 dc
750 4081 932 4148 barbarismo

359 4187 515 4267 crispari
537 4195 567 4248 at

407 4287 539 4349 Flauiani
562 4287 631 4349 iibri
655 4286 706 4348 HH

284 4391 324 4453 Hc
348 4392 444 4452 iirioa
467 4408 539 4450 noro
562 4389 759 4452 comminiani
783 4399 812 4451 ct
835 4391 976 4469 Pompeii.

286 4493 326 4554 Ha
350 4493 487 4574 Hispania
512 4489 678 4571 (Hispania,
702 4491 812 4553 addito
835 4495 866 4552 in
881 4509 979 4567 morp.
997 4491 1114 4569 dnoln)
1138 4491 1244 4552 isidori
1267 4501 1296 4552 et
1311 4491 1398 4570 Capri
1421 4502 1450 4553 et

1289 4592 1448 4672 Papperini

359 4697 483 4775 igroecii
493 4697 641 4776 (Agroecii,
655 4699 762 4758 addito
774 4699 806 4757 in
817 4713 915 4773 neore.
930 4698 952 4756 ei
961 4697 1040 4775 noto)
1060 4703 1090 4756 ot
1106 4589 1272 4896 analogia{
1352 4702 1382 4755 et

1289 4797 1432 4860 Victorini
