<?xml version="1.0" encoding="UTF-8"?>
<!DOCTYPE html PUBLIC "-//W3C//DTD XHTML 1.0 Transitional//EN"
    "http://www.w3.org/TR/xhtml1/DTD/xhtml1-transitional.dtd">
<html xmlns="http://www.w3.org/1999/xhtml" xml:lang="en" lang="en">
 <head>
  <title>
</title>
<meta http-equiv="Content-Type" content="text/html;charset=utf-8" />
  <meta name='ocr-system' content='tesseract 3.04.00' />
  <meta name='ocr-capabilities' content='ocr_page ocr_carea ocr_par ocr_line ocrx_word'/>
</head>
<body>
  <div class='ocr_page' id='page_1' title='image "./grammaticilatin00hagagoog_0216.png"; bbox 0 0 3394 5448; ppageno 0'>
   <div class='ocr_carea' id='block_1_1' title="bbox 277 326 1279 396">
    <p class='ocr_par' dir='ltr' id='par_1_1' title="bbox 277 326 1279 396">
     <span class='ocr_line' id='line_1_1' title="bbox 277 326 1279 396; baseline -0.02 1"><span class='ocrx_word' id='word_1_1' title='bbox 277 347 380 396; x_wconf 79' lang='lat' dir='ltr'>CCXVI</span> <span class='ocrx_word' id='word_1_2' title='bbox 585 335 634 384; x_wconf 73' lang='lat' dir='ltr'><strong>Du</strong></span> <span class='ocrx_word' id='word_1_3' title='bbox 653 331 805 384; x_wconf 79' lang='lat' dir='ltr'>IVLIANO</span> <span class='ocrx_word' id='word_1_4' title='bbox 825 328 1021 380; x_wconf 80' lang='lat' dir='ltr'><strong>TOLE&#39;l&#39;ANO</strong></span> <span class='ocrx_word' id='word_1_5' title='bbox 1040 326 1279 380; x_wconf 78' lang='lat' dir='ltr'><strong>GRAMMATICO</strong></span> 
     </span>
    </p>
   </div>
   <div class='ocr_carea' id='block_1_2' title="bbox 277 515 1680 1209">
    <p class='ocr_par' dir='ltr' id='par_1_2' title="bbox 277 515 1680 1209">
     <span class='ocr_line' id='line_1_2' title="bbox 278 515 1562 603; baseline -0.007 -20"><span class='ocrx_word' id='word_1_6' title='bbox 278 521 424 603; x_wconf 88' lang='lat' dir='ltr'><strong>simplicia</strong></span> <span class='ocrx_word' id='word_1_7' title='bbox 447 523 494 584; x_wconf 92' lang='lat' dir='ltr'><strong>nis</strong></span> <span class='ocrx_word' id='word_1_8' title='bbox 515 519 625 602; x_wconf 76' lang='lat' dir='ltr'>syllaba</span> <span class='ocrx_word' id='word_1_9' title='bbox 648 521 802 581; x_wconf 89' lang='lat' dir='ltr'><strong>terminata</strong></span> <span class='ocrx_word' id='word_1_10' title='bbox 826 516 978 580; x_wconf 81' lang='lat' dir='ltr'><strong>masculini</strong></span> <span class='ocrx_word' id='word_1_11' title='bbox 1000 517 1118 597; x_wconf 78' lang='lat' dir='ltr'><strong>generis</strong></span> <span class='ocrx_word' id='word_1_12' title='bbox 1140 523 1216 585; x_wconf 89' lang='lat' dir='ltr'><strong>sunt,</strong></span> <span class='ocrx_word' id='word_1_13' title='bbox 1241 523 1274 578; x_wconf 89' lang='lat' dir='ltr'><strong>ut</strong></span> <span class='ocrx_word' id='word_1_14' title='bbox 1295 523 1366 596; x_wconf 90' lang='lat' dir='ltr'><strong>puta</strong></span> <span class='ocrx_word' id='word_1_15' title='bbox 1382 515 1466 594; x_wconf 90' lang='lat' dir='ltr'><strong>panis</strong></span> <span class='ocrx_word' id='word_1_16' title='bbox 1481 516 1562 576; x_wconf 90' lang='lat' dir='ltr'><strong>crinis</strong></span> 
     </span>
     <span class='ocr_line' id='line_1_3' title="bbox 277 600 1562 687; baseline -0.007 -19"><span class='ocrx_word' id='word_1_17' title='bbox 277 609 382 670; x_wconf 89' lang='lat' dir='ltr'><strong>amnis.</strong></span> <span class='ocrx_word' id='word_1_18' title='bbox 427 604 705 687; x_wconf 75' lang='lat' dir='ltr'><strong>Stirpsqoomodo?</strong></span> <span class='ocrx_word' id='word_1_19' title='bbox 747 605 908 685; x_wconf 76' lang='lat' dir='ltr'><strong>‘Stirpis</strong></span> <span class='ocrx_word' id='word_1_20' title='bbox 931 611 967 664; x_wconf 88' lang='lat' dir='ltr'><strong>et</strong></span> <span class='ocrx_word' id='word_1_21' title='bbox 988 601 1011 683; x_wconf 93' lang='lat'>†</span> <span class='ocrx_word' id='word_1_22' title='bbox 1033 604 1161 683; x_wconf 80' lang='lat' dir='ltr'><strong>optino</strong></span> <span class='ocrx_word' id='word_1_23' title='bbox 1184 600 1338 664; x_wconf 90' lang='lat' dir='ltr'><strong>meliore</strong></span> <span class='ocrx_word' id='word_1_24' title='bbox 1362 602 1562 679; x_wconf 81' lang='lat' dir='ltr'><strong>propagine</strong></span> 
     </span>
     <span class='ocr_line' id='line_1_4' title="bbox 277 689 802 771; baseline -0.01 -16"><span class='ocrx_word' id='word_1_25' title='bbox 277 692 477 756; x_wconf 62' lang='lat' dir='ltr'><strong>colendos?</strong></span> <span class='ocrx_word' id='word_1_26' title='bbox 523 692 613 753; x_wconf 92' lang='lat' dir='ltr'><strong>Pinus</strong></span> <span class='ocrx_word' id='word_1_27' title='bbox 635 689 802 771; x_wconf 83' lang='lat' dir='ltr'><strong>quomodo?</strong></span> 
     </span>
     <span class='ocr_line' id='line_1_5' title="bbox 430 789 1443 870; baseline -0.006 -16"><span class='ocrx_word' id='word_1_28' title='bbox 430 794 613 855; x_wconf 81' lang='lat' dir='ltr'><strong>Fraxinus</strong></span> <span class='ocrx_word' id='word_1_29' title='bbox 634 794 670 852; x_wconf 94' lang='lat' dir='ltr'><strong>in</strong></span> <span class='ocrx_word' id='word_1_30' title='bbox 693 791 805 852; x_wconf 88' lang='lat' dir='ltr'><strong>siluis</strong></span> <span class='ocrx_word' id='word_1_31' title='bbox 828 789 1100 870; x_wconf 91' lang='lat' dir='ltr'><strong>pulcherrima,</strong></span> <span class='ocrx_word' id='word_1_32' title='bbox 1124 790 1231 867; x_wconf 86' lang='lat' dir='ltr'><strong>pinus</strong></span> <span class='ocrx_word' id='word_1_33' title='bbox 1253 791 1288 849; x_wconf 89' lang='lat' dir='ltr'><strong>in</strong></span> <span class='ocrx_word' id='word_1_34' title='bbox 1312 789 1443 849; x_wconf 88' lang='lat' dir='ltr'><strong>hortis.</strong></span> 
     </span>
     <span class='ocr_line' id='line_1_6' title="bbox 277 870 1679 993; baseline -0.012 -51"><span class='ocrx_word' id='word_1_35' title='bbox 277 881 437 960; x_wconf 86' lang='lat' dir='ltr'><strong>Pampinus</strong></span> <span class='ocrx_word' id='word_1_36' title='bbox 459 878 625 958; x_wconf 84' lang='lat' dir='ltr'><strong>quomodo?</strong></span> <span class='ocrx_word' id='word_1_37' title='bbox 1574 887 1586 926; x_wconf 76' lang='lat' dir='ltr'><strong>a</strong></span> <span class='ocrx_word' id='word_1_38' title='bbox 1671 870 1679 993; x_wconf 72' lang='grc' dir='ltr'>Ι</span> 
     </span>
     <span class='ocr_line' id='line_1_7' title="bbox 427 962 1320 1042; baseline -0.008 -17"><span class='ocrx_word' id='word_1_39' title='bbox 427 965 629 1042; x_wconf 90' lang='lat' dir='ltr'><strong>Pampinus</strong></span> <span class='ocrx_word' id='word_1_40' title='bbox 652 962 800 1022; x_wconf 90' lang='lat' dir='ltr'><strong>nuilera</strong></span> <span class='ocrx_word' id='word_1_41' title='bbox 823 962 1122 1028; x_wconf 87' lang='lat' dir='ltr'><strong>nitissarmenta</strong></span> <span class='ocrx_word' id='word_1_42' title='bbox 1147 962 1320 1021; x_wconf 89' lang='lat' dir='ltr'><strong>reuestit.</strong></span> 
     </span>
     <span class='ocr_line' id='line_1_8' title="bbox 278 1032 1680 1173; baseline -0.014 -61"><span class='ocrx_word' id='word_1_43' title='bbox 278 1051 346 1112; x_wconf 85' lang='lat' dir='ltr'><strong>Dies</strong></span> <span class='ocrx_word' id='word_1_44' title='bbox 368 1048 535 1130; x_wconf 78' lang='lat' dir='ltr'><strong>quomodo?</strong></span> <span class='ocrx_word' id='word_1_45' title='bbox 1672 1032 1680 1173; x_wconf 59' lang='lat'>⁴</span> 
     </span>
     <span class='ocr_line' id='line_1_9' title="bbox 429 1130 1390 1209; baseline -0.005 -15"><span class='ocrx_word' id='word_1_46' title='bbox 429 1134 572 1195; x_wconf 87' lang='lat' dir='ltr'><strong>Primus</strong></span> <span class='ocrx_word' id='word_1_47' title='bbox 596 1135 631 1192; x_wconf 92' lang='lat' dir='ltr'><strong>in</strong></span> <span class='ocrx_word' id='word_1_48' title='bbox 655 1131 748 1193; x_wconf 91' lang='lat' dir='ltr'><strong>orbe</strong></span> <span class='ocrx_word' id='word_1_49' title='bbox 771 1131 973 1192; x_wconf 86' lang='lat' dir='ltr'><strong>dieslucis</strong></span> <span class='ocrx_word' id='word_1_50' title='bbox 995 1130 1202 1209; x_wconf 86' lang='lat' dir='ltr'><strong>primordia</strong></span> <span class='ocrx_word' id='word_1_51' title='bbox 1225 1131 1390 1209; x_wconf 91' lang='lat' dir='ltr'><strong>sumpsit.</strong></span> 
     </span>
    </p>
   </div>
   <div class='ocr_carea' id='block_1_3' title="bbox 277 1218 1394 1371">
    <p class='ocr_par' dir='ltr' id='par_1_3' title="bbox 277 1218 1394 1371">
     <span class='ocr_line' id='line_1_10' title="bbox 277 1218 364 1280; baseline -0.023 0"><span class='ocrx_word' id='word_1_52' title='bbox 277 1218 364 1280; x_wconf 86' lang='lat' dir='ltr'><strong>ltem:</strong></span> 
     </span>
     <span class='ocr_line' id='line_1_11' title="bbox 427 1299 1394 1371; baseline -0.005 -6"><span class='ocrx_word' id='word_1_53' title='bbox 427 1305 548 1365; x_wconf 92' lang='lat' dir='ltr'><strong>Prima</strong></span> <span class='ocrx_word' id='word_1_54' title='bbox 573 1302 653 1362; x_wconf 91' lang='lat' dir='ltr'><strong>dies</strong></span> <span class='ocrx_word' id='word_1_55' title='bbox 675 1301 739 1363; x_wconf 81' lang='lat' dir='ltr'><strong>lux</strong></span> <span class='ocrx_word' id='word_1_56' title='bbox 762 1309 816 1362; x_wconf 89' lang='lat' dir='ltr'><strong>est</strong></span> <span class='ocrx_word' id='word_1_57' title='bbox 839 1303 976 1371; x_wconf 86' lang='lat' dir='ltr'><strong>terris,</strong></span> <span class='ocrx_word' id='word_1_58' title='bbox 1001 1318 1098 1360; x_wconf 86' lang='lat' dir='ltr'><strong>mors</strong></span> <span class='ocrx_word' id='word_1_59' title='bbox 1121 1317 1189 1361; x_wconf 89' lang='lat' dir='ltr'><strong>una</strong></span> <span class='ocrx_word' id='word_1_60' title='bbox 1211 1299 1394 1360; x_wconf 86' lang='lat' dir='ltr'><strong>tenebris.</strong></span> 
     </span>
    </p>
   </div>
   <div class='ocr_carea' id='block_1_4' title="bbox 276 1401 1599 2014">
    <p class='ocr_par' dir='ltr' id='par_1_4' title="bbox 276 1401 1599 2014">
     <span class='ocr_line' id='line_1_12' title="bbox 279 1401 1565 1482; baseline -0.005 -15"><span class='ocrx_word' id='word_1_61' title='bbox 279 1407 356 1468; x_wconf 84' lang='lat' dir='ltr'><strong>Sunt</strong></span> <span class='ocrx_word' id='word_1_62' title='bbox 376 1407 481 1466; x_wconf 82' lang='lat' dir='ltr'><strong>incerti</strong></span> <span class='ocrx_word' id='word_1_63' title='bbox 504 1405 622 1482; x_wconf 79' lang='lat' dir='ltr'><strong>generis</strong></span> <span class='ocrx_word' id='word_1_64' title='bbox 644 1405 722 1464; x_wconf 89' lang='lat' dir='ltr'><strong>inter</strong></span> <span class='ocrx_word' id='word_1_65' title='bbox 745 1402 937 1464; x_wconf 89' lang='lat' dir='ltr'><strong>masculinum</strong></span> <span class='ocrx_word' id='word_1_66' title='bbox 961 1411 990 1462; x_wconf 92' lang='lat' dir='ltr'><strong>et</strong></span> <span class='ocrx_word' id='word_1_67' title='bbox 1012 1411 1161 1473; x_wconf 82' lang='lat' dir='ltr'><strong>neutrum,</strong></span> <span class='ocrx_word' id='word_1_68' title='bbox 1185 1410 1217 1463; x_wconf 90' lang='lat' dir='ltr'><strong>ut</strong></span> <span class='ocrx_word' id='word_1_69' title='bbox 1239 1402 1355 1462; x_wconf 89' lang='lat' dir='ltr'><strong>irenum</strong></span> <span class='ocrx_word' id='word_1_70' title='bbox 1371 1401 1484 1482; x_wconf 89' lang='lat' dir='ltr'><strong>clipeus</strong></span> <span class='ocrx_word' id='word_1_71' title='bbox 1506 1402 1565 1462; x_wconf 92' lang='lat' dir='ltr'><strong>uol-</strong></span> 
     </span>
     <span class='ocr_line' id='line_1_13' title="bbox 276 1481 1564 1571; baseline -0.005 -19"><span class='ocrx_word' id='word_1_72' title='bbox 276 1507 332 1569; x_wconf 82' lang='lat' dir='ltr'><strong>gus</strong></span> <span class='ocrx_word' id='word_1_73' title='bbox 360 1508 478 1571; x_wconf 89' lang='lat' dir='ltr'><strong>specus.</strong></span> <span class='ocrx_word' id='word_1_74' title='bbox 522 1488 697 1561; x_wconf 78' lang='lat' dir='ltr'><strong>Quomodo?</strong></span> <span class='ocrx_word' id='word_1_75' title='bbox 742 1488 814 1559; x_wconf 87' lang='lat' dir='ltr'><strong>Quia</strong></span> <span class='ocrx_word' id='word_1_76' title='bbox 845 1497 874 1547; x_wconf 92' lang='lat' dir='ltr'><strong>et</strong></span> <span class='ocrx_word' id='word_1_77' title='bbox 900 1487 1056 1549; x_wconf 83' lang='lat' dir='ltr'><strong>masculini</strong></span> <span class='ocrx_word' id='word_1_78' title='bbox 1084 1489 1202 1566; x_wconf 80' lang='lat' dir='ltr'><strong>generis</strong></span> <span class='ocrx_word' id='word_1_79' title='bbox 1229 1481 1379 1549; x_wconf 85' lang='lat' dir='ltr'><strong>inuenitur</strong></span> <span class='ocrx_word' id='word_1_80' title='bbox 1408 1497 1437 1548; x_wconf 88' lang='lat' dir='ltr'><strong>et</strong></span> <span class='ocrx_word' id='word_1_81' title='bbox 1465 1488 1564 1547; x_wconf 90' lang='lat' dir='ltr'><strong>nentri.</strong></span> 
     </span>
     <span class='ocr_line' id='line_1_14' title="bbox 276 1575 1283 1654; baseline -0.013 -17"><span class='ocrx_word' id='word_1_82' title='bbox 276 1576 405 1638; x_wconf 86' lang='lat' dir='ltr'><strong>Frenum</strong></span> <span class='ocrx_word' id='word_1_83' title='bbox 428 1575 595 1654; x_wconf 76' lang='lat' dir='ltr'><strong>quomodo?</strong></span> <span class='ocrx_word' id='word_1_84' title='bbox 1280 1585 1283 1591; x_wconf 90' lang='lat'>·</span> 
     </span>
     <span class='ocr_line' id='line_1_15' title="bbox 428 1656 1402 1721; baseline -0.002 0"><span class='ocrx_word' id='word_1_85' title='bbox 428 1660 499 1721; x_wconf 89' lang='lat' dir='ltr'><strong>Nec</strong></span> <span class='ocrx_word' id='word_1_86' title='bbox 521 1677 591 1720; x_wconf 93' lang='lat' dir='ltr'><strong>non</strong></span> <span class='ocrx_word' id='word_1_87' title='bbox 614 1667 650 1719; x_wconf 89' lang='lat' dir='ltr'><strong>et</strong></span> <span class='ocrx_word' id='word_1_88' title='bbox 671 1656 832 1720; x_wconf 87' lang='lat' dir='ltr'><strong>stabulis</strong></span> <span class='ocrx_word' id='word_1_89' title='bbox 854 1658 983 1718; x_wconf 89' lang='lat' dir='ltr'><strong>lrenos</strong></span> <span class='ocrx_word' id='word_1_90' title='bbox 1006 1657 1138 1718; x_wconf 86' lang='lat' dir='ltr'><strong>audire</strong></span> <span class='ocrx_word' id='word_1_91' title='bbox 1161 1665 1350 1719; x_wconf 89' lang='lat' dir='ltr'><strong>sonantes.</strong></span> <span class='ocrx_word' id='word_1_92' title='bbox 1398 1681 1402 1696; x_wconf 86' lang='lat'>·</span> 
     </span>
     <span class='ocr_line' id='line_1_16' title="bbox 276 1743 1599 1827; baseline -0.001 -21"><span class='ocrx_word' id='word_1_93' title='bbox 276 1745 312 1806; x_wconf 86' lang='lat' dir='ltr'><strong>Et</strong></span> <span class='ocrx_word' id='word_1_94' title='bbox 334 1747 364 1806; x_wconf 93' lang='lat' dir='ltr'><strong>in</strong></span> <span class='ocrx_word' id='word_1_95' title='bbox 388 1743 568 1827; x_wconf 88' lang='lat' dir='ltr'><strong>pluralitate:</strong></span> <span class='ocrx_word' id='word_1_96' title='bbox 702 1767 709 1778; x_wconf 93' lang='lat'><strong>·</strong></span> <span class='ocrx_word' id='word_1_97' title='bbox 1478 1794 1488 1805; x_wconf 96' lang='lat'>.</span> <span class='ocrx_word' id='word_1_98' title='bbox 1579 1751 1599 1789; x_wconf 81' lang='lat'><strong>¹⁵</strong></span> 
     </span>
     <span class='ocr_line' id='line_1_17' title="bbox 429 1828 1419 1908; baseline -0.002 -18"><span class='ocrx_word' id='word_1_99' title='bbox 429 1829 547 1891; x_wconf 83' lang='lat' dir='ltr'><strong>Frena</strong></span> <span class='ocrx_word' id='word_1_100' title='bbox 569 1829 819 1908; x_wconf 85' lang='lat' dir='ltr'><strong>regendorum</strong></span> <span class='ocrx_word' id='word_1_101' title='bbox 841 1829 986 1889; x_wconf 91' lang='lat' dir='ltr'><strong>retinet</strong></span> <span class='ocrx_word' id='word_1_102' title='bbox 1007 1828 1229 1888; x_wconf 86' lang='lat' dir='ltr'><strong>firmissima</strong></span> <span class='ocrx_word' id='word_1_103' title='bbox 1253 1844 1419 1905; x_wconf 85' lang='lat' dir='ltr'><strong>regnum.</strong></span> 
     </span>
     <span class='ocr_line' id='line_1_18' title="bbox 280 1929 1434 2014; baseline -0.003 -20"><span class='ocrx_word' id='word_1_104' title='bbox 280 1932 398 2014; x_wconf 88' lang='lat' dir='ltr'><strong>Clipeos</strong></span> <span class='ocrx_word' id='word_1_105' title='bbox 421 1931 589 2013; x_wconf 84' lang='lat' dir='ltr'><strong>quomodo?</strong></span> <span class='ocrx_word' id='word_1_106' title='bbox 633 1930 802 2011; x_wconf 79' lang='lat' dir='ltr'><strong>‘Clipeos</strong></span> <span class='ocrx_word' id='word_1_107' title='bbox 825 1937 860 1990; x_wconf 89' lang='lat' dir='ltr'><strong>et</strong></span> <span class='ocrx_word' id='word_1_108' title='bbox 881 1929 987 1991; x_wconf 91' lang='lat' dir='ltr'><strong>hasta</strong></span> <span class='ocrx_word' id='word_1_109' title='bbox 1008 1931 1039 1990; x_wconf 91' lang='lat' dir='ltr'><strong>si</strong></span> <span class='ocrx_word' id='word_1_110' title='bbox 1061 1932 1300 2010; x_wconf 62' lang='lat' dir='ltr'><strong>apparuerit!</strong></span> <span class='ocrx_word' id='word_1_111' title='bbox 1346 1930 1434 1992; x_wconf 86' lang='lat' dir='ltr'><strong>item:</strong></span> 
     </span>
    </p>
   </div>
   <div class='ocr_carea' id='block_1_5' title="bbox 428 2030 1425 2112">
    <p class='ocr_par' dir='ltr' id='par_1_5' title="bbox 428 2030 1425 2112">
     <span class='ocr_line' id='line_1_19' title="bbox 428 2030 1425 2112; baseline -0.001 -18"><span class='ocrx_word' id='word_1_112' title='bbox 428 2033 565 2112; x_wconf 83' lang='lat' dir='ltr'><strong>Vulgus</strong></span> <span class='ocrx_word' id='word_1_113' title='bbox 588 2039 623 2092; x_wconf 90' lang='lat' dir='ltr'><strong>et</strong></span> <span class='ocrx_word' id='word_1_114' title='bbox 645 2034 878 2093; x_wconf 91' lang='lat' dir='ltr'><strong>innumerum</strong></span> <span class='ocrx_word' id='word_1_115' title='bbox 901 2030 1077 2093; x_wconf 89' lang='lat' dir='ltr'><strong>releuans</strong></span> <span class='ocrx_word' id='word_1_116' title='bbox 1099 2031 1141 2093; x_wconf 93' lang='lat' dir='ltr'><strong>ad</strong></span> <span class='ocrx_word' id='word_1_117' title='bbox 1165 2031 1289 2093; x_wconf 86' lang='lat' dir='ltr'><strong>sidero</strong></span> <span class='ocrx_word' id='word_1_118' title='bbox 1311 2032 1425 2093; x_wconf 82' lang='lat' dir='ltr'><strong>drrxit.</strong></span> 
     </span>
    </p>
   </div>
   <div class='ocr_carea' id='block_1_6' title="bbox 277 2131 1603 2570">
    <p class='ocr_par' dir='ltr' id='par_1_6' title="bbox 277 2131 1603 2570">
     <span class='ocr_line' id='line_1_20' title="bbox 367 2131 1568 2235; baseline -0.001 -23"><span class='ocrx_word' id='word_1_119' title='bbox 367 2147 521 2235; x_wconf 73' lang='lat' dir='ltr'><strong>lli88²ll</strong></span> <span class='ocrx_word' id='word_1_120' title='bbox 543 2151 688 2230; x_wconf 86' lang='lat' dir='ltr'><strong>Quicquid</strong></span> <span class='ocrx_word' id='word_1_121' title='bbox 718 2131 752 2211; x_wconf 80' lang='lat' dir='ltr'><strong>ad</strong></span> <span class='ocrx_word' id='word_1_122' title='bbox 783 2169 952 2212; x_wconf 86' lang='lat' dir='ltr'><strong>mensuram</strong></span> <span class='ocrx_word' id='word_1_123' title='bbox 980 2150 1028 2212; x_wconf 90' lang='lat' dir='ltr'><strong>uel</strong></span> <span class='ocrx_word' id='word_1_124' title='bbox 1062 2150 1097 2211; x_wconf 87' lang='lat' dir='ltr'><strong>ad</strong></span> <span class='ocrx_word' id='word_1_125' title='bbox 1129 2149 1245 2229; x_wconf 90' lang='lat' dir='ltr'><strong>pondus</strong></span> <span class='ocrx_word' id='word_1_126' title='bbox 1277 2153 1421 2231; x_wconf 87' lang='lat' dir='ltr'><strong>pertinet,</strong></span> <span class='ocrx_word' id='word_1_127' title='bbox 1456 2153 1568 2230; x_wconf 83' lang='lat' dir='ltr'><strong>generis</strong></span> 
     </span>
     <span class='ocr_line' id='line_1_21' title="bbox 277 2234 1603 2317; baseline 0 -17"><span class='ocrx_word' id='word_1_128' title='bbox 277 2245 347 2300; x_wconf 89' lang='lat' dir='ltr'><strong>snut</strong></span> <span class='ocrx_word' id='word_1_129' title='bbox 371 2239 469 2299; x_wconf 87' lang='lat' dir='ltr'><strong>neutri</strong></span> <span class='ocrx_word' id='word_1_130' title='bbox 492 2243 522 2296; x_wconf 89' lang='lat' dir='ltr'><strong>et</strong></span> <span class='ocrx_word' id='word_1_131' title='bbox 543 2253 661 2316; x_wconf 91' lang='lat' dir='ltr'><strong>semper</strong></span> <span class='ocrx_word' id='word_1_132' title='bbox 683 2235 915 2314; x_wconf 72' lang='lat' dir='ltr'><strong>singularitatem</strong></span> <span class='ocrx_word' id='word_1_133' title='bbox 939 2234 1050 2296; x_wconf 82' lang='lat' dir='ltr'><strong>liabent</strong></span> <span class='ocrx_word' id='word_1_134' title='bbox 1077 2245 1106 2296; x_wconf 92' lang='lat' dir='ltr'><strong>et</strong></span> <span class='ocrx_word' id='word_1_135' title='bbox 1133 2255 1192 2296; x_wconf 89' lang='lat' dir='ltr'><strong>non</strong></span> <span class='ocrx_word' id='word_1_136' title='bbox 1222 2234 1420 2314; x_wconf 76' lang='lat' dir='ltr'><strong>pluralitatem</strong></span> <span class='ocrx_word' id='word_1_137' title='bbox 1450 2247 1603 2317; x_wconf 79' lang='lat' dir='ltr'><strong>exceptore</strong></span> 
     </span>
     <span class='ocr_line' id='line_1_22' title="bbox 281 2319 1566 2403; baseline -0.002 -19"><span class='ocrx_word' id='word_1_138' title='bbox 281 2322 357 2392; x_wconf 86' lang='lat' dir='ltr'><strong>‘sal&#39;,</strong></span> <span class='ocrx_word' id='word_1_139' title='bbox 381 2321 458 2402; x_wconf 88' lang='lat' dir='ltr'><strong>quod</strong></span> <span class='ocrx_word' id='word_1_140' title='bbox 481 2329 526 2382; x_wconf 86' lang='lat' dir='ltr'><strong>est</strong></span> <span class='ocrx_word' id='word_1_141' title='bbox 547 2323 665 2400; x_wconf 82' lang='lat' dir='ltr'><strong>generis</strong></span> <span class='ocrx_word' id='word_1_142' title='bbox 688 2321 843 2382; x_wconf 87' lang='lat' dir='ltr'><strong>masculini</strong></span> <span class='ocrx_word' id='word_1_143' title='bbox 866 2330 896 2382; x_wconf 90' lang='lat' dir='ltr'><strong>et</strong></span> <span class='ocrx_word' id='word_1_144' title='bbox 917 2319 1060 2402; x_wconf 87' lang='lat' dir='ltr'><strong>pluralem</strong></span> <span class='ocrx_word' id='word_1_145' title='bbox 1084 2323 1199 2401; x_wconf 84' lang='lat' dir='ltr'><strong>recipit.</strong></span> <span class='ocrx_word' id='word_1_146' title='bbox 1245 2321 1286 2382; x_wconf 84' lang='lat' dir='ltr'><strong>lla</strong></span> <span class='ocrx_word' id='word_1_147' title='bbox 1309 2323 1373 2382; x_wconf 89' lang='lat' dir='ltr'><strong>eius</strong></span> <span class='ocrx_word' id='word_1_148' title='bbox 1395 2321 1566 2403; x_wconf 77' lang='lat' dir='ltr'><strong>exemplum.</strong></span> 
     </span>
     <span class='ocr_line' id='line_1_23' title="bbox 277 2405 1566 2486; baseline -0.002 -17"><span class='ocrx_word' id='word_1_149' title='bbox 277 2408 400 2470; x_wconf 79' lang='lat' dir='ltr'><strong>‘Sales</strong></span> <span class='ocrx_word' id='word_1_150' title='bbox 430 2409 486 2468; x_wconf 91' lang='lat' dir='ltr'><strong>tui</strong></span> <span class='ocrx_word' id='word_1_151' title='bbox 515 2408 596 2467; x_wconf 91' lang='lat' dir='ltr'><strong>sine</strong></span> <span class='ocrx_word' id='word_1_152' title='bbox 626 2405 737 2466; x_wconf 90' lang='lat' dir='ltr'><strong>dente</strong></span> <span class='ocrx_word' id='word_1_153' title='bbox 766 2408 869 2467; x_wconf 91' lang='lat' dir='ltr'><strong>sint.&#39;</strong></span> <span class='ocrx_word' id='word_1_154' title='bbox 916 2407 950 2467; x_wconf 84' lang='lat' dir='ltr'><strong>Et</strong></span> <span class='ocrx_word' id='word_1_155' title='bbox 973 2405 1074 2475; x_wconf 77' lang='lat' dir='ltr'><strong>‘laba&#39;‚</strong></span> <span class='ocrx_word' id='word_1_156' title='bbox 1104 2406 1182 2486; x_wconf 87' lang='lat' dir='ltr'><strong>quod</strong></span> <span class='ocrx_word' id='word_1_157' title='bbox 1211 2416 1255 2468; x_wconf 90' lang='lat' dir='ltr'><strong>est</strong></span> <span class='ocrx_word' id='word_1_158' title='bbox 1284 2409 1401 2486; x_wconf 84' lang='lat' dir='ltr'><strong>generis</strong></span> <span class='ocrx_word' id='word_1_159' title='bbox 1430 2409 1566 2469; x_wconf 84' lang='lat' dir='ltr'><strong>seminini.</strong></span> 
     </span>
     <span class='ocr_line' id='line_1_24' title="bbox 278 2491 605 2570; baseline -0.009 -16"><span class='ocrx_word' id='word_1_160' title='bbox 278 2493 318 2554; x_wconf 86' lang='lat' dir='ltr'><strong>lla</strong></span> <span class='ocrx_word' id='word_1_161' title='bbox 341 2495 403 2554; x_wconf 90' lang='lat' dir='ltr'><strong>eius</strong></span> <span class='ocrx_word' id='word_1_162' title='bbox 427 2491 605 2570; x_wconf 82' lang='lat' dir='ltr'><strong>exemplum.</strong></span> 
     </span>
    </p>
   </div>
   <div class='ocr_carea' id='block_1_7' title="bbox 430 2592 1604 2758">
    <p class='ocr_par' dir='ltr' id='par_1_7' title="bbox 430 2592 1604 2758">
     <span class='ocr_line' id='line_1_25' title="bbox 430 2592 1299 2673; baseline 0.001 -18"><span class='ocrx_word' id='word_1_163' title='bbox 430 2595 537 2655; x_wconf 85' lang='lat' dir='ltr'><strong>Disce</strong></span> <span class='ocrx_word' id='word_1_164' title='bbox 558 2592 761 2654; x_wconf 71' lang='lat' dir='ltr'><strong>libens...</strong></span> <span class='ocrx_word' id='word_1_165' title='bbox 789 2592 991 2673; x_wconf 88' lang='lat' dir='ltr'><strong>pallentem</strong></span> <span class='ocrx_word' id='word_1_166' title='bbox 1014 2613 1158 2656; x_wconf 91' lang='lat' dir='ltr'><strong>sumere</strong></span> <span class='ocrx_word' id='word_1_167' title='bbox 1181 2593 1299 2656; x_wconf 87' lang='lat' dir='ltr'><strong>labam</strong></span> 
     </span>
     <span class='ocr_line' id='line_1_26' title="bbox 431 2679 1604 2758; baseline 0.001 -18"><span class='ocrx_word' id='word_1_168' title='bbox 431 2679 617 2740; x_wconf 83' lang='lat' dir='ltr'><strong>Nutricem</strong></span> <span class='ocrx_word' id='word_1_169' title='bbox 642 2680 748 2741; x_wconf 93' lang='lat' dir='ltr'><strong>uocis</strong></span> <span class='ocrx_word' id='word_1_170' title='bbox 770 2679 1032 2740; x_wconf 89' lang='lat' dir='ltr'><strong>monachornm</strong></span> <span class='ocrx_word' id='word_1_171' title='bbox 1056 2698 1200 2758; x_wconf 89' lang='lat' dir='ltr'><strong>semper</strong></span> <span class='ocrx_word' id='word_1_172' title='bbox 1223 2683 1385 2741; x_wconf 87' lang='lat' dir='ltr'><strong>amicam.</strong></span> <span class='ocrx_word' id='word_1_173' title='bbox 1583 2685 1604 2722; x_wconf 74' lang='lat'><strong>²³</strong></span> 
     </span>
    </p>
   </div>
   <div class='ocr_carea' id='block_1_8' title="bbox 818 2877 1094 2986">
    <p class='ocr_par' dir='ltr' id='par_1_8' title="bbox 818 2877 1094 2986">
     <span class='ocr_line' id='line_1_27' title="bbox 818 2877 1094 2986; baseline 0 -10"><span class='ocrx_word' id='word_1_174' title='bbox 818 2877 865 2976; x_wconf 82' lang='lat' dir='ltr'><strong>na</strong></span> <span class='ocrx_word' id='word_1_175' title='bbox 888 2917 1032 2977; x_wconf 78' lang='lat' dir='ltr'><strong>areval.</strong></span> <span class='ocrx_word' id='word_1_176' title='bbox 1091 2978 1094 2986; x_wconf 82' lang='grc'>,</span> 
     </span>
    </p>
   </div>
   <div class='ocr_carea' id='block_1_9' title="bbox 277 3082 1606 3593">
    <p class='ocr_par' dir='ltr' id='par_1_9' title="bbox 277 3082 1606 3593">
     <span class='ocr_line' id='line_1_28' title="bbox 364 3082 1571 3168; baseline 0.003 -22"><span class='ocrx_word' id='word_1_177' title='bbox 364 3083 377 3168; x_wconf 73' lang='lat' dir='ltr'><strong>ll</strong></span> <span class='ocrx_word' id='word_1_178' title='bbox 394 3087 413 3147; x_wconf 91' lang='lat' dir='ltr'><strong>l.</strong></span> <span class='ocrx_word' id='word_1_179' title='bbox 431 3082 493 3148; x_wconf 88' lang='lat' dir='ltr'><strong>88b</strong></span> <span class='ocrx_word' id='word_1_180' title='bbox 510 3084 521 3168; x_wconf 74' lang='lat' dir='ltr'><strong>ll</strong></span> <span class='ocrx_word' id='word_1_181' title='bbox 538 3085 610 3147; x_wconf 89' lang='lat' dir='ltr'><strong>item</strong></span> <span class='ocrx_word' id='word_1_182' title='bbox 631 3087 686 3154; x_wconf 67' lang='lat' dir='ltr'><strong>Fin&#39;</strong></span> <span class='ocrx_word' id='word_1_183' title='bbox 711 3088 891 3168; x_wconf 84' lang='lat' dir='ltr'><strong>praepositio</strong></span> <span class='ocrx_word' id='word_1_184' title='bbox 914 3095 973 3157; x_wconf 87' lang='lat' dir='ltr'><strong>est,</strong></span> <span class='ocrx_word' id='word_1_185' title='bbox 1003 3090 1063 3146; x_wconf 78' lang='lat' dir='ltr'><strong>‘ex&#39;</strong></span> <span class='ocrx_word' id='word_1_186' title='bbox 1089 3088 1266 3167; x_wconf 87' lang='lat' dir='ltr'><strong>praepositio</strong></span> <span class='ocrx_word' id='word_1_187' title='bbox 1291 3096 1349 3158; x_wconf 88' lang='lat' dir='ltr'><strong>est,</strong></span> <span class='ocrx_word' id='word_1_188' title='bbox 1378 3089 1571 3168; x_wconf 78' lang='lat' dir='ltr'><strong>‘pugnabilis&#39;</strong></span> 
     </span>
     <span class='ocr_line' id='line_1_29' title="bbox 278 3169 1572 3252; baseline 0.002 -20"><span class='ocrx_word' id='word_1_189' title='bbox 278 3189 385 3233; x_wconf 89' lang='lat' dir='ltr'><strong>nomen</strong></span> <span class='ocrx_word' id='word_1_190' title='bbox 409 3178 462 3232; x_wconf 91' lang='lat' dir='ltr'><strong>est.</strong></span> <span class='ocrx_word' id='word_1_191' title='bbox 507 3169 604 3242; x_wconf 86' lang='lat' dir='ltr'><strong>Quare</strong></span> <span class='ocrx_word' id='word_1_192' title='bbox 635 3173 755 3252; x_wconf 82' lang='lat' dir='ltr'><strong>‘pugna’</strong></span> <span class='ocrx_word' id='word_1_193' title='bbox 785 3191 843 3235; x_wconf 91' lang='lat' dir='ltr'><strong>una</strong></span> <span class='ocrx_word' id='word_1_194' title='bbox 872 3190 941 3252; x_wconf 89' lang='lat' dir='ltr'><strong>pars</strong></span> <span class='ocrx_word' id='word_1_195' title='bbox 969 3190 1028 3231; x_wconf 90' lang='lat' dir='ltr'><strong>non</strong></span> <span class='ocrx_word' id='word_1_196' title='bbox 1057 3181 1101 3233; x_wconf 92' lang='lat' dir='ltr'><strong>est</strong></span> <span class='ocrx_word' id='word_1_197' title='bbox 1130 3180 1159 3232; x_wconf 91' lang='lat' dir='ltr'><strong>et</strong></span> <span class='ocrx_word' id='word_1_198' title='bbox 1186 3170 1276 3232; x_wconf 85' lang='lat' dir='ltr'><strong>‘bilis&#39;</strong></span> <span class='ocrx_word' id='word_1_199' title='bbox 1305 3172 1381 3234; x_wconf 79' lang='lat' dir='ltr'><strong>alia?</strong></span> <span class='ocrx_word' id='word_1_200' title='bbox 1427 3175 1457 3234; x_wconf 93' lang='lat' dir='ltr'><strong>Si</strong></span> <span class='ocrx_word' id='word_1_201' title='bbox 1480 3193 1572 3252; x_wconf 84' lang='lat' dir='ltr'><strong>pern</strong></span> 
     </span>
     <span class='ocr_line' id='line_1_30' title="bbox 278 3254 1571 3337; baseline 0.002 -19"><span class='ocrx_word' id='word_1_202' title='bbox 278 3257 381 3318; x_wconf 88' lang='lat' dir='ltr'><strong>luisset</strong></span> <span class='ocrx_word' id='word_1_203' title='bbox 403 3254 561 3323; x_wconf 87' lang='lat' dir='ltr'><strong>scribtum,</strong></span> <span class='ocrx_word' id='word_1_204' title='bbox 592 3255 653 3317; x_wconf 90' lang='lat' dir='ltr'><strong>illut</strong></span> <span class='ocrx_word' id='word_1_205' title='bbox 677 3258 800 3337; x_wconf 79' lang='lat' dir='ltr'><strong>‘pugna&#39;</strong></span> <span class='ocrx_word' id='word_1_206' title='bbox 824 3255 968 3318; x_wconf 87' lang='lat' dir='ltr'><strong>debuerat</strong></span> <span class='ocrx_word' id='word_1_207' title='bbox 997 3274 1053 3318; x_wconf 91' lang='lat' dir='ltr'><strong>una</strong></span> <span class='ocrx_word' id='word_1_208' title='bbox 1078 3276 1146 3336; x_wconf 90' lang='lat' dir='ltr'><strong>pars</strong></span> <span class='ocrx_word' id='word_1_209' title='bbox 1169 3275 1232 3316; x_wconf 89' lang='lat' dir='ltr'><strong>esse</strong></span> <span class='ocrx_word' id='word_1_210' title='bbox 1255 3265 1285 3318; x_wconf 90' lang='lat' dir='ltr'><strong>et</strong></span> <span class='ocrx_word' id='word_1_211' title='bbox 1305 3256 1372 3318; x_wconf 91' lang='lat' dir='ltr'><strong>illnt</strong></span> <span class='ocrx_word' id='word_1_212' title='bbox 1394 3258 1486 3319; x_wconf 77' lang='lat' dir='ltr'><strong>‘uilis&#39;</strong></span> <span class='ocrx_word' id='word_1_213' title='bbox 1509 3258 1571 3329; x_wconf 88' lang='lat' dir='ltr'><strong>alia,</strong></span> 
     </span>
     <span class='ocr_line' id='line_1_31' title="bbox 277 3339 1606 3423; baseline 0.001 -21"><span class='ocrx_word' id='word_1_214' title='bbox 277 3341 328 3402; x_wconf 88' lang='lat' dir='ltr'><strong>sed</strong></span> <span class='ocrx_word' id='word_1_215' title='bbox 352 3343 419 3421; x_wconf 87' lang='lat' dir='ltr'><strong>quia</strong></span> <span class='ocrx_word' id='word_1_216' title='bbox 442 3359 497 3420; x_wconf 88' lang='lat' dir='ltr'><strong>per</strong></span> <span class='ocrx_word' id='word_1_217' title='bbox 521 3339 712 3411; x_wconf 75' lang='lat' dir='ltr'><strong>ascribitur,</strong></span> <span class='ocrx_word' id='word_1_218' title='bbox 736 3342 809 3403; x_wconf 85' lang='lat' dir='ltr'><strong>nihil</strong></span> <span class='ocrx_word' id='word_1_219' title='bbox 833 3351 886 3406; x_wconf 88' lang='lat' dir='ltr'><strong>est.</strong></span> <span class='ocrx_word' id='word_1_220' title='bbox 931 3341 988 3402; x_wconf 91' lang='lat' dir='ltr'><strong>lsta</strong></span> <span class='ocrx_word' id='word_1_221' title='bbox 1012 3345 1146 3410; x_wconf 89' lang='lat' dir='ltr'><strong>nomina,</strong></span> <span class='ocrx_word' id='word_1_222' title='bbox 1171 3341 1252 3403; x_wconf 94' lang='lat' dir='ltr'><strong>uelut</strong></span> <span class='ocrx_word' id='word_1_223' title='bbox 1273 3345 1304 3402; x_wconf 92' lang='lat' dir='ltr'><strong>in</strong></span> <span class='ocrx_word' id='word_1_224' title='bbox 1327 3345 1424 3423; x_wconf 93' lang='lat' dir='ltr'><strong>primo</strong></span> <span class='ocrx_word' id='word_1_225' title='bbox 1449 3352 1606 3405; x_wconf 81' lang='lat' dir='ltr'><strong>tractatum</strong></span> 
     </span>
     <span class='ocr_line' id='line_1_32' title="bbox 278 3426 1603 3508; baseline 0.002 -22"><span class='ocrx_word' id='word_1_226' title='bbox 278 3427 416 3487; x_wconf 89' lang='lat' dir='ltr'><strong>adnotata</strong></span> <span class='ocrx_word' id='word_1_227' title='bbox 445 3433 528 3495; x_wconf 91' lang='lat' dir='ltr'><strong>sunt,</strong></span> <span class='ocrx_word' id='word_1_228' title='bbox 552 3427 590 3486; x_wconf 91' lang='lat' dir='ltr'><strong>ita</strong></span> <span class='ocrx_word' id='word_1_229' title='bbox 620 3435 649 3486; x_wconf 88' lang='lat' dir='ltr'><strong>et</strong></span> <span class='ocrx_word' id='word_1_230' title='bbox 676 3426 725 3487; x_wconf 87' lang='lat' dir='ltr'><strong>lric</strong></span> <span class='ocrx_word' id='word_1_231' title='bbox 747 3428 915 3508; x_wconf 89' lang='lat' dir='ltr'><strong>quaerenda</strong></span> <span class='ocrx_word' id='word_1_232' title='bbox 937 3435 1021 3498; x_wconf 89' lang='lat' dir='ltr'><strong>sunt,</strong></span> <span class='ocrx_word' id='word_1_233' title='bbox 1051 3427 1102 3488; x_wconf 89' lang='lat' dir='ltr'><strong>sed</strong></span> <span class='ocrx_word' id='word_1_234' title='bbox 1126 3427 1245 3506; x_wconf 82' lang='lat' dir='ltr'><strong>longum</strong></span> <span class='ocrx_word' id='word_1_235' title='bbox 1269 3427 1483 3505; x_wconf 65' lang='lat' dir='ltr'><strong>suscribere,</strong></span> <span class='ocrx_word' id='word_1_236' title='bbox 1508 3433 1571 3508; x_wconf 88' lang='lat' dir='ltr'><strong>quia</strong></span> <span class='ocrx_word' id='word_1_237' title='bbox 1600 3457 1603 3462; x_wconf 90' lang='lat'><em>·</em></span> 
     </span>
     <span class='ocr_line' id='line_1_33' title="bbox 279 3510 1052 3593; baseline 0.003 -23"><span class='ocrx_word' id='word_1_238' title='bbox 279 3530 345 3572; x_wconf 92' lang='lat' dir='ltr'><strong>rare</strong></span> <span class='ocrx_word' id='word_1_239' title='bbox 368 3511 454 3572; x_wconf 88' lang='lat' dir='ltr'><strong>nobis</strong></span> <span class='ocrx_word' id='word_1_240' title='bbox 476 3526 656 3591; x_wconf 78' lang='lat' dir='ltr'><strong>pergamena</strong></span> <span class='ocrx_word' id='word_1_241' title='bbox 679 3510 843 3591; x_wconf 82' lang='lat' dir='ltr'><strong>largiuntur</strong></span> <span class='ocrx_word' id='word_1_242' title='bbox 865 3533 881 3573; x_wconf 94' lang='lat' dir='ltr'><strong>a</strong></span> <span class='ocrx_word' id='word_1_243' title='bbox 904 3511 1052 3593; x_wconf 88' lang='lat' dir='ltr'><strong>Principe.</strong></span> 
     </span>
    </p>
   </div>
   <div class='ocr_carea' id='block_1_10' title="bbox 824 3748 1030 3811">
    <p class='ocr_par' dir='ltr' id='par_1_10' title="bbox 824 3748 1030 3811">
     <span class='ocr_line' id='line_1_34' title="bbox 824 3748 1030 3811; baseline -0.015 0"><span class='ocrx_word' id='word_1_244' title='bbox 824 3749 873 3811; x_wconf 86' lang='lat' dir='ltr'><strong>DE</strong></span> <span class='ocrx_word' id='word_1_245' title='bbox 895 3748 1030 3810; x_wconf 81' lang='lat' dir='ltr'><strong>VERBQ.</strong></span> 
     </span>
    </p>
   </div>
   <div class='ocr_carea' id='block_1_11' title="bbox 280 3883 1608 4082">
    <p class='ocr_par' dir='ltr' id='par_1_11' title="bbox 280 3883 1608 4082">
     <span class='ocr_line' id='line_1_35' title="bbox 365 3883 1573 4062; baseline 0.008 -86"><span class='ocrx_word' id='word_1_246' title='bbox 365 3914 414 4062; x_wconf 55' lang='lat' dir='ltr'><strong>liti.</strong></span> <span class='ocrx_word' id='word_1_247' title='bbox 430 3914 522 4000; x_wconf 66' lang='lat'>94²1}</span> <span class='ocrx_word' id='word_1_248' title='bbox 539 3918 621 3981; x_wconf 90' lang='lat' dir='ltr'><strong>Sicut</strong></span> <span class='ocrx_word' id='word_1_249' title='bbox 642 3920 673 3978; x_wconf 92' lang='lat' dir='ltr'><strong>in</strong></span> <span class='ocrx_word' id='word_1_250' title='bbox 695 3921 791 3999; x_wconf 87' lang='lat' dir='ltr'><strong>prinro</strong></span> <span class='ocrx_word' id='word_1_251' title='bbox 815 3883 940 3980; x_wconf 78' lang='lat' dir='ltr'><strong>tractatu</strong></span> <span class='ocrx_word' id='word_1_252' title='bbox 969 3883 1030 3982; x_wconf 79' lang='lat' dir='ltr'><strong>tota</strong></span> <span class='ocrx_word' id='word_1_253' title='bbox 1058 3919 1195 3982; x_wconf 88' lang='lat' dir='ltr'><strong>adnotata</strong></span> <span class='ocrx_word' id='word_1_254' title='bbox 1224 3929 1306 3992; x_wconf 87' lang='lat' dir='ltr'><strong>sunt,</strong></span> <span class='ocrx_word' id='word_1_255' title='bbox 1336 3924 1374 3984; x_wconf 90' lang='lat' dir='ltr'><strong>ita</strong></span> <span class='ocrx_word' id='word_1_256' title='bbox 1404 3923 1453 3984; x_wconf 91' lang='lat' dir='ltr'><strong>hio</strong></span> <span class='ocrx_word' id='word_1_257' title='bbox 1481 3927 1573 3986; x_wconf 87' lang='lat' dir='ltr'><strong>inter·</strong></span> 
     </span>
     <span class='ocr_line' id='line_1_36' title="bbox 280 4020 1608 4082; baseline -0.003 -16"><span class='ocrx_word' id='word_1_258' title='bbox 280 4021 372 4082; x_wconf 79' lang='lat' dir='ltr'><strong>rogen</strong></span> <span class='ocrx_word' id='word_1_259' title='bbox 387 4020 431 4063; x_wconf 92' lang='lat' dir='ltr'><strong>ur.</strong></span> <span class='ocrx_word' id='word_1_260' title='bbox 1585 4023 1608 4064; x_wconf 82' lang='lat' dir='ltr'><strong>es</strong></span> 
     </span>
    </p>
   </div>
   <div class='ocr_carea' id='block_1_12' title="bbox 210 4272 1575 4884">
    <p class='ocr_par' dir='ltr' id='par_1_12' title="bbox 210 4272 1575 4884">
     <span class='ocr_line' id='line_1_37' title="bbox 210 4272 1574 4343; baseline 0.002 -20"><span class='ocrx_word' id='word_1_261' title='bbox 210 4327 213 4338; x_wconf 57' lang='grc'>,</span> <span class='ocrx_word' id='word_1_262' title='bbox 346 4272 467 4324; x_wconf 82' lang='lat' dir='ltr'><strong>lsiiieba</strong></span> <span class='ocrx_word' id='word_1_263' title='bbox 537 4277 688 4341; x_wconf 78' lang='lat' dir='ltr'><strong>2propage</strong></span> <span class='ocrx_word' id='word_1_264' title='bbox 739 4273 912 4340; x_wconf 66' lang='lat' dir='ltr'><strong>ditericus]</strong></span> <span class='ocrx_word' id='word_1_265' title='bbox 937 4277 1014 4341; x_wconf 79' lang='lat' dir='ltr'><strong>Verp.</strong></span> <span class='ocrx_word' id='word_1_266' title='bbox 1035 4276 1090 4326; x_wconf 82' lang='lat' dir='ltr'><strong>Eel.</strong></span> <span class='ocrx_word' id='word_1_267' title='bbox 1107 4277 1164 4326; x_wconf 83' lang='lat' dir='ltr'><strong>Vll</strong></span> <span class='ocrx_word' id='word_1_268' title='bbox 1184 4281 1215 4328; x_wconf 80' lang='lat'><strong>65</strong></span> <span class='ocrx_word' id='word_1_269' title='bbox 1270 4280 1419 4343; x_wconf 86' lang='lat' dir='ltr'><strong>pulcerrima</strong></span> <span class='ocrx_word' id='word_1_270' title='bbox 1474 4281 1574 4332; x_wconf 70' lang='lat' dir='ltr'><strong>iuorrie</strong></span> 
     </span>
     <span class='ocr_line' id='line_1_38' title="bbox 277 4339 1573 4408; baseline 0.005 -15"><span class='ocrx_word' id='word_1_271' title='bbox 277 4343 355 4393; x_wconf 75' lang='lat' dir='ltr'><strong>erud</strong></span> <span class='ocrx_word' id='word_1_272' title='bbox 374 4341 427 4391; x_wconf 82' lang='lat' dir='ltr'><strong>iera</strong></span> <span class='ocrx_word' id='word_1_273' title='bbox 497 4345 589 4392; x_wconf 83' lang='lat' dir='ltr'><strong>reuesri</strong></span> <span class='ocrx_word' id='word_1_274' title='bbox 675 4339 805 4408; x_wconf 82' lang='lat' dir='ltr'><strong>8Primo]</strong></span> <span class='ocrx_word' id='word_1_275' title='bbox 825 4345 1172 4396; x_wconf 75' lang='lat' dir='ltr'><strong>Dracontiilremnem.u.1</strong></span> <span class='ocrx_word' id='word_1_276' title='bbox 1243 4348 1274 4396; x_wconf 87' lang='grc'><strong>16</strong></span> <span class='ocrx_word' id='word_1_277' title='bbox 1296 4348 1472 4398; x_wconf 84' lang='lat' dir='ltr'><strong>llrmissimmn</strong></span> <span class='ocrx_word' id='word_1_278' title='bbox 1545 4353 1573 4400; x_wconf 81' lang='lat' dir='ltr'><strong>tt</strong></span> 
     </span>
     <span class='ocr_line' id='line_1_39' title="bbox 278 4411 1574 4478; baseline 0.005 -19"><span class='ocrx_word' id='word_1_279' title='bbox 278 4423 334 4460; x_wconf 80' lang='lat' dir='ltr'><strong>asra</strong></span> <span class='ocrx_word' id='word_1_280' title='bbox 402 4412 436 4460; x_wconf 82' lang='lat'><strong>24</strong></span> <span class='ocrx_word' id='word_1_281' title='bbox 454 4411 583 4461; x_wconf 84' lang='lat' dir='ltr'><strong>Lacunam</strong></span> <span class='ocrx_word' id='word_1_282' title='bbox 600 4419 660 4476; x_wconf 80' lang='lat' dir='ltr'><strong>poet</strong></span> <span class='ocrx_word' id='word_1_283' title='bbox 678 4411 793 4461; x_wconf 74' lang='lat' dir='ltr'><strong>‘libens’</strong></span> <span class='ocrx_word' id='word_1_284' title='bbox 812 4413 954 4476; x_wconf 76' lang='lat' dir='ltr'><strong>eipnilicnui</strong></span> <span class='ocrx_word' id='word_1_285' title='bbox 987 4411 1125 4478; x_wconf 80' lang='lat' dir='ltr'><strong>pallentem</strong></span> <span class='ocrx_word' id='word_1_286' title='bbox 1195 4417 1227 4464; x_wconf 80' lang='lat'><strong>29</strong></span> <span class='ocrx_word' id='word_1_287' title='bbox 1251 4414 1306 4465; x_wconf 88' lang='lat' dir='ltr'><strong>illut</strong></span> <span class='ocrx_word' id='word_1_288' title='bbox 1328 4416 1385 4466; x_wconf 86' lang='lat' dir='ltr'><strong>bilis</strong></span> <span class='ocrx_word' id='word_1_289' title='bbox 1454 4419 1489 4468; x_wconf 83' lang='grc'><strong>30</strong></span> <span class='ocrx_word' id='word_1_290' title='bbox 1508 4419 1574 4468; x_wconf 83' lang='lat' dir='ltr'><strong>uelut</strong></span> 
     </span>
     <span class='ocr_line' id='line_1_40' title="bbox 278 4477 1573 4549; baseline 0.005 -21"><span class='ocrx_word' id='word_1_291' title='bbox 278 4481 303 4528; x_wconf 90' lang='lat' dir='ltr'><strong>in</strong></span> <span class='ocrx_word' id='word_1_292' title='bbox 324 4478 407 4544; x_wconf 87' lang='lat' dir='ltr'><strong>priore</strong></span> <span class='ocrx_word' id='word_1_293' title='bbox 426 4477 545 4544; x_wconf 81' lang='lat' dir='ltr'><strong>tractam]</strong></span> <span class='ocrx_word' id='word_1_294' title='bbox 565 4479 599 4542; x_wconf 84' lang='lat' dir='ltr'><strong>ef.</strong></span> <span class='ocrx_word' id='word_1_295' title='bbox 619 4479 793 4545; x_wconf 73' lang='lat' dir='ltr'><strong>ar&#39;tiproplrum</strong></span> <span class='ocrx_word' id='word_1_296' title='bbox 811 4479 967 4530; x_wconf 77' lang='lat' dir='ltr'><strong>Berueneem</strong></span> <span class='ocrx_word' id='word_1_297' title='bbox 985 4480 1086 4532; x_wconf 82' lang='lat' dir='ltr'><strong>Iuliano</strong></span> <span class='ocrx_word' id='word_1_298' title='bbox 1105 4485 1254 4532; x_wconf 82' lang='lat' dir='ltr'><strong>consimilem</strong></span> <span class='ocrx_word' id='word_1_299' title='bbox 1270 4484 1292 4545; x_wconf 76' lang='lat' dir='ltr'><strong>f.</strong></span> <span class='ocrx_word' id='word_1_300' title='bbox 1311 4487 1375 4533; x_wconf 82' lang='lat'>22¹:</span> <span class='ocrx_word' id='word_1_301' title='bbox 1400 4483 1438 4532; x_wconf 75' lang='lat' dir='ltr'><strong>ux</strong></span> <span class='ocrx_word' id='word_1_302' title='bbox 1457 4484 1573 4549; x_wconf 79' lang='lat' dir='ltr'><strong>plurilus</strong></span> 
     </span>
     <span class='ocr_line' id='line_1_41' title="bbox 281 4547 1573 4618; baseline 0.004 -22"><span class='ocrx_word' id='word_1_303' title='bbox 281 4557 307 4597; x_wconf 84' lang='lat' dir='ltr'><strong>nt</strong></span> <span class='ocrx_word' id='word_1_304' title='bbox 325 4547 532 4612; x_wconf 79' lang='lat' dir='ltr'><strong>inexpugnabilis</strong></span> <span class='ocrx_word' id='word_1_305' title='bbox 551 4549 734 4612; x_wconf 84' lang='lat' dir='ltr'><strong>inperterritus.</strong></span> <span class='ocrx_word' id='word_1_306' title='bbox 770 4547 920 4606; x_wconf 72' lang='lat' dir='ltr'><strong>Quomodo?</strong></span> <span class='ocrx_word' id='word_1_307' title='bbox 944 4549 971 4596; x_wconf 92' lang='lat' dir='ltr'><strong>lo</strong></span> <span class='ocrx_word' id='word_1_308' title='bbox 990 4551 1148 4614; x_wconf 81' lang='lat' dir='ltr'><strong>praepositio</strong></span> <span class='ocrx_word' id='word_1_309' title='bbox 1167 4561 1214 4615; x_wconf 86' lang='lat' dir='ltr'><strong>est,</strong></span> <span class='ocrx_word' id='word_1_310' title='bbox 1234 4566 1266 4600; x_wconf 81' lang='lat' dir='ltr'><strong>ex</strong></span> <span class='ocrx_word' id='word_1_311' title='bbox 1284 4551 1407 4613; x_wconf 83' lang='lat' dir='ltr'><strong>similiter,</strong></span> <span class='ocrx_word' id='word_1_312' title='bbox 1426 4555 1573 4618; x_wconf 80' lang='lat' dir='ltr'><strong>pugnabitis</strong></span> 
     </span>
     <span class='ocr_line' id='line_1_42' title="bbox 280 4613 1575 4686; baseline 0.005 -23"><span class='ocrx_word' id='word_1_313' title='bbox 280 4629 372 4664; x_wconf 88' lang='lat' dir='ltr'><strong>nomen</strong></span> <span class='ocrx_word' id='word_1_314' title='bbox 390 4625 437 4664; x_wconf 85' lang='lat' dir='ltr'><strong>est.</strong></span> <span class='ocrx_word' id='word_1_315' title='bbox 474 4613 556 4673; x_wconf 85' lang='lat' dir='ltr'><strong>Quare</strong></span> <span class='ocrx_word' id='word_1_316' title='bbox 575 4630 625 4665; x_wconf 89' lang='lat' dir='ltr'><strong>oon</strong></span> <span class='ocrx_word' id='word_1_317' title='bbox 643 4615 707 4665; x_wconf 84' lang='lat' dir='ltr'><strong>iocis</strong></span> <span class='ocrx_word' id='word_1_318' title='bbox 725 4631 814 4682; x_wconf 81' lang='lat' dir='ltr'><strong>pugna</strong></span> <span class='ocrx_word' id='word_1_319' title='bbox 832 4615 933 4679; x_wconf 81' lang='lat' dir='ltr'><strong>une(m)</strong></span> <span class='ocrx_word' id='word_1_320' title='bbox 955 4625 1053 4682; x_wconf 88' lang='lat' dir='ltr'><strong>partem</strong></span> <span class='ocrx_word' id='word_1_321' title='bbox 1072 4629 1096 4666; x_wconf 89' lang='lat' dir='ltr'><strong>et</strong></span> <span class='ocrx_word' id='word_1_322' title='bbox 1114 4617 1171 4668; x_wconf 82' lang='lat' dir='ltr'><strong>oilie</strong></span> <span class='ocrx_word' id='word_1_323' title='bbox 1189 4619 1311 4669; x_wconf 79' lang='lat' dir='ltr'><strong>alteram?</strong></span> <span class='ocrx_word' id='word_1_324' title='bbox 1340 4619 1367 4669; x_wconf 85' lang='lat' dir='ltr'><strong>Si</strong></span> <span class='ocrx_word' id='word_1_325' title='bbox 1386 4636 1431 4686; x_wconf 87' lang='lat' dir='ltr'><strong>per</strong></span> <span class='ocrx_word' id='word_1_326' title='bbox 1450 4637 1465 4669; x_wconf 91' lang='lat' dir='ltr'><strong>n</strong></span> <span class='ocrx_word' id='word_1_327' title='bbox 1484 4621 1575 4672; x_wconf 79' lang='lat' dir='ltr'><strong>luisset</strong></span> 
     </span>
     <span class='ocr_line' id='line_1_43' title="bbox 280 4683 1573 4753; baseline 0.004 -20"><span class='ocrx_word' id='word_1_328' title='bbox 280 4683 414 4741; x_wconf 86' lang='lat' dir='ltr'><strong>scribtum,</strong></span> <span class='ocrx_word' id='word_1_329' title='bbox 433 4692 534 4746; x_wconf 82' lang='lat' dir='ltr'><strong>poterat</strong></span> <span class='ocrx_word' id='word_1_330' title='bbox 551 4683 604 4732; x_wconf 88' lang='lat' dir='ltr'><strong>lieri</strong></span> <span class='ocrx_word' id='word_1_331' title='bbox 623 4687 669 4734; x_wconf 87' lang='lat' dir='ltr'><strong>sed</strong></span> <span class='ocrx_word' id='word_1_332' title='bbox 687 4686 747 4746; x_wconf 85' lang='lat' dir='ltr'><strong>qnia</strong></span> <span class='ocrx_word' id='word_1_333' title='bbox 765 4699 810 4750; x_wconf 88' lang='lat' dir='ltr'><strong>per</strong></span> <span class='ocrx_word' id='word_1_334' title='bbox 827 4683 843 4732; x_wconf 96' lang='lat' dir='ltr'>b</span> <span class='ocrx_word' id='word_1_335' title='bbox 861 4684 980 4735; x_wconf 86' lang='lat' dir='ltr'><strong>scribitur</strong></span> <span class='ocrx_word' id='word_1_336' title='bbox 998 4685 1155 4750; x_wconf 81' lang='lat' dir='ltr'><strong>pugnabilis,</strong></span> <span class='ocrx_word' id='word_1_337' title='bbox 1174 4702 1224 4736; x_wconf 81' lang='lat' dir='ltr'><strong>nne</strong></span> <span class='ocrx_word' id='word_1_338' title='bbox 1243 4703 1302 4752; x_wconf 86' lang='lat' dir='ltr'><strong>pars</strong></span> <span class='ocrx_word' id='word_1_339' title='bbox 1321 4697 1368 4742; x_wconf 81' lang='lat' dir='ltr'><strong>est.</strong></span> <span class='ocrx_word' id='word_1_340' title='bbox 1395 4689 1573 4753; x_wconf 83' lang='lat' dir='ltr'><strong>inperterritus</strong></span> 
     </span>
     <span class='ocr_line' id='line_1_44' title="bbox 279 4750 1574 4821; baseline 0.008 -23"><span class='ocrx_word' id='word_1_341' title='bbox 279 4750 409 4812; x_wconf 80' lang='lat' dir='ltr'><strong>quomodo</strong></span> <span class='ocrx_word' id='word_1_342' title='bbox 428 4761 483 4810; x_wconf 73' lang='lat' dir='ltr'><strong>etc„</strong></span> <span class='ocrx_word' id='word_1_343' title='bbox 503 4753 537 4814; x_wconf 82' lang='lat' dir='ltr'><strong>ef.</strong></span> <span class='ocrx_word' id='word_1_344' title='bbox 555 4751 652 4802; x_wconf 81' lang='lat' dir='ltr'><strong>Iuliani</strong></span> <span class='ocrx_word' id='word_1_345' title='bbox 667 4769 694 4814; x_wconf 85' lang='lat' dir='ltr'><strong>p.</strong></span> <span class='ocrx_word' id='word_1_346' title='bbox 712 4756 745 4803; x_wconf 78' lang='lat'><strong>68</strong></span> <span class='ocrx_word' id='word_1_347' title='bbox 762 4755 802 4803; x_wconf 82' lang='lat' dir='ltr'><strong>ed.</strong></span> <span class='ocrx_word' id='word_1_348' title='bbox 822 4753 892 4803; x_wconf 82' lang='lat' dir='ltr'><strong>Rom.</strong></span> <span class='ocrx_word' id='word_1_349' title='bbox 961 4755 993 4804; x_wconf 85' lang='lat' dir='ltr'><strong>at</strong></span> <span class='ocrx_word' id='word_1_350' title='bbox 1012 4754 1173 4814; x_wconf 83' lang='lat' dir='ltr'><strong>quaerendae</strong></span> <span class='ocrx_word' id='word_1_351' title='bbox 1240 4758 1273 4806; x_wconf 77' lang='grc'><strong>32</strong></span> <span class='ocrx_word' id='word_1_352' title='bbox 1292 4771 1449 4821; x_wconf 70' lang='lat' dir='ltr'><strong>purgamenta</strong></span> <span class='ocrx_word' id='word_1_353' title='bbox 1542 4761 1574 4808; x_wconf 80' lang='grc'><strong>34</strong></span> 
     </span>
     <span class='ocr_line' id='line_1_45' title="bbox 279 4816 1408 4884; baseline 0.009 -16"><span class='ocrx_word' id='word_1_354' title='bbox 279 4816 360 4882; x_wconf 85' lang='lat' dir='ltr'><strong>Sicut]</strong></span> <span class='ocrx_word' id='word_1_355' title='bbox 381 4818 439 4868; x_wconf 85' lang='lat' dir='ltr'><strong>Hoc</strong></span> <span class='ocrx_word' id='word_1_356' title='bbox 456 4827 515 4882; x_wconf 78' lang='lat' dir='ltr'><strong>post</strong></span> <span class='ocrx_word' id='word_1_357' title='bbox 533 4819 605 4870; x_wconf 83' lang='lat' dir='ltr'><strong>uerbi</strong></span> <span class='ocrx_word' id='word_1_358' title='bbox 622 4821 789 4884; x_wconf 68' lang='lat' dir='ltr'><strong>definitionem</strong></span> <span class='ocrx_word' id='word_1_359' title='bbox 806 4820 851 4870; x_wconf 81' lang='lat' dir='ltr'><strong>and</strong></span> <span class='ocrx_word' id='word_1_360' title='bbox 869 4823 923 4870; x_wconf 85' lang='lat' dir='ltr'><strong>eine</strong></span> <span class='ocrx_word' id='word_1_361' title='bbox 940 4827 1067 4872; x_wconf 80' lang='lat' dir='ltr'><strong>tractatus</strong></span> <span class='ocrx_word' id='word_1_362' title='bbox 1084 4823 1179 4871; x_wconf 82' lang='lat' dir='ltr'><strong>initium</strong></span> <span class='ocrx_word' id='word_1_363' title='bbox 1197 4825 1344 4874; x_wconf 81' lang='lat' dir='ltr'><strong>adnotatum</strong></span> <span class='ocrx_word' id='word_1_364' title='bbox 1361 4833 1408 4878; x_wconf 81' lang='lat' dir='ltr'><strong>eet.</strong></span> 
     </span>
    </p>
   </div>
   <div class='ocr_carea' id='block_1_13' title="bbox 0 0 1705 5448">
    <p class='ocr_par' dir='ltr' id='par_1_13' title="bbox 0 0 1705 5448">
     <span class='ocr_line' id='line_1_46' title="bbox 0 0 1705 5448; baseline 0 0"><span class='ocrx_word' id='word_1_365' title='bbox 0 0 1705 5448; x_wconf 95' lang='lat' dir='ltr'><strong> </strong></span> 
     </span>
    </p>
   </div>
  </div>
 </body>
</html>
