3390 5444
673 323 886 377 sesuuusrs.
1363 323 1423 390 135

123 517 180 578 Sed
210 525 309 578 mmen
337 481 482 576 l3linius
509 513 701 576 Secundus
728 512 1009 590 grammaticus,
1039 514 1115 574 sicut
1141 512 1293 592 Sergius
1322 523 1419 576 osten·

124 621 180 687 dit,
204 615 400 697 reprehendit
422 633 488 684 eos,
512 617 561 695 qui
584 615 686 676 dicunt
708 631 850 695 personas
872 613 1010 675 accidere
1025 614 1115 673 linitis
1130 615 1365 692 pronominibus,
1388 625 1420 678 ut

122 720 207 798 ipsud
230 718 367 780 accidens
389 716 468 778 aliud
490 719 529 777 sit
550 724 638 796 atquc
660 714 745 786 illud,
770 717 819 776 cui
841 711 957 776 accidit.
987 715 1062 775 Hinc
1078 714 1225 778 Plinius
1247 719 1311 796 ipse
1332 717 1418 780 dixit:

123 821 189 882 sed
210 804 312 882 scire'
332 817 508 880 debemus
531 816 744 878 huiusmodi
767 815 1001 878 definitores
1024 835 1095 878 non
1119 825 1188 878 tam
1211 819 1247 879 in
1272 821 1419 882 ratione

97 939 271 992 serrare,
295 939 400 1000 quam
423 919 614 981 inordina
638 917 848 988 uerborum,
874 928 912 998 ut
934 919 1108 980 dicerent
1129 937 1310 999 personas
1332 940 1419 1000 pro-

122 1022 340 1084 nominibus
363 1021 552 1092 aceidere,
576 1039 653 1080 cum
677 1018 1057 1090 diceredebuissent,
1074 1021 1181 1082 linita
1198 1024 1419 1100 psonomina

123 1142 195 1186 non
218 1126 394 1204 recipere
416 1123 521 1202 quasi
545 1119 696 1183 aliunde
719 1139 913 1203 personas.
958 1121 1158 1202 Numquam
1187 1127 1281 1184 enim
1309 1125 1509 1204 inue-tx.v

121 1227 278 1286 niuntur
316 1227 397 1286 sine
431 1224 610 1302 personis
641 1223 868 1285 accidentia.
933 1222 1029 1301 Igitur
1060 1225 1295 1302 uniuscuiusque
1327 1227 1442 1305 partis·

121 1335 238 1389 octaua
265 1345 320 1406 per
346 1344 400 1387 sua
428 1324 592 1388 accidentia
619 1325 834 1387 rationabiliter
857 1326 1027 1403 agnoscitur
1050 1335 1080 1386 et
1101 1324 1289 1405 intellegitur.
1334 1328 1418 1389 Acci·

87 1428 222 1490 radentia
250 1434 348 1489 autem
377 1426 494 1488 litterae
521 1434 551 1488 et
577 1425 687 1506 pedum
715 1435 745 1488 et
772 1429 906 1488 omnium
934 1428 1062 1506 partium
1092 1428 1235 1489 orationis
1262 1427 1419 1508 qualitates

123 1539 278 1592 uocantur.
323 1529 397 1591 Nam
419 1527 544 1609 qualitas
566 1527 644 1590 dicta
668 1536 725 1598 est,
754 1545 811 1606 qua
833 1528 1016 1606 intellegitur
1038 1546 1215 1609 unaquaque
1237 1519 1300 1601 res,
1324 1530 1419 1610 qualis

121 1632 172 1692 sit:
208 1630 286 1692 nulla
315 1648 365 1692 res
393 1640 450 1701 est,
484 1648 560 1710 quae
589 1628 730 1708 qualitate
751 1638 859 1691 careat.
904 1628 1082 1691 Nonnulli
1105 1647 1176 1708 ergo
1204 1637 1321 1710 putant,
1352 1633 1419 1712 quia

121 1732 285 1794 accidentia
308 1733 436 1812 partium
460 1733 645 1794 extrinsecus
667 1731 819 1803 accidunt,
858 1731 914 1792 boc
937 1739 982 1791 est
1004 1750 1040 1792 er
1063 1730 1201 1792 omnibus
1223 1731 1417 1794 accidentium

121 1833 157 1894 ad
173 1841 349 1913 potestatem
367 1841 397 1894 et
412 1832 593 1897 intellectum
616 1836 762 1912 partium,
785 1831 837 1894 sed
860 1830 1004 1894 ialluntur
1026 1833 1083 1894 boc
1097 1833 1236 1912 putando.
1268 1833 1341 1895 Nam
1358 1852 1418 1896 non

84 1935 219 1998 comnia
248 1934 446 1997 accidentium
474 1935 509 1996 ad
537 1942 698 2016 potestates
723 1927 856 2015 partium
880 1934 959 1996 idem
991 1932 1140 2013 cellegunt
1169 1934 1418 2015 inseparabiliter.

120 2037 366 2115 interrogandum
396 2045 442 2098 est
469 2045 584 2098 autem:
619 2035 744 2113 qualitas
770 2038 981 2116 pronominum
1014 2045 1086 2115 quot
1116 2035 1280 2098 diuisiones
1312 2036 1419 2099 babet?

120 2137 200 2199 ldest
222 2138 305 2200 duas.
352 2137 423 2199 lude
452 2138 617 2199 Donatus
645 2136 734 2199 dixit:
765 2135 931 2218 qualitas
953 2139 1212 2218 pronominum
1236 2136 1417 2217 bipertita

121 2247 191 2301 est:
217 2241 525 2302 autenimiinita
549 2247 636 2300 sunt
657 2239 878 2319 pronomina
901 2246 963 2299 aut
985 2239 1152 2302 inlinita.
1183 2237 1325 2300 Probus'
1345 2258 1418 2300 uero

120 2347 261 2418 quattuor
284 2341 448 2402 diuisiones
469 2340 622 2420 qualitatis
645 2341 833 2418 pronominis
856 2339 986 2402 ostendit
1009 2339 1127 2401 dicens:
1158 2350 1208 2401 ant
1235 2341 1313 2402 enim
1336 2342 1418 2402 linita

83 2465 107 2502 ro
120 2448 191 2503 sunt
211 2445 390 2522 pronomina
419 2449 469 2503 aut
497 2442 611 2502 infinita
635 2449 685 2502 aut
707 2440 805 2502 minus
826 2458 915 2520 quam
938 2442 1019 2502 sanita
1037 2438 1048 2523 ΙΙ
1065 2441 1083 2501 l.
1104 2437 1183 2502 114²
1199 2439 1210 2523 ΙΙ
1227 2450 1276 2503 aut
1299 2460 1416 2522 posses·

119 2545 194 2605 sina.
246 2543 305 2604 Sed
333 2552 431 2604 tamen
460 2541 605 2604 Probus
638 2541 863 2604 subdiuisiones
897 2545 998 2622 posuit
1031 2544 1129 2602 minus
1157 2561 1247 2623 quam
1276 2545 1359 2605 linita
1388 2555 1417 2607 et

118 2647 296 2725 possessiua.
342 2645 423 2716 Quae
445 2651 514 2705 sunt
536 2661 607 2722 ergo
630 2645 711 2704 lirrita
734 2645 930 2723 pronomina?
960 2644 1031 2706 Sine
1053 2641 1144 2704 dubio
1166 2641 1216 2706 illa
1238 2654 1322 2715 suut,
1342 2663 1417 2725 quae

117 2749 270 2826 recipiunt
291 2755 403 2808 certam
426 2763 600 2825 personam,
624 2755 656 2807 ut
678 2763 733 2824 ego
754 2755 787 2808 tu
810 2743 876 2814 ille;
899 2745 1014 2807 infinita
1031 2753 1129 2805 autem
1145 2753 1215 2806 sunt
1229 2748 1416 2826 pronomina,

118 2866 195 2927 quae
218 2866 278 2909 non
300 2849 452 2927 recipiunt
473 2864 630 2926 personas,
654 2853 687 2907 ut
701 2849 767 2926 quis
782 2866 858 2927 quae
874 2846 962 2927 quod.
993 2844 1051 2908 Sed
1068 2853 1181 2918 umen,
1205 2849 1283 2909 sicut
1296 2865 1416 2926 gram·

82 2971 106 3010 as
119 2949 250 3010 malici
272 2949 447 3020 ostendunt,
471 2947 598 3029 qualitas
619 2949 828 3029 pronominum
844 2948 1015 3028 quindecim
1031 2947 1196 3009 diuisiones
1211 2948 1308 3009 babet.
1342 2949 1418 3010 Sunt

118 3052 198 3111 enim
223 3053 402 3130 pronomina
425 3050 482 3112 alia
504 3051 601 3120 finita,
625 3049 680 3112 alia
703 3051 834 3126 inlinita,
858 3050 914 3110 alia
937 3053 1036 3112 minus
1051 3068 1140 3130 quam
1155 3051 1253 3120 linita,
1278 3050 1333 3112 alia
1349 3069 1416 3130 pos-

117 3153 247 3226 sessiua,
272 3150 328 3214 alia
351 3152 586 3222 subiunctatiua‚
611 3151 666 3213 alia
690 3154 805 3231 gentis,
828 3152 884 3213 alia
908 3151 1037 3221 ordinis,
1062 3151 1118 3212 alia
1142 3154 1276 3222 numeri,
1300 3150 1357 3212 alia
1380 3153 1415 3213 ad

116 3253 229 3334 aliquid
252 3255 349 3324 linita,
372 3271 449 3334 quae
472 3253 611 3316 dicuntur
634 3255 817 3332 possessum,
842 3251 899 3313 alia
923 3252 957 3312 ad
979 3251 1092 3332 aliquid
1108 3253 1238 3322 infinita,
1264 3252 1320 3313 alia
1344 3270 1415 3331 qua·

115 3354 224 3424 litatis,
254 3355 310 3417 alia
340 3357 529 3434 quantitatis,
561 3355 614 3416 alia
643 3354 893 3424 demonstratiua‚
923 3353 980 3414 alia
1004 3353 1144 3424 relatiua,
1168 3352 1223 3416 alia
1247 3358 1342 3429 magis
1365 3354 1415 3416 de·

79 3481 103 3520 ao
117 3459 322 3518 monstratiua.
360 3457 437 3518 Sunt
459 3474 531 3535 ergo
554 3459 731 3536 pronomina
754 3457 849 3526 linita,
873 3459 948 3516 sicut
964 3455 1104 3526 diximus,
1130 3458 1200 3517 tria:
1225 3474 1279 3533 ego
1302 3466 1332 3516 tu
1350 3455 1415 3525 ille;

116 3557 173 3620 alia
197 3559 312 3620 inlinita
336 3560 554 3639 praepositius,
578 3565 612 3618 ut
626 3561 693 3638 quis
709 3558 806 3637 qualis
821 3565 948 3635 quantus
963 3563 1086 3637 quotus;
1110 3557 1166 3618 alia
1182 3555 1414 3627 subiunctatiua,

116 3668 150 3720 ut
172 3663 198 3720 is
222 3658 288 3720 talis
311 3668 408 3722 tantus
431 3668 526 3728 totus:
556 3659 612 3721 alia
636 3661 736 3720 minus
758 3677 846 3737 quam
876 3659 971 3734 linita,
1001 3666 1033 3718 ut
1061 3660 1116 3718 iste
1145 3661 1217 3737 ipse.
1264 3659 1321 3718 Sed
1351 3661 1415 3738 ipse

115 3780 282 3840 pronomen
310 3760 471 3841 aliquando
500 3762 613 3822 linitum
645 3763 808 3832 inuenitur,
832 3760 990 3840 aliquando
1011 3762 1043 3820 in
1066 3761 1164 3820 minus
1186 3777 1273 3840 quam
1297 3761 1413 3820 linitum

115 3862 203 3924 cadit.
231 3862 333 3944 ‘Tunc
362 3881 432 3943 ergo
455 3864 569 3924 linitum
593 3868 653 3934 est,
682 3860 800 3942 quando
829 3869 1016 3942 praesentem
1039 3879 1195 3942 personam
1219 3861 1413 3932 demonstrat,

78 3974 149 4028 aaut
171 3985 226 4042 ego
249 3967 331 4045 ipse,
360 3967 410 4045 qui
433 3964 549 4026 locutus
571 3983 652 4033 sum;
680 3973 712 4025 tu
736 3966 814 4045 ipse,
844 3966 895 4042 qui
918 3961 1034 4032 dixisti;
1065 3963 1115 4025 ille
1144 3966 1224 4043 ipse,
1254 3966 1305 4043 qui
1329 3963 1412 4025 diiii.

184 4187 197 4234 1
217 4184 318 4250 plenius
337 4185 467 4236 secundus
485 4185 652 4250 gramaticus,
670 4186 705 4248 es.
717 4185 851 4236 Cledonius
867 4172 894 4249 p.
913 4186 955 4243 50,
968 4187 999 4241 8,-
1017 4184 1152 4249 Pompeius
1168 4201 1195 4249 p.
1208 4186 1295 4247 201,5
1347 4199 1414 4236 sere-

114 4249 186 4318 gius]
206 4252 236 4303 Is
253 4255 324 4304 locare
339 4257 367 4304 la
384 4252 471 4317 Serpit
485 4257 602 4318 scriptis,
622 4269 688 4319 qaae
706 4254 804 4319 quidem
822 4255 893 4304 edita
909 4259 975 4315 suat,
994 4268 1044 4303 aon
1062 4259 1148 4314 arctat,
1167 4253 1201 4315 cs.
1219 4254 1322 4316 praefi:
1341 4252 1414 4304 ‘Ser-

113 4323 185 4386 piani
200 4323 331 4373 cudendum
348 4325 478 4372 commati
491 4323 638 4387 [reparante
654 4323 771 4373 inedita’.
850 4321 1004 4371 baccedsre
1072 4321 1227 4370 3accedens
1296 4321 1380 4384 adque

114 4389 219 4442 accedit.
237 4389 297 4438 hinc
316 4386 428 4456 plenius]
449 4391 509 4439 Hic'
519 4390 597 4440 Plinii
613 4392 683 4441 locus
699 4391 801 4440 minoda
819 4388 891 4439 nodis
909 4405 960 4440 non
976 4390 1092 4441 innobati.
1160 4387 1336 4438 ddidnitores
1397 4390 1414 4440 5

115 4457 235 4508 accebre
304 4457 484 4508 Succedentia
552 4460 677 4510 9natura
694 4459 785 4509 addidi
852 4456 999 4507 accedentia
1067 4455 1214 4505 accedentia
1284 4459 1316 4508 10
1333 4457 1414 4506 littere

181 4524 312 4588 qualitatis
381 4527 412 4575 11
431 4521 494 4593 qua]
514 4541 590 4589 quarn
676 4527 708 4577 13
725 4523 871 4575 accedentia
888 4533 947 4589 etc,
964 4539 1065 4588 semper
1133 4521 1310 4574 examinibus
1381 4524 1414 4575 14

114 4603 301 4659 apotastatem
353 4608 412 4644 nam
430 4595 535 4676 nomina
591 4597 621 4645 lb
640 4604 664 4643 et
682 4603 819 4657 potestates
871 4594 904 4642 16
922 4593 990 4655 quod
1061 4589 1238 4710 l'lKDonatus]
1256 4595 1413 4708 p.d379,2⁶

115 4657 537 4794 detestabilitas
551 4661 1158 4792 billiafflil.{lll.l.·..²dlai.²..;a.
1174 4661 1411 4779 ..illabili-¹

113 4799 240 4863 plepeatia
291 4797 324 4846 22
337 4811 388 4862 qun
398 4798 524 4864 recipiunt
574 4797 751 4864 24gramatici
804 4797 979 4860 idqumitatis
1022 4798 1120 4848 30trea
1154 4799 1188 4850 33
1199 4795 1271 4846 linita
1283 4797 1413 4848 inuenitur
