3394 5448
557 380 633 435 evm
651 381 856 434 exonerans
873 381 1044 454 maome.
1364 391 1444 442 oerx

147 573 238 634 betur
261 572 420 634 comedere
443 574 566 633 terram’
590 571 728 642 codidie
752 553 822 632 totis
843 579 887 632 est
907 569 986 632 eninr
1008 573 1072 630 eius
1094 567 1293 630 additamenti
1314 569 1444 646 domtus,

145 684 183 736 nt
207 677 388 738 calatiani
407 678 501 752 ipsios
522 679 644 750 inuenio
662 673 835 750 profectam
858 691 921 734 esse
940 675 1045 750 possit.

234 798 263 859 p.
286 773 418 848 32010
440 774 518 846 Quot
532 785 602 837 sunt
616 784 714 854 partes
736 776 807 837 artis
829 774 1062 854 grammaticae?
1093 773 1182 836 Duae.
1214 774 1318 846 Quae?
1347 775 1445 839 Prima

146 889 198 940 est
220 897 295 959 quae
317 879 460 940 scribitur
483 895 537 959 per
559 877 704 940 moloram
729 885 758 937 et
781 876 943 938 aoteioram
1010 873 1050 937 12
1079 876 1210 956 paruulis
1238 886 1268 939 et
1295 879 1447 941 infantulis

146 990 281 1050 tantum,
312 990 344 1042 ut
370 983 486 1062 possint
512 981 589 1042 scire
618 977 868 1060 quemadmodum
897 979 935 1040 sit
965 995 1027 1048 ars,
1058 987 1089 1038 ut
1117 979 1292 1060 plerumque
1320 981 1448 1043 inientes

146 1087 325 1146 memoriam
348 1093 520 1164 sequantur,
544 1100 604 1142 non
627 1089 742 1144 tantum
765 1082 1000 1162 responsionum,
1023 1083 1164 1162 quoniam
1187 1082 1316 1146 inientes
1338 1083 1448 1146 debent

147 1189 239 1257 seire,
263 1204 322 1247 non
344 1186 440 1248 solum
463 1185 652 1264 intellegere,
677 1183 729 1246 sed
753 1184 840 1245 etiam
864 1183 1054 1263 respondere
1068 1184 1231 1246 secundum
1254 1171 1447 1257 intellectum,

146 1307 187 1349 eo
209 1289 285 1369 quod
309 1288 380 1348 nibil
404 1286 512 1348 babeat
534 1285 722 1355 difficultatis,
747 1304 822 1366 quae
844 1286 975 1347 dilinitur
998 1284 1036 1346 ab
1057 1295 1124 1347 octo
1138 1286 1273 1365 partibus
1294 1290 1446 1358 orationis,

145 1389 228 1452 idest
249 1411 265 1451 a
287 1391 407 1451 nomine
430 1398 486 1450 etc.
513 1424 550 1434 —
575 1388 612 1450 ab
633 1389 851 1449 interiectione.
889 1386 1026 1448 Secunda
1042 1397 1086 1449 est
1107 1406 1177 1468 pars
1193 1397 1223 1450 et
1244 1391 1307 1470 ipsa
1327 1389 1448 1451 uberior

146 1491 298 1554 modicum
323 1490 436 1552 babens
459 1489 650 1560 difficultatis,
674 1489 823 1568 quomodo
845 1491 1032 1567 interrogare
1062 1497 1092 1550 et
1119 1491 1301 1570 respondere
1323 1494 1447 1570 possint,

148 1612 230 1672 quae
257 1593 323 1654 data
352 1603 396 1652 est
422 1591 585 1653 maioribus
613 1601 642 1652 et
671 1589 849 1652 minoribus.
894 1590 946 1662 Est
968 1591 1047 1652 enim
1060 1637 1151 1653 .....
1164 1599 1253 1670 atque
1275 1592 1396 1655 robusta
1420 1603 1449 1655 et

146 1696 253 1774 incipit
275 1713 291 1754 a
315 1695 421 1764 littera,
445 1711 521 1774 quae
543 1703 573 1754 et
595 1675 726 1754 uberior.

238 1798 320 1868 Quae
347 1799 374 1857 si
400 1812 467 1857 eum
496 1797 619 1856 Iuliano
646 1795 807 1870 conferas,
843 1812 911 1856 corn
941 1797 1026 1872 opaci
1052 1796 1133 1857 bunc
1160 1813 1270 1858 manea
1298 1801 1447 1875 quaedam

143 1907 241 1974 atque
261 1901 341 1959 mole
362 1901 442 1959 inter
462 1916 494 1958 sc
515 1899 711 1958 cohaerentia
727 1896 886 1973 proferri,
917 1900 948 1957 in
977 1904 1045 1957 orte
1071 1915 1145 1959 acro
1169 1899 1319 1961 Bernensi
1343 1902 1448 1962 eodem

143 2003 224 2062 bene
244 2003 455 2076 conplurinoto
477 2009 506 2062 et
526 2017 587 2061 nno
609 2002 699 2077 quusi
718 2007 822 2060 tenore
842 1997 1000 2076 explecare
1023 2001 1137 2074 uideas,
1161 1998 1225 2060 ion
1239 2003 1299 2062 inm
1321 2001 1449 2079 suspitio

145 2105 294 2177 oboritur,
318 2105 473 2164 iudanom
499 2101 596 2178 c'psius
623 2103 699 2163 ortc's
726 2102 891 2162 Benacenses
917 2109 1126 2178 excerptorem
1150 2102 1256 2176 fnisse.
1300 2104 1386 2165 Idem
1408 2122 1449 2166 ecc

146 2205 342 2280 sequent-ibus
363 2206 506 2266 concludi
521 2211 630 2281 potest.

235 2325 264 2386 p.
286 2303 366 2393 320,
392 2302 431 2366 18
458 2306 566 2383 Incipit
592 2306 628 2366 de
657 2305 793 2367 finalibus
822 2303 950 2384 syllabis.
994 2304 1048 2366 Vm
1072 2306 1246 2368 terminatus
1268 2306 1363 2388 qualis
1385 2309 1449 2370 esti

145 2409 255 2470 Breuis
278 2416 323 2470 est
344 2417 378 2468 ut
400 2408 551 2488 templum.
598 2407 673 2468 llicit
694 2415 792 2469 tamen
816 2407 949 2468 Donatus
1013 2403 1053 2467 21
1078 2406 1197 2480 diilleile
1220 2409 1289 2480 erit,
1314 2409 1392 2482 dicit,
1415 2419 1449 2471 ut

146 2511 329 2591 exemplum,
353 2529 410 2572 ont.
434 2518 549 2571 certum
596 2510 702 2571 exinde
725 2529 783 2571 orn.
850 2509 1050 2569 nominatiuus
1073 2527 1129 2570 om.
1175 2505 1217 2570 22
1238 2528 1331 2590 quare
1353 2531 1383 2572 m
1406 2545 1448 2556 -

145 2616 297 2674 incertum
321 2621 366 2674 est
388 2629 444 2675 om.
509 2608 552 2671 24
573 2613 603 2672 in
626 2610 750 2672 latinum
815 2609 857 2672 25
879 2611 1000 2675 latinum
1024 2629 1096 2671 uero
1118 2628 1226 2672 nomen
1242 2613 1371 2674 inueniri
1386 2631 1447 2674 non

145 2723 246 2795 potest
277 2717 307 2774 in
343 2714 398 2775 bae
429 2713 539 2794 syllaba
620 2710 662 2774 26
690 2731 728 2774 en
757 2714 949 2782 terminatus,
983 2729 1039 2773 orn.
1069 2712 1188 2792 quando
1267 2723 1318 2776 aut
1346 2715 1448 2777 breuis

145 2814 193 2876 28
221 2817 299 2896 apud
328 2817 457 2878 Graecos
485 2823 582 2876 autem
610 2833 730 2894 semper
757 2815 862 2893 longus
891 2823 935 2875 est
963 2817 1102 2891 (optime)
1139 2823 1170 2874 ot
1202 2827 1307 2894 pecten
1338 2817 1443 2878 llamen

146 2917 209 2979 lien
237 2916 336 2998 pollen
365 2917 513 2998 quomodo
541 2926 647 2998 pecten
676 2926 801 2996 pectene
832 2916 940 2978 dieitur
974 2916 1081 2977 llamen
1109 2916 1228 2977 llunrina
1258 2917 1316 2979 lien
1344 2919 1447 2998 splene

147 3019 249 3098 pollen
273 3019 385 3099 polline
450 3016 492 3080 30
513 3022 691 3080 terminatus
713 3021 806 3081 inerit
870 3031 920 3079 aut
943 3018 1044 3079 breuis
1108 3037 1226 3099 semper
1249 3036 1329 3082 om..
1350 3017 1392 3082 32
1414 3039 1448 3081 ar

145 3125 326 3182 terminatur
392 3131 442 3182 aut
464 3121 565 3182 breuis
628 3119 670 3182 33
699 3121 768 3200 quid
799 3127 843 3181 est
872 3139 926 3182 nar
955 3122 1034 3181 naris
1056 3120 1103 3180 lar
1127 3120 1219 3182 iarina
1243 3131 1293 3182 aut
1314 3140 1350 3182 ex
1372 3123 1446 3202 poli·

145 3223 293 3302 syllabum
317 3222 393 3283 idest
414 3223 550 3302 plurimis
572 3223 700 3301 syllabis.
737 3222 769 3283 lo
793 3221 975 3302 polisyllabis
999 3223 1094 3302 qualis
1117 3224 1179 3284 est?
1218 3223 1294 3284 llicit
1316 3224 1447 3285 Donatus

143 3323 191 3388 35
217 3327 248 3386 in
278 3327 412 3404 genitiuo
447 3335 515 3386 ante
551 3324 684 3386 ultimam
720 3323 861 3405 syllabam
890 3324 1061 3405 producunt
1094 3332 1126 3384 ut
1154 3324 1269 3386 coclear
1298 3324 1445 3404 sublegar.

146 3437 246 3488 tamen

232 3547 262 3608 p.
286 3526 365 3598 321,
392 3529 407 3589 l
438 3529 495 3589 boc
524 3530 701 3590 auctoritate
773 3531 940 3607 tirsumque
969 3539 1074 3590 tenens
1102 3536 1132 3590 et
1160 3527 1299 3607 subtegar
1326 3546 1446 3591 aecusa-

145 3632 201 3690 tiui
217 3631 245 3710 (l)
311 3628 333 3692 5
357 3629 388 3710 (l.
410 3627 487 3707 53b)
511 3647 563 3708 pes
586 3638 616 3689 et
643 3637 740 3690 certas
762 3629 888 3709 syllabas
917 3630 1008 3692 babet
1029 3640 1059 3690 et
1081 3637 1162 3691 certa
1185 3641 1328 3709 tempora.
1367 3629 1446 3702 Quo·

145 3733 254 3793 modo?
292 3731 367 3792 Puta
395 3735 420 3791 si
449 3731 544 3792 dicam
573 3731 718 3809 spondius
783 3729 933 3812 ‘llongas
962 3750 1019 3795 om.
1093 3739 1225 3811 tempora
1254 3741 1393 3813 quattuor
1422 3735 1448 3795 si

146 3835 243 3896 dicam
266 3833 427 3912 pirriabius
450 3840 479 3893 et
501 3841 599 3895 certas
620 3832 747 3911 syllabas
770 3833 860 3896 babet
886 3835 959 3895 duas
988 3843 1017 3894 et
1038 3842 1120 3895 certa
1142 3841 1276 3915 tempora
1299 3835 1375 3914 duo,
1404 3837 1447 3897 sic

147 3945 179 3996 et
201 3953 279 3997 unus
300 3937 427 4016 quisque
448 3954 510 4016 pes.
542 3935 641 4007 Quare
664 3935 803 3998 dicuntur
824 3936 935 4014 pedes?
968 3936 1041 4007 Quia
1108 3933 1276 4016 8pedibus
1289 3936 1446 4014 gradimur

146 4039 205 4100 iter
270 4035 291 4098 9
313 4056 367 4117 per
389 4038 481 4116 pedes
503 4045 668 4117 conputare
692 4036 761 4116 (leo.
778 4037 940 4107 ambrdare,
963 4039 1048 4113 cons.
1070 4041 1193 4101 Alcnc'ni
1205 4047 1302 4099 artem
1316 4057 1446 4115 promen.

142 4159 177 4216 p.
203 4147 297 4215 2086,
326 4148 363 4198 22
384 4141 424 4200 P:
453 4139 546 4201 Pedes
574 4139 648 4201 dicti
677 4159 712 4200 eo
741 4141 820 4220 quod
850 4142 922 4220 ipsis
951 4139 1035 4221 [cod.
1065 4141 1158 4203 Bern.
1186 4149 1240 4200 123
1267 4158 1321 4219 per
1349 4139 1445 4223 ipsos]

148 4250 243 4302 metra
273 4239 434 4320 ambulent)
507 4238 548 4301 14
574 4241 647 4302 illud
671 4259 739 4318 orn,
758 4261 814 4304 om.
847 4245 851 4252 '
895 4239 934 4305 15
962 4241 1020 4304 sibi
1048 4260 1105 4304 om.
1136 4244 1285 4305 euindioat
1355 4241 1395 4305 16
1416 4245 1446 4303 in

149 4347 245 4422 prima
268 4342 381 4422 syllaba
438 4341 475 4405 lt
499 4351 529 4404 et
550 4343 642 4405 thesis
665 4362 753 4406 unam
808 4345 1169 4426 namsipaenultimo—
1188 4346 1280 4407 thesis
1301 4346 1446 4427 duaslom.
1528 4353 1538 4362 ”

148 4443 187 4506 21
217 4453 342 4507 constet.
409 4441 451 4505 22
477 4447 603 4527 quisque
630 4465 684 4528 pes
711 4457 744 4508 ut.
771 4456 842 4525 puta
907 4446 1028 4510 habebit
1092 4445 1133 4509 23
1162 4448 1367 4528 unusquisque
1394 4466 1448 4527 pes

149 4547 314 4610 seeundum
336 4548 507 4628 qualitatem
531 4555 560 4608 et
582 4551 776 4626 quantitatem
799 4546 977 4629 syllabarum
1000 4559 1133 4630 tempora
1160 4549 1281 4611 babebit
1345 4546 1389 4610 24
1411 4567 1448 4610 ao

150 4668 206 4711 nou
270 4646 313 4712 25
335 4649 445 4711 Christi
466 4684 509 4696 -
531 4649 720 4712 sermonibus
742 4669 799 4712 om.
867 4652 1007 4713 trocheus
1071 4648 1113 4712 26
1136 4652 1307 4714 antibaecus
1330 4651 1367 4712 da
1384 4653 1448 4714 eius

149 4749 187 4812 27
210 4760 344 4830 negaret.
366 4751 442 4814 Nam
464 4760 493 4812 et
516 4751 564 4812 hie
579 4752 616 4812 de
632 4752 726 4813 solido
742 4755 774 4813 irt
797 4755 907 4814 excisio
924 4763 953 4815 et
968 4757 1000 4815 lit
1015 4753 1187 4814 antibaccus
1202 4773 1265 4834 pes.
1315 4750 1356 4815 28
1372 4755 1448 4816 suisa

151 4853 270 4914 solidari
291 4865 419 4934 possunt
483 4856 685 4915 terrentianus
742 4852 785 4915 29
806 4858 882 4916 scisa
946 4853 989 4917 30
1010 4858 1085 4918 seisa
1142 4852 1185 4917 32
1208 4864 1237 4916 et
1259 4873 1314 4917 om.
1376 4857 1448 4918 scis·
1555 4933 1559 4940 ι

199 4969 294 5011 Gratata.
311 4979 365 5013 uer.
381 4970 464 5012 Sarra.
1226 4977 1242 5011 ο
