3400 5450
305 247 367 313 100
830 247 898 314 ARS
916 247 1091 299 ANOA'YMA

508 439 597 510 Quis
619 455 674 499 me
696 438 867 498 miseram
891 445 926 496 et
948 443 982 498 te
1003 436 1185 516 perdidit,
1209 433 1342 498 Orleui

305 543 464 604 Vocatiuus
492 549 590 602 autem
612 537 636 621 †
656 541 687 601 in
711 539 760 600 dai
783 558 801 598 o
824 558 858 601 ee
887 541 1062 601 terminatus
1088 540 1256 608 inuenitur,
1285 541 1362 602 sieut
1388 541 1419 600 in
1448 539 1602 602 Sedulio

303 644 426 725 legitur:
474 645 606 722 ligneo
644 642 743 721 ligna
781 660 908 721 rogas,
947 640 1072 703 surdis
1109 641 1270 703 clamare
1307 641 1462 704 uideris.
1528 642 1600 704 ltern

304 749 459 808 uocatiuus
480 748 515 807 in·
535 765 570 807 us
599 746 699 806 linitus
728 746 895 816 inuenitur,
925 745 1002 806 sieut
1029 746 1295 823 grammaticus
1323 743 1407 806 dicit:
1445 744 1601 807 Veteres

302 849 483 910 dicebant
510 867 530 908 o
557 846 645 907 deus
672 865 760 908 reus
788 847 887 927 pius,
917 865 982 927 pro
1005 865 1022 906 o
1044 846 1110 907 dee
1138 864 1201 907 ree
1224 847 1292 925 pie.
1335 845 1415 917 Quot
1435 847 1546 925 genera
1569 849 1623 908 tos

302 971 335 1012 cr
357 952 554 1013 terminantur
577 951 606 1009 in
630 947 760 1010 secunda
783 947 1000 1010 declinationel
1030 950 1126 1010 Vnum
1142 965 1235 1028 genus
1258 955 1371 1010 tantum
1394 948 1599 1010 masculinum.

302 1054 407 1116 Omnia
432 1056 509 1114 enim
534 1052 654 1114 nomina
677 1053 706 1111 in
731 1069 763 1129 er
785 1053 943 1113 terminata
966 1050 1128 1112 masculina
1151 1060 1234 1119 sunt,
1257 1058 1290 1111 ut
1304 1049 1444 1112 bicliber
1463 1050 1511 1114 bic
1534 1051 1598 1131 pul·

301 1157 373 1217 cher
402 1155 450 1216 bic
478 1173 555 1234 puer
583 1141 745 1215 Menander
772 1151 941 1216 Alexander
963 1151 1138 1233 etreliqua.
1183 1152 1333 1224 Quaedam
1362 1161 1460 1214 autem
1489 1171 1527 1214 ex
1555 1154 1599 1215 bis
1690 1171 1691 1174 ’

302 1255 314 1339 l]
340 1259 360 1318 i.
384 1253 469 1338 98¹1}
486 1254 655 1317 nominibus
677 1257 707 1317 in
731 1273 765 1316 er
787 1253 991 1321 desinentibus
1012 1256 1043 1317 in
1066 1254 1195 1316 secunda
1220 1253 1416 1318 declinatione
1438 1254 1600 1317 obseruant

301 1379 317 1420 e
339 1363 369 1420 in
394 1357 522 1439 obliquis
544 1357 676 1428 casibus,
706 1365 739 1419 ut
765 1365 850 1419 tener
874 1359 969 1418 teneri
991 1363 1095 1419 tenero
1120 1366 1255 1419 tenerum
1279 1364 1364 1420 tener
1385 1378 1401 1420 a
1423 1365 1545 1428 tenero,
1570 1364 1632 1419 et1⁰

300 1459 456 1540 pluraliter
479 1461 576 1522 teneri
597 1468 770 1521 tenerorum
799 1461 910 1521 teneris
932 1466 1053 1521 teneros
1076 1461 1170 1521 teneri
1193 1478 1209 1520 a
1232 1461 1353 1524 teneris.
1397 1459 1447 1520 Sic
1468 1459 1598 1522 declina·

300 1572 349 1624 tur
371 1563 420 1623 hic
441 1581 531 1642 puer,
555 1561 604 1623 hic
626 1580 720 1641 gener
742 1568 771 1622 et
793 1562 891 1622 omnia
920 1563 1038 1623 uomina
1067 1563 1097 1621 in
1126 1563 1172 1623 ler
1195 1570 1224 1623 et
1245 1563 1274 1622 in
1298 1579 1352 1639 ger
1379 1564 1515 1625 exeuntia
1546 1563 1598 1624 ob·

299 1672 421 1728 seruant
435 1682 452 1725 e
466 1666 498 1724 in
514 1663 644 1744 obliquis
665 1663 799 1733 casibus,
823 1673 857 1725 ut
878 1663 927 1725 hic
949 1663 1087 1725 lruotiler
1108 1662 1232 1742 belliger
1254 1675 1284 1726 et
1305 1672 1414 1726 cetera.
1446 1665 1597 1737 Quaedam

299 1786 373 1828 uero
403 1785 462 1827 non
491 1764 652 1828 obseruant
674 1785 691 1836 e
712 1768 743 1827 in
773 1765 903 1845 obliquis
931 1764 1063 1835 casibus,
1093 1771 1124 1826 nt
1151 1783 1234 1827 sacer
1262 1769 1339 1827 sacri
1365 1785 1450 1830 sacro
1478 1786 1597 1829 sacrum

300 1887 385 1931 sacer
408 1888 424 1929 a
446 1886 545 1938 sacro,
577 1875 607 1929 et
632 1867 787 1948 pluraliter
815 1870 892 1930 sacri
920 1885 1074 1930 sacrorum
1102 1869 1196 1928 sacris
1222 1886 1325 1930 sacros
1353 1871 1430 1930 sacri
1453 1887 1468 1929 a
1491 1872 1633 1931 sacris.1⁵

300 1972 349 2032 Sic
372 1970 538 2032 declinatur
560 1969 644 2032 laber
671 1970 763 2041 labri,
794 1989 868 2050 aper
889 1971 968 2050 apri,
997 1985 1087 2049 caper
1109 1970 1206 2050 capri,
1237 1989 1345 2032 cancer
1367 1973 1483 2042 cancri,
1511 1989 1599 2032 socer

298 2075 393 2142 socri,
416 2071 581 2135 Alexander
596 2071 770 2143 Alexandri,
794 2071 957 2133 Menander
971 2072 1134 2133 Menandri.
1165 2071 1218 2134 Est
1240 2081 1338 2134 autern
1363 2092 1453 2135 unum
1477 2091 1599 2142 nomen,

299 2173 378 2255 quod
401 2174 511 2235 dicitur
533 2172 618 2245 liber,
642 2174 721 2254 qood
744 2173 818 2235 duas
840 2174 1071 2252 signtueationes
1093 2173 1205 2234 habere
1228 2175 1356 2236 uidetur.
1389 2175 1502 2237 Dicitur
1516 2178 1598 2237 enirn

238 2323 240 2327 -
298 2276 376 2338 liber
397 2277 559 2354 ingenuus,
583 2276 641 2337 boc
664 2283 708 2336 est
730 2294 746 2336 a
768 2274 922 2346 libertate,
946 2281 976 2336 ct
998 2274 1107 2336 dicitur
1129 2275 1204 2337 liber
1226 2276 1367 2338 uolumen
1389 2296 1406 2338 a
1428 2275 1515 2348 libro,
1541 2276 1599 2338 hoc

299 2387 344 2440 est
367 2380 477 2440 cortice
505 2377 636 2448 arboris,
665 2381 696 2440 in
719 2395 777 2457 quo
801 2377 929 2457 antiqui,
958 2385 1116 2457 antequam
1145 2378 1265 2440 cbartae
1292 2381 1433 2440 inuentae
1462 2379 1635 2454 luissenti⁰

297 2480 433 2542 solebant
455 2479 602 2555 scribere,
627 2489 656 2540 et
677 2478 734 2541 boc
757 2497 883 2550 nomen,
908 2478 1028 2557 quando
1050 2479 1086 2540 de
1109 2478 1245 2542 libertate
1273 2479 1395 2551 dicitur,
1418 2480 1600 2543 obseruate

234 2587 238 2594 ’
298 2587 330 2645 in
353 2581 484 2661 obliquis
506 2582 626 2644 casibus
649 2587 680 2643 et
698 2583 741 2642 sic
763 2581 945 2642 declinatur:
974 2579 1051 2642 liber
1066 2581 1154 2644 liberi
1178 2589 1208 2642 ct
1229 2590 1342 2654 cetera;
1366 2583 1483 2664 quando
1499 2592 1600 2645 autem

227 2661 238 2681 x
299 2685 336 2746 de
358 2685 510 2747 uolumine
533 2683 651 2755 dicitur,
674 2702 736 2744 non
758 2680 898 2744 obseruat
920 2701 936 2743 e
957 2683 988 2744 in
1011 2683 1141 2764 obliquis
1164 2684 1282 2747 casibus
1304 2693 1335 2746 et
1356 2687 1400 2747 sic
1421 2684 1600 2747 declinatur:

299 2787 376 2848 liber
398 2787 466 2848 libri
490 2794 520 2847 et
542 2793 651 2850 cetera.
696 2784 944 2864 Interrogandum
969 2793 1013 2846 est
1035 2793 1144 2853 autern,
1168 2785 1276 2868 qulbus
1298 2787 1396 2850 modis
1418 2787 1600 2850 discernun-

298 2897 348 2951 tur
370 2890 489 2949 nomina
512 2887 660 2950 secundae
684 2886 890 2948 declinationis
913 2895 944 2948 et
964 2889 1070 2949 tertiae
1094 2888 1297 2950 declinationis
1318 2891 1349 2950 in
1365 2908 1399 2951 er
1414 2889 1636 2952 desinential²i

305 3037 398 3053 .....
419 2989 497 3071 apud
521 2993 652 3053 Graecos
674 2996 793 3050 etanta
815 3007 867 3050 ros
890 2987 1002 3050 babent
1024 2992 1157 3072 quinque
1179 2999 1391 3061 consonantes
1416 2991 1473 3052 boc
1488 3000 1532 3052 est
1550 2990 1600 3052 cd

258 3105 261 3112 ·
299 3110 358 3172 gp
380 3100 405 3162 t,
435 3099 469 3154 ut
496 3091 629 3155 Terrcros
656 3091 840 3180 Alexandros
867 3090 1045 3154 Menandros
1073 3111 1161 3172 agros
1190 3111 1297 3173 capros
1318 3093 1486 3173 'l‘bymbros
1507 3098 1599 3156 Ante·

299 3203 414 3274 patros;
443 3193 518 3254 baec
540 3191 617 3274 apud
640 3193 762 3254 Latinos
783 3211 835 3255 ros
857 3195 886 3254 in
911 3211 944 3254 er
966 3203 1146 3257 conuertunt
1168 3203 1196 3255 et
1217 3195 1366 3257 secundae
1389 3195 1600 3259 declinationis

299 3303 376 3358 sunt.
422 3295 465 3356 lta
488 3295 603 3357 Terrcer
625 3294 749 3367 Teucri,
772 3294 935 3357 Menander
958 3295 1122 3366 Menandri,
1146 3294 1312 3359 Alexander
1334 3297 1502 3367 Alexandri,
1525 3315 1601 3377 ager

275 3401 377 3476 agri,
401 3416 490 3478 caper
513 3400 610 3479 capri,
633 3395 785 3478 Thymber
808 3397 966 3477 Thymbri,
989 3401 1142 3479 Antipater
1163 3399 1318 3478 Antipatri.
1364 3397 1519 3480 Excipitur
1541 3401 1598 3460 im·
1612 3405 1635 3444 ³⁰

300 3500 385 3562 bros:
415 3499 493 3581 apud
523 3501 654 3562 Graecos
676 3502 719 3561 sic
742 3498 858 3569 dicitur,
888 3499 966 3578 apud
994 3499 1115 3561 Latinos
1138 3507 1235 3561 autem
1258 3499 1364 3570 imber,
1388 3501 1468 3578 quod
1491 3503 1599 3563 tertiae

300 3604 505 3664 declinationis
528 3610 587 3672 estc
611 3603 682 3663 lacit
704 3603 781 3662 enirn
801 3600 898 3661 imber
913 3600 1026 3663 imbris.
1057 3601 1094 3662 Et
1109 3609 1178 3664 sunt
1192 3603 1247 3663 alia
1263 3603 1319 3663 dara
1336 3605 1456 3664 nomina
1472 3604 1598 3672 Graeca,
1690 3671 1691 3676 η

299 3723 374 3784 quac
397 3705 467 3766 dros
490 3714 520 3767 et
541 3723 611 3783 gros
633 3723 693 3766 non
709 3704 739 3764 in
756 3722 798 3776 er,
822 3703 874 3764 sed
889 3705 920 3765 in
938 3722 973 3765 ua
988 3712 1169 3766 conuertunt
1183 3705 1260 3783 apud
1275 3705 1406 3775 Latinos,
1430 3713 1465 3766 ut
1486 3703 1599 3766 Cedros

369 3911 382 3959 1
401 3909 520 3960 miseram
539 3907 599 3959 lecit
616 3918 640 3958 te
690 3910 831 3959 auocatur
849 3918 931 3958 sutem
950 3907 976 3958 in
995 3908 1037 3959 dai
1051 3922 1066 3957 o
1078 3903 1118 3974 ee]
1139 3907 1262 3959 Fortasse
1278 3908 1451 3960 scribendum:
1471 3909 1596 3959 interdurn
1690 3925 1691 3974 3

298 3977 324 4027 in
339 3993 368 4026 ee
419 3981 435 4028 3
448 3977 543 4027 sordiis
555 3977 664 4040 qaedam
677 3992 693 4026 s
705 3992 732 4026 re
744 3971 850 4042 uideris]
864 3976 899 4040 cf.
908 3975 1007 4026 Sedato·
1014 3975 1056 4030 lib.
1069 3976 1100 4026 1:
1118 3979 1198 4028 ineos
1209 3978 1253 4043 pati
1264 3979 1346 4028 lunam
1357 3984 1384 4027 et
1394 3978 1448 4028 elio
1459 3977 1599 4027 huiusmodi
1690 3993 1691 4004 ²

297 4049 382 4098 colunt
398 4063 423 4097 u.
435 4047 467 4095 11
527 4047 668 4097 Artocatur
684 4044 709 4094 in
728 4060 759 4094 us
811 4045 966 4110 gramaticus
1017 4045 1121 4106 bquod
1172 4045 1339 4096 Sminander
1408 4047 1468 4096 iiio
1486 4045 1598 4095 seconde
1690 4025 1691 4064 l

298 4113 475 4163 declinationis
544 4116 577 4165 10
595 4123 707 4167 tenerum
725 4122 799 4163 tenes
885 4111 1076 4163 alcedinum
1163 4116 1195 4164 13
1213 4113 1394 4163 obseruantia
1481 4115 1514 4164 14
1530 4113 1596 4163 sacri
1690 4119 1691 4128 ¹

299 4182 366 4230 sacri
424 4184 456 4233 17
474 4181 607 4232 minander
622 4179 749 4231 minandri
819 4182 852 4231 19
870 4176 989 4244 ingenius
1058 4181 1209 4232 acrosticis
1227 4181 1327 4243 arbore,
1345 4184 1446 4232 nudatis
1463 4181 1596 4232 uerborum
1690 4207 1691 4210 ¹

295 4249 397 4314 finibus.
449 4251 556 4314 antique
606 4247 693 4300 charte
709 4249 812 4299 inuenta
891 4251 922 4298 21
943 4247 1104 4313 obseruate]
1123 4249 1301 4300 obseruantem
1376 4251 1410 4300 23
1429 4249 1564 4299 obseruate

297 4317 457 4368 declinantur
524 4319 558 4369 25
576 4318 602 4367 in
621 4334 648 4368 er
664 4319 806 4369 desinentia
824 4313 867 4382 up'
880 4313 982 4383 grecus]
1002 4319 1072 4368 Ante
1089 4317 1159 4383 apud
1176 4315 1285 4369 Graecos
1303 4321 1368 4384 quoe
1386 4319 1546 4380 eaecidermrt,
1564 4332 1596 4366 ea

296 4387 432 4438 seeundum
448 4387 573 4438 rationem
589 4389 616 4436 ia
632 4385 794 4454 sequentibus
811 4385 972 4435 obseruatum
988 4385 1110 4450 laesere
1128 4387 1201 4437 modo
1217 4388 1335 4452 suppleri
1348 4392 1483 4452 poterunt:
1511 4385 1595 4435 Prima

296 4455 388 4520 regula
405 4457 593 4504 estnominum
613 4453 740 4505 secundae
757 4453 935 4504 declinationis
955 4455 980 4503 in
999 4469 1026 4502 er
1048 4456 1210 4519 exeuntium,
1235 4453 1301 4504 idest
1322 4455 1367 4504 illa
1390 4455 1505 4513 uonrina,
1530 4469 1596 4516 quae
1690 4463 1691 4476 ³

296 4525 322 4571 iu
341 4538 384 4572 ros
403 4533 498 4573 exeunt
515 4522 583 4590 apud
597 4523 707 4574 Graecos
720 4532 766 4572 eto.
837 4522 871 4572 26
883 4519 1007 4586 quinque]
1019 4521 1084 4572 Sunt
1095 4537 1189 4574 reuera
1199 4539 1259 4587 sear,
1276 4524 1325 4574 sed
1336 4524 1452 4587 fortasse
1463 4521 1478 4572 d
1491 4521 1595 4586 (Ydym-
1690 4545 1691 4548 ¹

296 4588 369 4657 leros)
387 4591 531 4642 addendum
548 4598 615 4647 erat.
670 4593 821 4642 streperos
873 4589 1024 4640 minaadros
1076 4591 1183 4641 cimbros
1235 4601 1382 4656 antepatrus
1450 4589 1595 4642 astoricus
1690 4605 1691 4634 r

296 4661 329 4710 29
347 4665 432 4708 tenear
446 4661 561 4716 tenerius
611 4657 744 4710 minander
761 4657 888 4708 minandri
939 4661 973 4709 30
989 4658 1081 4708 timber
1098 4660 1182 4708 timbri
1234 4668 1365 4725 antepater
1381 4659 1509 4724 antepatri
1563 4659 1596 4708 32

297 4727 386 4790 ymber
454 4729 487 4778 33
505 4738 558 4777 tros
609 4727 702 4778 latinos
754 4727 846 4776 caduca
