3420 5450
529 341 640 393 conl).
660 341 792 394 BERNN.
813 344 862 394 522
882 346 910 393 et
927 344 987 395 tet.
1309 361 1426 408 XXXIX

209 530 353 608 Sequitur
364 539 435 610 pest
447 534 570 594 Petrum
585 533 728 593 Donati
748 549 813 593 ors
834 534 957 594 maier
978 539 1013 592 ct
1035 533 1299 596 barbarismus
1314 551 1351 611 p.
1368 541 1427 594 367

141 642 228 696 „roe
240 637 280 696 K.
301 633 331 707 s.
351 641 407 694 coa
422 669 464 678 -
476 635 504 708 f.
522 633 586 695 sat.
605 635 609 644 ·

208 736 366 810 Deindef,
384 735 526 809 ὅθ’-ί.
544 734 595 795 91⁶
617 739 800 816 anonymi
818 745 1063 797 commentum
1087 740 1122 797 in
1145 737 1289 798 Donati
1310 744 1427 798 artem

141 840 330 904 secundom
353 856 374 897 o
393 841 455 911 fine
476 839 661 910 mutilatum,
693 841 775 916 qnod
796 845 888 900 toturn
911 838 1000 912 infre
1020 842 1155 916 proponi
1173 855 1302 914 aequum
1324 842 1431 902 cenni

142 945 285 1006 unonnm
300 942 453 1015 quoddam
470 941 592 1002 dicendi
610 957 708 1015 penus
730 943 760 1000 in
783 943 836 1002 illo
857 941 1101 1017 conspicerem
1144 943 1243 1003 Meno
1263 942 1429 1002 recentiori

142 1063 206 1109 suec.
224 1042 295 1116 sere
321 1042 431 1104 XIIII
455 1043 691 1118 superscriptum
720 1048 780 1102 est:
816 1041 848 1101 lu
877 1043 997 1104 nominc
1026 1050 1127 1104 sancte
1155 1043 1297 1104 trinitatis
1324 1044 1428 1122 incipit

143 1146 205 1209 liber
225 1147 318 1205 sancti
342 1141 495 1222 Stephani.
888 1209 958 1249 ΒΗ

210 1268 236 1324 ln
258 1267 369 1324 nomine
391 1273 500 1323 sanctae
525 1265 654 1322 trinitatis
678 1281 826 1342 aggressus
842 1265 993 1340 (lueeUS)
1009 1268 1145 1342 quidam
1162 1271 1235 1325 iuxta
1252 1267 1426 1326 traditionem

143 1349 223 1429 laum)
244 1352 496 1426 magistrorum
520 1351 553 1408 de
574 1350 669 1409 multis
690 1368 775 1426 panca
799 1369 1021 1411 commemorare.
1064 1353 1129 1409 Nam
1159 1355 1229 1410 sicut
1257 1352 1426 1411 abscondero

143 1437 237 1514 aliquod
251 1436 353 1494 bonum
368 1436 552 1510 periculosum
569 1451 700 1493 essenon
716 1436 827 1509 dubito,
852 1438 887 1494 ita
910 1438 977 1494 mihi
1000 1438 1053 1496 hoc
1075 1439 1102 1494 iu
1117 1439 1178 1496 loco
1195 1438 1425 1514 praesumtionem

142 1520 333 1600 (praesumtiuo)
356 1523 429 1577 iuxta
451 1520 568 1578 aliorum
590 1523 801 1578 ruminationem
819 1539 880 1579 esse
896 1523 1024 1580 tremisco
1040 1519 1183 1596 (teutisca).
1214 1524 1313 1580 lamen
1328 1541 1425 1598 pauca,

141 1627 198 1685 puae
217 1605 290 1682 (qua)
313 1606 436 1663 ualemus
459 1606 492 1664 ad
516 1604 716 1664 adolescentem
738 1606 819 1680 (um)
842 1605 992 1681 †paruutn
1022 1607 1072 1681 (en
1094 1606 1241 1682 peritumt)
1271 1608 1423 1665 laciendum

141 1697 193 1766 lin
214 1687 309 1773 numiui
332 1690 382 1764 (en
404 1690 569 1764 intimaret),
592 1691 620 1747 in
643 1692 762 1748 editione
784 1692 902 1749 secunda
925 1693 1071 1750 auxiliante
1093 1693 1201 1750 Christo
1224 1693 1424 1768 aggrediamur.

210 1777 336 1833 Primitus
360 1776 497 1833 sciendum
521 1783 579 1849 est,
609 1776 671 1850 quia
695 1778 783 1832 omnis
806 1779 956 1834 auctoritas
979 1779 1176 1853 scripturarum
1198 1780 1225 1834 in
1249 1777 1336 1834 tribus
1360 1796 1424 1836 con·

140 1866 201 1922 sistit
217 1861 402 1936 temporibus,
425 1860 496 1918 idest
517 1861 658 1934 praeteriti
681 1857 758 1936 (poti)
782 1864 934 1936 praesentis
957 1857 1022 1937 (pli)
1045 1872 1071 1919 et
1093 1863 1195 1936 loturi,
1219 1862 1263 1919 uel
1285 1864 1312 1919 in
1337 1862 1424 1920 tribus

139 1949 213 2006 nodis
234 1947 448 2018 commendatur,
470 1946 542 2002 idest
565 1945 641 2004 locus
666 1942 748 2023 (toci)
779 1957 887 2024 tempus
910 1956 938 2004 et
960 1965 1087 2024 persona.
1132 1949 1186 2005 Nec
1207 1965 1262 2004 non
1285 1949 1312 2004 in
1337 1948 1424 2005 trihus

138 2032 251 2110 personis
273 2033 444 2104 terminatur,
468 2031 539 2087 idest
561 2033 608 2106 qui
631 2031 714 2104 dicit,
737 2050 752 2088 a
775 2049 830 2107 quo
854 2033 974 2106 dicitnr,
999 2033 1031 2090 de
1060 2050 1115 2108 quo
1138 2033 1219 2105 dicit,
1247 2032 1308 2088 siue
1336 2032 1423 2089 tribus

140 2117 313 2176 locutionibus
337 2118 548 2191 constringitur,
572 2117 643 2174 idest
664 2126 711 2174 aut
733 2117 766 2174 de
788 2117 926 2192 praesenti
949 2118 1057 2175 saeculo
1080 2126 1127 2175 aut
1149 2118 1182 2175 de
1204 2118 1255 2174 deo
1278 2126 1306 2174 et
1328 2125 1423 2193 poteo-

139 2207 169 2262 ιιι
176 2244 325 2263 ........
346 2201 438 2275 (nulle
460 2203 491 2258 in
512 2203 608 2259 codice
630 2203 737 2258 Iocone
760 2201 947 2274 conspicitur)
963 2212 1011 2260 aut
1033 2203 1065 2260 de
1088 2203 1183 2260 loturo
1205 2211 1234 2259 et
1255 2203 1314 2260 eius
1336 2202 1423 2277 gloria

140 2288 179 2346 uel
193 2286 440 2363 poenaloquimur.
475 2287 541 2344 Nam
564 2295 591 2343 et
614 2289 764 2344 auctoritas
786 2289 983 2362 scripturarum
1006 2290 1033 2345 in
1058 2288 1144 2345 trihus
1167 2287 1254 2345 modis
1271 2287 1425 2345 dinoscitur

138 2372 207 2450 (de-l:
229 2381 276 2432 aut
296 2389 326 2428 ex
343 2369 431 2428 titulis
447 2379 476 2427 et
489 2373 638 2445 prooemiis
654 2371 696 2443 (ex
712 2372 868 2446 praemiis),
891 2381 922 2429 ut
944 2374 1121 2448 propheticos
1144 2371 1228 2430 libros
1252 2380 1279 2429 et
1301 2371 1420 2447 apostoli

136 2458 255 2534 epistolas
268 2451 280 2533 ll
293 2457 312 2514 i.
324 2449 382 2514 g9a
395 2449 426 2532 l',
443 2465 489 2512 aut
505 2471 536 2512 ea
553 2456 639 2514 titulis
655 2466 769 2522 tantum,
783 2467 812 2513 ut
827 2457 1022 2530 euangelistas,
1036 2459 1080 2514 uel
1096 2475 1140 2514 ars
1155 2459 1208 2514 ista
1222 2459 1318 2515 Donati
1334 2475 1423 2532 gram·

134 2545 230 2608 malici,
253 2550 299 2598 aut
321 2559 353 2598 ex
378 2541 523 2597 traditione
544 2550 686 2614 ueterum,
710 2551 740 2599 ut
763 2541 861 2617 Moysis
886 2543 1002 2599 traditur
1017 2543 1162 2617 scripsisse
1177 2543 1199 2597 V
1213 2543 1319 2616 primos
1334 2541 1420 2599 libros

135 2629 264 2684 historiae.
304 2627 338 2683 lit
361 2625 488 2683 similiter
510 2629 616 2700 species
637 2627 784 2684 dictionum
808 2635 940 2702 quattuor
962 2628 1050 2684 modis
1073 2627 1226 2686 dinoscitur
1248 2625 1325 2700 (de),
1349 2627 1420 2684 idest

135 2713 268 2784 trieterica,
289 2711 464 2786 prophetica,
488 2709 685 2785 prooemialis,
708 2713 871 2787 simpliciter
893 2713 1010 2784 docens,
1033 2728 1102 2787 quae
1124 2711 1236 2770 moralis
1258 2713 1364 2769 dicitur.

205 2797 277 2854 llaec
297 2811 366 2853 uero
388 2795 472 2853 editio
495 2797 613 2854 secunda
635 2797 731 2855 Donati
753 2799 920 2870 grammatici
943 2797 1017 2854 iuxta
1040 2797 1197 2856 historicam
1221 2794 1296 2873 (ici)
1319 2798 1421 2854 doctri·

133 2900 185 2940 nem
206 2884 334 2956 primitus
357 2880 539 2956 intellegenda
562 2890 619 2954 est,
643 2882 738 2939 deinde
762 2883 789 2938 in
811 2882 933 2940 moribus
956 2883 1167 2955 consideranda,
1189 2891 1286 2957 postea
1308 2899 1375 2939 uero
1393 2883 1419 2938 in

130 2967 266 3024 altioribus
288 2966 371 3023 rebus
394 2965 524 3024 eleuanda
547 2976 598 3024 est.
637 2967 707 3024 lstae
730 2976 821 3042 partes
845 2969 994 3040 orationis,
1019 2967 1097 3041 quasi
1120 2967 1189 3024 alatae
1211 2969 1283 3023 inter
1305 2985 1335 3023 se
1357 2985 1419 3040 per·

129 3070 203 3110 sonae
225 3053 441 3126 conloquuntur,
465 3053 505 3110 sic
526 3052 685 3114 discurrunt
707 3060 735 3108 ct
757 3053 842 3110 uerba
864 3054 968 3128 gratia,
990 3069 1052 3110 cum
1074 3053 1176 3110 dicitur
1198 3052 1302 3126 ‘partes
1318 3054 1419 3108 oratio·

128 3137 164 3194 nis
184 3146 253 3212 quot
280 3135 380 3193 suntl’
411 3138 491 3212 quasi
518 3138 600 3195 homo
629 3140 797 3212 interroget,
826 3146 854 3195 et
882 3155 943 3196 cum
971 3137 1071 3195 dicitur
1099 3137 1211 3209 ‘octo',
1240 3138 1318 3211 quasi
1345 3139 1416 3193 ratio

126 3222 274 3296 respondet.

201 3307 296 3363 Omnis
331 3306 420 3364 oratio
450 3306 568 3365 soluitur
595 3307 622 3364 in
650 3308 748 3378 uerba,
780 3308 865 3366 uerba
896 3307 1044 3365 soluuntur
1073 3310 1100 3364 in
1134 3308 1263 3383 syllabis,
1297 3306 1418 3382 syllabae
1503 3298 1505 3307 '

123 3391 263 3448 soluuntur
287 3393 314 3448 in
337 3391 448 3452 litteris.
494 3393 670 3450 Grammatica
700 3409 766 3450 uero
796 3395 823 3449 iu
853 3395 895 3450 his
923 3401 1054 3467 quattuor
1081 3393 1163 3451 rebus
1191 3400 1308 3450 constat.
1352 3393 1416 3448 Nam

124 3476 147 3532 in
166 3495 241 3534 sacre
265 3477 406 3551 scriptura
428 3494 512 3551 super
534 3479 577 3534 his
599 3485 731 3552 quattuor
753 3477 835 3535 rehus
857 3478 966 3534 additur
987 3478 1075 3536 atlhuc
1097 3477 1230 3553 spiritalis
1258 3476 1418 3551 intellegen-

122 3563 161 3618 tia.
186 3563 268 3637 Apud
285 3556 297 3641 ll
314 3563 334 3620 i.
351 3563 412 3621 90²
428 3555 440 3640 ΙΙ
456 3565 720 3636 grammaticos,
743 3566 815 3621 sieut
838 3562 963 3634 diximus,
986 3563 1075 3619 oratio
1097 3563 1131 3618 do
1154 3565 1211 3619 oris
1234 3564 1339 3620 ratione
1363 3563 1414 3619 tria

122 3655 237 3722 tempora
265 3657 359 3719 tenet,
388 3650 565 3721 praeteritum
594 3664 724 3722 praesens
746 3657 773 3704 et
794 3648 926 3705 loturum.
970 3648 1101 3704 Similiter
1129 3657 1156 3704 et
1185 3649 1273 3706 oratio
1301 3649 1334 3705 do
1361 3647 1413 3705 deo

120 3731 201 3789 tribus
223 3733 316 3791 modis
338 3740 462 3798 constat,
486 3734 550 3789 dum
572 3733 605 3788 de
628 3734 733 3807 adeptis
755 3735 858 3808 gratias
881 3734 1004 3808 agimus,
1026 3740 1073 3790 aut
1095 3733 1158 3789 dum
1179 3735 1315 3808 petiturus,
1344 3751 1414 3808 quae

118 3819 253 3892 cupimus,
278 3827 328 3874 aut
350 3819 414 3875 dum
437 3835 487 3891 pro
510 3817 571 3875 aliis
594 3835 732 3893 rogamus.

194 3903 248 3961 Sex
272 3914 357 3976 sunt,
381 3920 450 3978 quoe
473 3902 585 3960 adiectis
608 3904 653 3961 uel
668 3894 703 3978 (a't)
719 3902 892 3979 appellatiuis
915 3903 1070 3960 nominihus
1092 3904 1233 3969 accidunt,
1257 3903 1326 3960 idest
1348 3920 1412 3976 qua·

118 3989 172 4046 titas
199 3991 375 4064 comparatio
404 4005 490 4062 genus
518 4005 650 4045 numerus
678 3989 764 4062 figura
793 4007 879 4044 castis.
925 3988 988 4045 Nam
1017 3990 1129 4063 propria
1157 3989 1201 4045 uel
1231 3985 1281 4045 lixa
1304 3989 1412 4044 nomina

116 4091 164 4129 nou
185 4083 390 4149 conparantur.
435 4073 556 4141 Qualitas
581 4072 669 4142 tribus
695 4073 777 4130 rebus
805 4082 929 4145 constat,
958 4074 1029 4130 idest
1051 4074 1083 4130 ab
1107 4074 1195 4130 animo
1219 4091 1233 4130 a
1259 4089 1375 4146 corpore
1397 4090 1412 4128 a

115 4158 227 4216 iortuua.
274 4159 319 4215 Ab
343 4159 450 4230 animo,
473 4169 503 4216 ut
526 4159 614 4216 bonus
637 4159 739 4228 tnalus;
763 4176 776 4214 a
799 4175 927 4232 corpore,
951 4168 981 4215 ut
1004 4159 1116 4233 pulcher
1138 4157 1237 4232 turpis,
1260 4157 1411 4229 alortuna,

115 4251 140 4298 ut
159 4261 265 4320 pauper
289 4244 379 4300 diues.
424 4243 566 4311 Quantitas
594 4243 665 4300 enim
694 4261 739 4300 sea
768 4244 856 4300 modis
885 4245 1071 4319 principaliter
1097 4243 1211 4312 dicitur,
1240 4252 1271 4298 ut
1298 4241 1412 4315 longum

114 4329 216 4386 breuem
245 4329 338 4386 latum
368 4339 514 4404 angustum
543 4345 658 4404 paruum
687 4330 886 4386 aut‘multmu.
936 4329 1107 4403 Goratparatio
1142 4344 1190 4402 por
1221 4336 1277 4385 tres
1311 4328 1411 4402 gratius

113 4411 253 4487 discurrit,
278 4413 356 4471 idest
378 4415 525 4489 positluus,
549 4417 613 4490 quia
634 4415 723 4492 primo
745 4417 854 4491 positus
877 4423 934 4486 cst,
956 4415 1064 4485 dicitur,
1089 4423 1118 4470 ut
1140 4413 1255 4487 doctus,
1278 4431 1410 4488 coitpara-

170 4629 199 4697 *)
222 4631 300 4684 idean
327 4631 480 4697 opuseulum
502 4634 528 4682 in
552 4631 721 4699 Neapolitano
744 4647 848 4696 quoque
866 4633 953 4682 codice
972 4631 1006 4681 lV
1024 4633 1048 4682 A
1065 4633 1099 4684 et
1117 4646 1185 4683 saec.
1204 4629 1324 4681 xl-xu
1343 4639 1413 4680 extat

110 4703 265 4769 praescripto
287 4701 382 4754 titulo:
411 4701 452 4749 ‘iu
471 4701 573 4751 nomine
586 4699 701 4751 Sanctae
718 4701 862 4751 Trinitatis:
882 4701 972 4766 Incipit
990 4701 1040 4750 Ars
1058 4699 1226 4751 Palaemonis.
1262 4699 1411 4765 Aggressus

109 4771 205 4834 quidem
224 4771 308 4820 iuxta
329 4767 508 4818 traditionem’
532 4779 578 4819 ete.
602 4768 728 4831 habetque
749 4769 775 4817 iu
798 4767 848 4820 bne
866 4769 1053 4834 subscriptum:
1085 4767 1157 4819 ‘llruit
1173 4784 1215 4819 ers
1233 4766 1410 4818 Palaemonis’

109 4838 209 4892 ‹locente
228 4839 263 4891 fl.
284 4836 374 4888 Keilio
395 4835 504 4890 Graium.
523 4837 578 4894 Lat.
598 4839 621 4890 V
639 4835 734 4904 p.'‚52‘l
753 4835 841 4888 adnot.
