3372 5446
624 260 834 313 annunusrs.
1338 257 1377 320 91

90 450 237 510 uenient
258 448 299 510 ad
322 449 454 529 pocula
478 448 650 510 dammae.
681 448 754 509 ltem
778 447 954 510 Horatius
976 448 1118 510 feminine
1141 445 1228 508 dixit:
1258 445 1301 508 Et
1322 462 1381 508 su·

89 552 255 630 perlecto
277 549 435 630 pauidas
458 558 638 612 natarunt
660 567 822 628 aequore
845 549 1018 611 dammae.
1055 548 1129 610 ltem
1146 551 1246 610 omnia
1262 550 1381 610 nomina

89 654 160 714 inas
175 651 342 714 desinentia
359 651 435 737 opud
451 653 581 716 Graecos
597 650 613 735 ll
625 654 645 714 l.
663 649 726 714 96¹³
743 648 755 734 ΙΙ
771 670 847 732 quae
863 653 1034 730 genetiuum
1054 652 1084 712 in
1106 671 1147 712 ov
1164 649 1212 712 nel
1234 652 1264 712 in
1283 670 1305 711 α
1318 659 1382 711 ter-

89 757 204 826 minant,
217 755 294 834 apud
306 754 426 816 Latinos
440 757 471 816 in
488 773 522 816 ae
538 753 741 834 diphthongon
757 755 787 813 in
804 755 943 832 genetiuo
961 763 991 815 et
1005 753 1104 814 datiuo
1120 753 1261 815 desinunt
1275 760 1305 813 et
1320 754 1381 833 pri-

67 870 147 917 smae
170 863 241 918 sunt
256 857 470 928 declinationis,
487 865 521 941 ut
535 855 583 917 hio
599 855 701 936 Lysias
714 852 805 918 huius
819 855 940 936 Lysiae:
962 858 1006 916 sic
1021 855 1070 916 hic
1086 857 1208 926 Aeneas,
1224 855 1312 915 huius
1326 855 1381 916 Ae·

88 975 171 1034 neae,
196 959 266 1020 huic
286 960 419 1029 Aeneae,
444 960 524 1020 hune
545 960 674 1021 Aeneam
698 958 745 1020 uel
765 960 898 1029 Aenean,
921 977 940 1018 o
961 960 1059 1021 Aenea
1082 955 1130 1017 uel
1152 967 1172 1017 o
1191 959 1321 1026 Aeneas,
1346 955 1383 1016 ab
1476 1010 1481 1020 .

88 1057 139 1120 hoo
160 1063 270 1122 Aenea.
313 1061 393 1122 Haec
416 1079 488 1141 ergo
511 1063 623 1123 Graeca
654 1063 773 1122 nomina
804 1077 880 1138 quae
907 1059 985 1141 apud
1007 1059 1127 1121 Latinos
1154 1061 1184 1120 in
1208 1079 1239 1122 as
1261 1066 1381 1134 exeunt,

90 1169 144 1222 tres
165 1164 283 1242 species
297 1161 422 1224 habent:
446 1165 540 1243 prima
564 1169 611 1223 est
625 1161 672 1224 illa
689 1164 819 1233 nomina,
843 1181 917 1242 quae
940 1163 1034 1223 iante
1056 1180 1088 1222 as
1108 1160 1219 1222 habent
1241 1169 1271 1222 et
1292 1178 1382 1238 gene·
1430 1188 1434 1198 ·

90 1266 176 1326 tinum
199 1266 229 1324 in
253 1263 493 1336 disterminant,
516 1273 549 1325 nt
563 1264 714 1345 Olympias
737 1263 867 1345 Pythias:
891 1283 959 1326 nam
977 1263 1159 1344 Olympiadis
1182 1271 1211 1324 et
1233 1262 1384 1342 Pythiadis

58 1365 205 1427 10iaeiunt
244 1366 379 1428 Secunda
403 1369 519 1447 specics
542 1375 587 1428 est
608 1367 743 1438 nomina,
767 1384 843 1446 quae
859 1385 878 1426 n
894 1367 1022 1428 litteram
1044 1367 1076 1429 in
1098 1367 1239 1442 genetiuo
1261 1364 1382 1436 addunt,

91 1475 119 1528 ul
138 1465 234 1529 Pelias
256 1467 412 1540 Pallantis,
442 1468 541 1530 Thoas
564 1467 720 1540 Thoantis,
750 1467 852 1530 Athlas
874 1468 1030 1530 Athlantis.
1075 1467 1176 1529 Tertia
1200 1467 1316 1546 species
1340 1474 1385 1527 est

90 1570 116 1629 in
142 1569 189 1630 his
217 1569 389 1631 nominibus
418 1571 539 1632 Graecis
572 1572 687 1650 primae
722 1570 944 1640 declinationis,
978 1587 1053 1650 quae
1087 1571 1259 1648 genetinum
1291 1569 1320 1630 in
1349 1587 1384 1628 ae

90 1669 289 1750 diphthongon
311 1673 481 1743 terminant,
506 1681 537 1733 nt
552 1673 666 1734 Aeneas
680 1673 812 1742 Aeneae,
835 1671 1016 1750 Pythagoras
1039 1671 1238 1751 Pythagorae,
1260 1669 1384 1750 Lycidas

91 1771 220 1851 Lycidas,
236 1775 346 1852 Augias
361 1772 479 1852 Angiae,
504 1773 753 1851 quemadmodum
769 1773 872 1834 Latina
895 1775 1015 1834 nomina
1038 1793 1054 1835 a
1070 1773 1236 1842 terminata,
1259 1778 1292 1832 ut
1306 1771 1384 1834 Catt-

61 1873 152 1936 atine.
185 1875 337 1947 Quaedam
360 1883 458 1937 tamen
475 1875 588 1938 Graeca
609 1879 727 1939 nomina
752 1895 766 1938 s
788 1873 916 1938 litteram
940 1877 1093 1944 amittunt,
1118 1891 1185 1934 eum
1207 1875 1331 1936 ueniunt
1352 1875 1383 1933 in

91 1995 168 2038 usum
184 1977 334 2049 Latinum,
357 1985 389 2038 ut
404 1977 488 2040 Nicia
504 1977 593 2040 hlela:
620 1996 691 2058 ergo
713 1982 745 2040 in
768 1977 815 2039 his
837 1975 1007 2040 nominibus
1029 1975 1212 2038 consuetudo
1236 1973 1382 2038 seruanda

91 2090 139 2140 est.
182 2063 257 2140 ltem
280 2077 426 2141 Hebraico
450 2082 570 2141 nomina
592 2081 622 2140 in
645 2099 677 2141 as
699 2080 863 2142 desinentia
887 2079 1002 2160 primae
1023 2087 1092 2140 sunt
1114 2076 1328 2148 declinationis,
1352 2083 1385 2137 ut

91 2179 133 2241 hic
153 2181 233 2243 Elias
255 2179 346 2242 huius
368 2180 463 2250 Eliae,
488 2183 531 2243 sic
552 2181 661 2244 lesaias
683 2181 849 2244 Hieremias
871 2179 1012 2244 Ezechias
1034 2179 1143 2242 Abdias
1165 2180 1278 2242 Michas
1299 2180 1384 2240 lonas

91 2281 239 2344 Zacharias
256 2281 413 2344 Malachiae
427 2285 578 2346 Annanias
592 2284 712 2346 Ananias
727 2281 837 2345 Tobios
853 2284 982 2344 Thomas
997 2279 1120 2343 hlathias
1139 2281 1274 2343 Andreas
1295 2280 1384 2343 hadas

60 2383 178 2447 ²⁰Lucas
202 2392 232 2446 et
247 2393 356 2447 cetera.
394 2385 467 2446 ltem
483 2386 605 2447 nomina
621 2385 733 2447 Graeca
757 2385 870 2464 primae
894 2384 1099 2445 declinationis
1121 2385 1152 2444 in
1169 2401 1200 2444 es
1215 2383 1382 2445 desinentia

89 2486 126 2546 sic
147 2484 350 2548 declinantur:
373 2484 421 2548 hic
444 2486 565 2548 Orestes
592 2487 718 2550 Achates
746 2487 864 2548 Atrides
887 2485 1005 2548 Pelides
1033 2486 1198 2547 Priamides
1226 2483 1384 2547 Diomedes

91 2596 117 2649 et
137 2591 236 2650 omnia
266 2589 470 2668 patranomica
499 2588 529 2650 in
554 2607 585 2650 es
607 2588 773 2650 desinentia
802 2590 914 2670 primae
937 2596 1007 2649 sunt
1028 2586 1250 2658 declinationis,
1280 2596 1314 2648 ut
1335 2587 1384 2649 hic

90 2690 235 2752 Aeneades
259 2688 349 2752 huius
370 2689 534 2760 Aeneadae,
557 2691 614 2751 hoo
637 2697 684 2752 est
704 2690 820 2752 Aeneae
843 2688 933 2751 lilius:
957 2691 1001 2751 sic
1022 2689 1073 2750 hic
1093 2688 1302 2760 Anchisiades,
1326 2687 1383 2750 hoc

90 2801 130 2852 est
157 2790 305 2853 Anchisae
337 2790 435 2853 filius·
470 2791 544 2853 ltem
574 2791 758 2854 Dardanides
779 2791 978 2862 Dardanidae,
1003 2791 1147 2852 Thesides
1174 2791 1320 2852 Thesidae
1340 2799 1385 2852 oet

59 2885 333 2954 altinaes‘ltiadae
366 2902 396 2954 et
417 2901 527 2956 cetera.
570 2893 650 2956 llaec
677 2901 775 2956 autern
806 2896 926 2956 nomina
954 2895 1067 2956 Graeca
1100 2894 1130 2954 in
1159 2911 1190 2954 es
1218 2891 1387 2954 desinentia

91 2996 198 3072 primae
220 2994 426 3057 declinationis
448 2995 613 3058 secundum
629 2995 750 3058 Latinos
773 2998 818 3057 sic
839 2994 1040 3057 declinantur:
1063 2995 1112 3055 hic
1127 2993 1274 3057 Anchises
1296 2995 1385 3056 huius

90 3095 228 3160 Anchisae
251 3097 322 3159 huic
343 3095 489 3160 Anchisae
516 3095 596 3158 hunc
618 3097 778 3160 Anchisem
799 3095 848 3158 uel
870 3095 1032 3166 Anchisen,
1063 3115 1081 3157 o
1103 3096 1229 3159 Anchisa
1253 3097 1303 3158 nel
1324 3099 1385 3160 An·

89 3198 189 3272 chises,
214 3199 251 3261 ab
274 3199 331 3260 hoc
353 3200 480 3262 Anchisa
503 3199 550 3262 uel
565 3201 704 3262 Anchise.
742 3201 792 3262 Sic
814 3198 1001 3261 declinantur
1024 3205 1054 3260 et
1074 3198 1130 3260 alia
1154 3200 1283 3269 nomina,
1307 3218 1383 3279 quae

90 3298 226 3372 diximus,
250 3303 282 3362 in
299 3320 331 3362 es
345 3300 522 3364 desinentia.
559 3301 592 3362 ln
610 3322 624 3364 a
641 3305 696 3364 tria
719 3301 920 3383 monosyllaba
935 3301 1037 3363 Latina
1060 3300 1281 3364 indeclinabilia
1304 3311 1382 3374 sunt,

59 3411 147 3463 nuta
166 3403 203 3464 lna
225 3403 273 3464 ha.
318 3402 422 3467 Omnia
445 3412 544 3465 autem
567 3406 686 3466 nomina
710 3403 926 3466 elementorum
947 3405 1068 3484 propria
1091 3411 1195 3465 neutra
1218 3413 1300 3474 suut,
1323 3412 1383 3465 mm

90 3505 161 3584 apud
178 3523 248 3582 nos,
271 3523 359 3585 quarn
381 3504 457 3585 apud
476 3504 605 3568 Graecos
619 3505 847 3569 indeclinabilia.
877 3505 950 3566 ltem
966 3507 1057 3580 scias,
1080 3507 1161 3582 qaod
1175 3507 1205 3566 in
1222 3504 1384 3569 mobilibus

90 3607 172 3668 trium
200 3625 346 3686 generum
377 3606 516 3669 omnibus
550 3605 711 3692 singularia
739 3609 879 3669 leminina
912 3615 943 3668 et
969 3606 1092 3688 pluralia
1122 3615 1227 3669 neutra
1259 3606 1383 3668 eandem

90 3725 189 3770 uocem
207 3708 339 3779 habent,
369 3715 403 3769 ut
430 3707 506 3770 haec
532 3709 627 3789 prima
659 3727 744 3771 sacra
773 3727 878 3788 magna
909 3715 1026 3780 sancta,
1064 3710 1108 3770 sic
1137 3711 1226 3771 etiam
1257 3711 1383 3772 maxima

89 3811 266 3872 sanctissima
296 3811 515 3882 sacratissima,
555 3819 585 3872 et
618 3813 718 3874 omnia
750 3809 934 3892 superlatiua
965 3811 1009 3872 sic
1036 3811 1149 3874 iaciunt
1181 3819 1212 3872 et
1240 3812 1383 3873 leminina

151 4133 289 4182 laeniant
357 4131 451 4183 damae
520 4133 616 4184 oratius
718 4133 847 4198 2pauide
865 4143 958 4183 norunt
975 4130 1082 4199 equore]
1101 4134 1232 4200 Exempla
1249 4135 1332 4186 omnia
1349 4149 1385 4185 eae

16 4197 18 4254 l
90 4196 218 4252 Pristim
236 4203 369 4266 dempta
384 4209 452 4254 aaut.
538 4200 719 4266 ssgenetinum
738 4199 762 4249 in
782 4203 806 4250 ai
825 4201 864 4251 uel
883 4202 892 4250 i
909 4202 1046 4252 terminent
1117 4204 1135 4252 4
1152 4203 1177 4252 iu
1196 4219 1212 4269 p
1230 4203 1382 4269 dyptongon

16 4301 17 4326 ,
150 4267 267 4318 desinent
351 4272 373 4320 b·
385 4269 457 4319 lisias
511 4268 577 4318 lisiai
636 4270 724 4318 asarias
743 4268 819 4320 huius
838 4269 972 4333 aenielhui
990 4271 1063 4320 aenio
1081 4269 1231 4321 hnicaenie
1249 4271 1383 4325 huncctc.

16 4337 17 4400 J
89 4333 157 4384 boel
174 4339 272 4387 neniam
292 4352 307 4388 o
325 4337 400 4387 senia
418 4337 457 4387 nel
477 4351 492 4387 o
511 4337 582 4386 enias
651 4337 667 4386 'i
685 4335 761 4386 huius
780 4353 841 4403 ergo
860 4335 969 4404 gimana
1024 4340 1041 4390 8
1059 4354 1125 4401 qrrae
1143 4339 1209 4388 hanc
1227 4353 1271 4388 cos
1289 4339 1384 4389 haben-

16 4433 18 4454 .
91 4412 126 4450 tur
142 4415 166 4454 et
182 4407 273 4472 gaagni
291 4406 318 4454 in
335 4405 376 4455 dis
446 4402 579 4472 9pyt¹¹ias
632 4403 812 4470 olymphyadis
864 4405 996 4472 phytiadis
1070 4408 1103 4458 10
1120 4407 1224 4456 nomina
1245 4409 1281 4468 qi:
1352 4407 1383 4456 11

90 4469 165 4522 atheis
216 4471 364 4524 ath¹a·l·ntis
433 4475 465 4524 12
483 4474 561 4542 gaicis
613 4473 796 4539 edyptongon
877 4477 909 4525 13
927 4475 1014 4524 nenias
1032 4476 1105 4525 aenie
1122 4473 1299 4540 phythagoras
1317 4474 1383 4540 phy—

90 4536 207 4604 thagoras
223 4541 295 4592 licias
313 4541 383 4591 litiae
400 4556 466 4607 ngas
484 4542 565 4608 agiae
622 4541 654 4590 14
672 4541 786 4591 eatelena
854 4542 981 4660 “bum
1032 4557 1094 4608 ergo
1111 4543 1152 4592 his
1171 4542 1286 4592 nominis.
1353 4543 1385 4592 17

90 4605 184 4670 ebraice
252 4611 284 4661 18
302 4611 365 4660 isias
415 4606 586 4660 miclasionas
655 4611 687 4660 21
705 4609 827 4661 anchates
898 4610 1035 4672 uomides·
1087 4613 1120 4662 23
1138 4609 1242 4660 aenidos
1294 4609 1385 4659 aenide

119 4675 166 4726 hoc
182 4678 270 4728 aoniae
321 4677 489 4729 anchiseades
558 4678 591 4727 27
609 4676 650 4727 uel
667 4677 799 4729 anchisem
850 4679 884 4730 28
901 4679 1008 4745 anchise
1060 4694 1086 4743 q:
1139 4680 1172 4730 29
1190 4678 1298 4729 dicimus
1351 4679 1384 4728 ³0

91 4739 105 4788 l
160 4744 334 4796 alimentorum
369 4748 401 4798 st
420 4746 488 4811 quod
507 4747 598 4796 addidi

112 4841 204 4886 dun.
215 4855 267 4886 un.
280 4846 363 4886 suurn
1165 4831 1180 4883 7
