3390 5444
299 233 361 298 112
812 233 881 286 nus
899 233 1075 285 asomum

295 421 546 485 uetustissimi
575 421 684 482 etiam
713 427 847 482 neutro
876 437 1014 500 genere
1041 419 1251 502 protulisse
1277 419 1365 482 ‘boc
1392 420 1473 482 aal’.
1515 419 1574 482 lten

295 527 514 587 Priscianus
536 523 621 582 dicit:
650 522 707 583 hic
730 531 766 583 et
788 523 855 584 hoc
883 522 945 584 sal.
991 523 1091 584 Cato:
1124 541 1164 583 ex
1187 522 1283 594 sale,
1306 523 1370 602 qui
1392 505 1483 602 apud
1504 522 1575 584 Car·

296 627 561 706 tlraginienses
583 625 638 685 lit.
682 624 873 686 hirenius:

449 726 632 807 Quicquid
655 725 840 805 loquitur,
864 727 919 789 sal
942 743 1080 788 merum
1104 733 1174 794 est:

296 834 406 893 etiam
430 830 499 890 lroc
522 827 598 890 sale
621 827 776 890 Ennius:
1585 844 1594 886 r

449 928 668 991 Caeruleum
691 938 837 1009 spumat
858 928 936 990 sale
960 925 1249 1012 conlerlll.103¹'
1268 926 1322 1012 lita
1345 937 1427 990 rate
1449 926 1576 1008 pulsum

447 1031 517 1094 Per
540 1049 650 1094 mare.

379 1135 413 1197 ln
436 1134 463 1195 el
487 1141 656 1212 correptam
680 1133 738 1194 duo
761 1134 880 1194 nomina
903 1131 1006 1194 Latina
1031 1140 1137 1196 neutra
1159 1134 1370 1203 inueniuntur,
1399 1141 1433 1194 ut
1457 1132 1512 1193 hoc
1531 1130 1577 1194 mel

295 1237 392 1298 mellis
416 1243 445 1298 et
466 1236 523 1298 boc
545 1235 584 1297 lel
608 1234 700 1305 lellis,
728 1237 758 1296 in
782 1253 839 1314 qua
863 1236 1071 1296 terminatione
1093 1237 1215 1316 propria
1238 1237 1357 1296 nomina
1381 1233 1523 1298 liebraica
1541 1235 1576 1296 in·

264 1342 473 1402 moiuntur:
508 1340 539 1399 in
574 1337 600 1398 el
635 1337 811 1418 productam
842 1335 1019 1413 masculina,
1054 1346 1087 1398 ut
1114 1335 1238 1400 Danihel
1267 1335 1410 1398 Samuhel
1437 1334 1607 1398 Ezecbilrelu

294 1440 440 1502 hlicbalrel
470 1438 611 1501 Gabribel
642 1437 776 1500 Ralabel.
826 1439 899 1500 liam
933 1439 1074 1500 leminiua
1109 1440 1229 1520 propria
1263 1437 1424 1515 hebraica,
1459 1446 1490 1499 ut
1518 1438 1579 1499 haec

294 1542 408 1604 lezabel
433 1541 506 1602 baec
529 1540 650 1602 Rachel.
714 1601 718 1610 ,

380 1645 413 1706 1η
436 1643 455 1704 il
480 1651 647 1722 correptam
669 1651 741 1723 quot
763 1660 872 1722 genera
895 1615 1115 1705 inueniunturl‘
1149 1642 1213 1705 ltuo
1236 1648 1365 1712 tanturn,
1390 1641 1580 1714 masculinum,
1672 1669 1674 1742 p

287 1755 329 1808 ut
350 1745 399 1807 hic
423 1744 531 1825 mugil,
556 1745 612 1806 bor.
639 1742 714 1822 est†
735 1754 876 1826 punctum
899 1746 1028 1814 iaciens;
1053 1763 1210 1806 commune
1233 1744 1358 1806 duorum
1381 1761 1536 1822 generum,
1555 1752 1582 1804 ut
1672 1747 1674 1800 l

296 1848 345 1911 hic
373 1857 403 1909 et
430 1847 504 1908 haec
532 1845 612 1924 uigil.
657 1846 690 1907 ln
718 1847 738 1907 il
768 1846 943 1924 productam
973 1865 1064 1908 unum
1093 1864 1201 1908 nomen
1230 1846 1407 1908 femininum
1433 1847 1612 1914 inuenitur,¹⁵

295 1959 328 2011 ut
356 1949 429 2010 baec
452 1947 612 2026 Tanaquil,
637 1949 713 2009 idest
735 1966 843 2009 nomen
866 1949 1010 2019 feminam
1034 1955 1172 2010 neutrum
1195 1947 1421 2020 indeclinabile,
1446 1957 1477 2010 ut
1496 1948 1582 2009 ‘uilril’

295 2069 350 2132 per
372 2069 535 2130 apocopam
559 2049 596 2111 ab
620 2069 671 2122 eo,
696 2051 773 2130 quod
795 2059 840 2112 est
863 2048 994 2111 nihilum.

381 2152 413 2213 ln
437 2152 465 2213 ol
490 2151 664 2231 productam
687 2170 779 2214 arnum
803 2171 911 2214 nomen
929 2150 1067 2214 Latinum
1092 2151 1252 2223 inuenitur,
1276 2152 1354 2234 quod
1378 2151 1526 2232 singulare
1546 2161 1584 2213 est

296 2271 350 2334 per
379 2251 575 2314 sublationem
603 2253 725 2315 ultimae
754 2253 897 2333 syllabae,
927 2261 960 2318 ut
989 2253 1038 2314 bio
1065 2252 1108 2314 sol
1137 2253 1224 2315 lrrrius
1252 2254 1321 2316 solis
1347 2253 1418 2317 huic
1439 2255 1492 2316 soll
1512 2253 1584 2316 huuc

295 2355 389 2418 solem
406 2354 481 2416 osol
498 2353 608 2416 abhoc
630 2353 707 2425 sole;
732 2355 850 2436 quaudo
874 2364 973 2417 autern
997 2353 1099 2416 ‘soles'
1122 2355 1152 2416 in
1174 2355 1280 2436 plurali
1303 2375 1430 2419 numero
1445 2356 1615 2426 alcumena

296 2458 360 2519 dies
381 2457 534 2536 significat.

381 2559 412 2620 ln
441 2558 470 2620 ul
499 2559 558 2620 duo
586 2577 695 2636 genera
719 2560 927 2630 inueniuntur,
957 2558 1153 2622 masculinum
1240 2607 1268 2623 ..
1291 2569 1321 2622 et
1342 2577 1498 2623 commuue
1518 2559 1586 2622 duo·

296 2679 362 2722 rum
391 2678 549 2739 generum,
578 2669 612 2722 ut
640 2660 688 2722 lric
716 2670 745 2722 et
773 2660 846 2722 baec
876 2661 957 2734 erul,
986 2661 1036 2723 hic
1064 2661 1193 2724 ethaeo
1221 2662 1356 2744 praesul;
1392 2661 1530 2733 barbara,
1559 2670 1587 2724 ut
1675 2647 1676 2662 ¹

297 2763 403 2825 Suthul
426 2762 556 2834 Muthul,
580 2763 687 2844 oppida
710 2769 788 2824 sunt.

380 2866 414 2926 ln
430 2866 596 2927 anGraeoa
611 2867 733 2944 propria
749 2873 864 2927 tantum
879 2865 1040 2927 masculina
1055 2867 1259 2943 inueniuntur,
1275 2873 1308 2928 ut
1322 2866 1371 2928 bic
1386 2866 1472 2944 Titan
1480 2867 1588 2928 Titanis
1598 2874 1618 2913 ὓ

296 2967 393 3030 Titani
410 2967 544 3028 Titanum
560 2967 646 3028 Titan
661 2967 777 3028 Titane.
815 2968 900 3029 Titan
919 2975 1018 3030 autem
1034 2968 1078 3029 sol
1093 2971 1315 3050 interpretatur.
1347 2967 1587 3038 ltembicPaeao,
1676 3001 1677 3022 r

297 3070 353 3130 boc
375 3076 421 3129 est
443 3071 604 3137 canticum:
628 3067 678 3129 hic
700 3067 826 3145 Vulcan,
850 3069 908 3131 boe
931 3077 977 3130 est
998 3069 1091 3148 ignis;
1114 3071 1163 3130 hic
1185 3071 1263 3140 Pan,
1286 3070 1343 3133 hoc
1365 3078 1411 3132 est
1433 3089 1528 3133 omne.

381 3168 413 3230 ln
442 3187 480 3231 en
508 3178 676 3250 correptam
704 3171 848 3233 neutralia
877 3174 996 3233 nomina
1026 3172 1238 3242 terminantur,
1267 3180 1301 3234 ut
1329 3181 1373 3234 est
1400 3174 1458 3236 hoc
1485 3189 1587 3235 nomen

297 3289 463 3352 cognomen
491 3291 601 3334 numen
629 3273 739 3334 llumen
767 3275 901 3353 regimen
924 3290 1046 3353 segmen
1069 3281 1189 3353 tegmen
1211 3293 1313 3336 semen
1335 3275 1471 3338 loramen
1494 3274 1586 3338 lumen

296 3394 418 3454 germen
449 3374 581 3436 bitumen
610 3393 734 3436 acumen
763 3383 878 3436 stamen
906 3377 1005 3438 uimen
1036 3384 1067 3436 et
1094 3375 1204 3454 reliqua
1233 3375 1464 3440 innumerabilia
1490 3383 1617 3438 neuuao

296 3477 325 3538 in
355 3497 392 3538 en
422 3476 596 3538 desinentia.
641 3477 721 3540 llaec
748 3485 846 3540 autem
870 3480 989 3539 nomina
1012 3479 1055 3538 sic
1078 3477 1280 3541 declinantur:
1311 3478 1368 3542 boc
1390 3478 1509 3540 culmen
1532 3477 1587 3540 cul·
1675 3469 1677 3476 ’

297 3581 384 3640 minis
412 3579 534 3642 culminl
563 3577 679 3640 culmen
704 3596 722 3641 o
743 3583 860 3642 eulmen
882 3596 899 3639 a
922 3578 1066 3651 culmine,
1095 3589 1125 3643 et
1143 3579 1260 3662 plurali
1282 3579 1409 3643 culmina
1433 3580 1586 3643 culminum

296 3680 474 3743 culminibus
502 3680 630 3742 culmina
659 3679 787 3742 culmina
811 3681 998 3743 culminibus.
1042 3681 1117 3744 Item
1140 3684 1170 3744 in
1194 3701 1232 3745 en
1254 3684 1311 3745 dua
1334 3685 1455 3746 nomina
1478 3699 1585 3745 mascu-

296 3783 370 3854 lina,
401 3791 433 3844 ut
453 3782 503 3844 bie
524 3783 649 3853 flamen,
678 3783 818 3845 sacerdos
841 3783 933 3846 louis:
964 3792 994 3844 et
1015 3793 1122 3846 neutm
1143 3801 1255 3864 genere
1277 3787 1386 3849 dicitur
1407 3783 1466 3847 boc
1486 3785 1585 3846 flamen

296 3883 471 3956 Vulcanale;
494 3892 525 3947 ct
545 3885 594 3946 bio
612 3893 721 3962 pecten
743 3887 879 3966 pectinis.
924 3885 1109 3965 Virgilius
1132 3886 1217 3949 dicite
1595 3889 1616 3930 ³⁵

295 4021 523 4032 ——n-—n-n-

364 4108 377 4156 1
397 4115 488 4158 neuim
505 4105 607 4173 generis
625 4105 772 4173 protulllssa
839 4109 856 4158 2
872 4105 1030 4172 Priscianus]
1048 4107 1066 4158 1
1081 4123 1108 4173 p.
1129 4111 1217 4172 1⁷1,8
1233 4123 1287 4176 seq.
1340 4107 1541 4175 carthaginensis
1557 4105 1586 4156 sit

296 4174 408 4224 abranus
478 4175 637 4226 deeruleum
690 4185 759 4226 ratae
827 4175 938 4227 8latiua
1007 4176 1139 4226 tlebreicn
1226 4179 1257 4228 11
1276 4177 1374 4228 ebreica
1444 4172 1585 4228 lacustri

330 4243 415 4292 ruchel
485 4247 516 4295 13
534 4253 681 4310 corruptam
752 4244 922 4309 reponerem
940 4241 1048 4308 iaciens]
1067 4245 1110 4294 An
1128 4244 1239 4311 piscium
1257 4245 1457 4301 uelocissimos?
1474 4246 1508 4310 cf.
1527 4245 1585 4294 Ptin.

295 4311 354 4364 hiat.
374 4319 427 4363 arat.
446 4311 491 4361 IX
509 4315 543 4362 42
563 4313 616 4374 (67)
683 4326 818 4362 commune
886 4313 918 4362 15
936 4312 1100 4362 inueniuntur
1118 4324 1145 4362 ut
1162 4313 1225 4362 haec
1243 4313 1352 4364 tanacbll
1423 4315 1455 4363 16
1472 4304 1583 4375 feminae]

296 4379 409 4430 llrrminis
496 4381 527 4432 17
549 4385 682 4446 apo⁰⁰pam
752 4381 821 4444 quod
844 4379 949 4429 nihilum
969 4381 995 4429 in
1013 4380 1045 4430 ob
1062 4381 1213 4446 productam
1316 4384 1349 4432 22
1368 4382 1395 4430 lu
1413 4381 1457 4430 uul
1524 4393 1584 4429 mas-

295 4445 419 4512 culinum]
445 4447 582 4498 Messalini
600 4450 704 4514 generis
721 4451 861 4513 exemplum
879 4449 1050 4507 desideratur,
1074 4463 1154 4514 quare
1174 4451 1288 4500 lacunam
1304 4451 1430 4513 inducia,
1458 4449 1492 4512 of.
1510 4449 1584 4498 Prisc.

295 4515 312 4565 1
327 4533 356 4580 p.
374 4519 434 4578 m,
453 4519 500 4568 18:
527 4516 552 4565 io
575 4515 600 4565 ul
622 4530 726 4582 quoque
745 4531 823 4566 unum
840 4517 966 4582 reperitur
983 4515 1151 4567 masculinum
1169 4515 1290 4568 Latinum
1309 4517 1432 4580 ‘consulu
1455 4517 1506 4568 dno
1523 4527 1585 4564 con·

296 4585 391 4648 iniuria,
410 4583 535 4651 ‘praesul’
554 4584 646 4646 ‘exul’,
665 4597 689 4634 et
707 4585 822 4645 barbara,
841 4583 950 4634 ‘sorbul’
969 4583 1089 4634 ‘Muthul’
1158 4588 1191 4636 23
1210 4597 1237 4636 ut
1254 4586 1317 4636 haee
1334 4596 1360 4636 et
1375 4585 1439 4636 baec
1506 4595 1530 4635 et
1545 4583 1585 4632 hac

295 4653 382 4716 presul
450 4655 484 4702 24
501 4653 579 4718 opida
647 4655 680 4703 26
698 4654 803 4704 tirannis
854 4649 955 4718 Titane]
973 4653 1053 4702 titatie
1121 4655 1153 4705 27
1172 4669 1237 4720 pean
1285 4654 1326 4704 lric
1343 4653 1416 4704 ulcan
1485 4655 1519 4704 29
1535 4665 1585 4713 reg·

296 4733 352 4768 rnen
416 4722 449 4770 32
467 4735 482 4769 o
501 4720 598 4770 eulmen
617 4737 664 4772 om.
733 4723 767 4773 35
784 4720 901 4772 ulcuasle
952 4721 992 4770 bic
1010 4723 1123 4787 pectenis
1175 4719 1312 4791 Virgilius]
1335 4724 1401 4774 Aen.
1418 4719 1462 4775 lib.
1485 4720 1541 4772 Vll
1557 4719 1585 4766 ll
