3390 5444
321 337 382 402 174
698 336 951 400 erns'rrortns
970 335 1236 389 annnorfflcsn

470 525 605 606 Sophia
629 531 712 586 nota
736 532 821 586 tuae
843 527 957 586 menti
980 533 1016 586 et
1037 542 1139 586 mens
1161 531 1248 586 nola
1269 524 1443 605 sophiae,

319 626 526 709 ‘philosophus
554 625 736 707 philosophi'
765 625 976 707 ‘philosophia‘
1010 624 1203 707 ‘acyrologia’
1236 626 1440 705 ‘macrologia'
1474 626 1604 706 ‘perisso

318 729 407 808 logia’
445 727 627 806 ‘tautologia'
664 727 836 805 ‘theologia'
874 727 1031 807 ‘analogia’
1068 727 1274 808 ‘artigraphis’
1313 726 1547 807 ‘orthographia’
1582 737 1605 787 et

318 839 417 893 cetera
450 830 495 891 llis
527 829 635 892 similia
665 829 873 909 producuntur
906 832 937 891 ln
965 828 1163 910 paenultima;
1197 831 1266 908 quia
1295 809 1375 891 anim
1401 828 1549 909 dirimitur
1573 830 1605 890 alu

318 934 449 1004 ‘urano',
472 933 604 994 ‘Vrania'
627 931 802 1012 producitur
823 930 1018 1012 paenultima,
1041 939 1074 995 nl
1096 939 1144 995 est
1164 929 1251 993 illud:
1614 950 1624 990 ι

522 1035 656 1095 Vrania
678 1033 899 1114 polimotus
921 1041 1116 1095 scrutatur
1138 1041 1308 1095 clastra.

319 1136 474 1217 Sequitur:
1230 1186 1239 1206 ,

523 1237 656 1317 Signat
677 1244 810 1298 cuncta
834 1255 938 1299 manu
960 1237 1206 1318 loquiturque
1226 1236 1418 1318 Polymnie
1441 1242 1557 1315 gestu.

320 1341 394 1414 Quia
422 1341 513 1419 igitur
535 1339 711 1418 ‘Polymnia’
735 1356 793 1398 non
823 1339 903 1400 uenit
929 1358 945 1401 a
968 1338 1144 1420 ‘polymno’,
1172 1341 1250 1400 sicut
1271 1340 1402 1400 ‘Vrania’
1426 1336 1465 1399 alu
1489 1339 1605 1408 ‘uraoot

319 1443 483 1522 corripitur
504 1440 568 1510 illa,
591 1439 767 1520 producitur
788 1442 853 1502 lsla.
1618 1457 1635 1495 ιι

404 1543 648 1605 Innocentius
680 1560 774 1622 papa
806 1542 842 1602 in
876 1540 1035 1623 epistola
1065 1559 1167 1622 quam
1196 1543 1401 1622 rescripsit
1427 1541 1607 1605 lirieanis

321 1645 515 1725 episcopis
542 1650 673 1704 contra
702 1642 890 1705 haeresim
919 1643 1078 1722 Pelagii:
1114 1644 1242 1705 ‘missa
1269 1643 1401 1715 laeio’,
1437 1643 1516 1705 idest
1543 1647 1607 1704 ‘non

250 1749 253 1756 '
320 1748 469 1809 remoror’
486 1744 497 1829 ΙΙ
515 1745 534 1806 l.
549 1743 587 1806 2·
603 1742 615 1827 ΙΙ
631 1743 780 1806 ‘absoluo’
803 1744 974 1808 ‘delibero’.

405 1847 525 1909 ‘Sodes'
548 1843 724 1909 aduerhium
747 1855 792 1908 est
807 1845 1003 1926 deprecantis,
1021 1864 1080 1908 non
1097 1845 1273 1917 ‘sodaliter’,
1290 1853 1323 1908 ul
1338 1846 1487 1927 quidam
1503 1845 1608 1914 nolunt,

320 1948 404 2010 Vnde
425 1948 498 2010 dicit
518 1949 694 2010 Auienus:
1618 1964 1637 2004 a

524 2049 588 2111 llic
610 2049 735 2120 sodes,
760 2049 935 2127 quidnam
957 2050 1105 2130 trepido
1129 2049 1197 2111 tibi
1220 2049 1362 2111 dixerit
1384 2067 1484 2112 ursa.

321 2152 394 2215 Nam
417 2148 549 2213 ‘sodalis’
574 2149 674 2212 breuis
696 2158 742 2212 est
763 2169 806 2214 so.
838 2215 843 2234 ,Ι

406 2253 578 2332 ‘Mastruga’
602 2253 693 2314 uestis
715 2253 890 2315 Germanica
914 2271 948 2315 ex
972 2252 1117 2334 pelliculis
1140 2252 1287 2316 lemnum:
1316 2255 1353 2316 in
1375 2251 1474 2314 libro
1503 2252 1608 2314 dille·

320 2355 526 2418 rentlarum
549 2353 667 2433 legitur.

405 2458 549 2520 ‘Festum’
572 2455 701 2518 celebre.
1619 2472 1638 2511 ιι

405 2557 782 2622 ‘Praescribo’antescrlbc
791 2560 855 2620 siue
864 2559 1045 2637 conuadicq
1054 2559 1407 2640 ‘inscribo'superscrlbo
1416 2557 1465 2620 uel
1475 2557 1608 2620 dilacero.

408 2661 561 2724 ‘Proinde’
585 2661 661 2722 idest
682 2662 796 2740 itaque,
821 2660 971 2740 ‘perinde’
994 2670 1040 2723 est
1061 2663 1098 2723 lta
1123 2661 1170 2723 uel
1193 2661 1340 2724 similiter.

407 2761 602 2843 ‘lnaglyplua’
626 2761 794 2824 caelaturae
816 2763 942 2842 argenti.

406 2861 634 2943 ‘Intellegibilia'
657 2863 693 2924 ad
716 2872 863 2944 mentem,
887 2862 1062 2925 ‘sensibilia’
1085 2863 1122 2926 ad
1145 2882 1251 2926 sensus
1273 2882 1435 2946 corporeos
1456 2866 1609 2945 pertinent.

407 2967 534 3027 ‘Anima’
557 2967 648 3036 uiuit,
673 2967 813 3028 ‘animus’
836 2975 867 3028 et
887 2950 986 3028 ‘ratio'
1009 2967 1099 3046 sapit,
1123 2968 1200 3029 ‘eor’
1224 2965 1378 3046 intellegit.
1619 2981 1639 3021 a

407 3067 504 3130 ‘Cum'
530 3074 560 3128 et
579 3069 666 3129 ‘tum'
689 3067 801 3129 ordinis
823 3067 963 3131 aduerbia
985 3077 1063 3140 sunt,
1086 3071 1162 3130 siout
1185 3069 1328 3149 temporis
1348 3068 1443 3130 ‘tune’
1460 3075 1492 3129 et
1505 3067 1610 3128 ‘nonai

322 3169 446 3244 Quando
468 3171 550 3229 ‘con’
572 3167 744 3247 loquelleris
765 3172 945 3251 praepositio
959 3189 1014 3252 per
1029 3172 1275 3251 compositionem
1296 3171 1493 3251 praeponitur
1515 3168 1609 3230 luelr

322 3269 530 3352 sequentibus,
559 3271 585 3332 si
607 3269 733 3333 uerbum
756 3273 853 3352 ipsum
877 3271 964 3333 talem
987 3270 1077 3334 hahet
1098 3290 1233 3342 sensum,
1257 3281 1291 3334 ut
1312 3271 1518 3334 indillercnter
1538 3285 1609 3332 nunc

323 3375 412 3436 unius
433 3371 571 3443 hominis,
595 3389 674 3434 nunc
695 3373 827 3455 plurium
850 3375 995 3454 signilicet
1017 3382 1125 3445 actum,
1149 3372 1239 3436 dubio
1254 3373 1357 3453 procul
1380 3375 1411 3435 ln
1432 3373 1608 3456 supradictas

208 3462 214 3480 '
323 3475 437 3537 litteras
465 3492 484 3534 n
513 3475 610 3554 ipsum
633 3477 890 3546 conuertitur‚·ut
910 3475 1059 3537 ‘collocat'
1082 3474 1219 3556 ‘colligit’
1241 3476 1390 3555 ‘corripit’
1413 3473 1638 3555 ‘corrumpimur

324 3595 392 3639 nam
421 3585 451 3638 et
478 3593 555 3638 unus
583 3575 673 3638 homo
701 3576 738 3638 de
761 3595 794 3638 sc
816 3579 871 3638 ait:
901 3579 942 3638 ‘in
965 3576 1031 3639 loco
1054 3594 1181 3656 pascuas
1201 3577 1244 3638 ibi
1267 3596 1315 3639 me
1338 3577 1507 3640 collocauit’
1530 3574 1609 3638 etde

323 3696 384 3741 uno
406 3677 525 3739 homine
548 3678 671 3740 dicitnr:
701 3678 839 3741 ‘collocet
867 3697 933 3741 eum
962 3698 1030 3742 cum
1055 3678 1252 3760 principibus’
1275 3689 1306 3742 et
1328 3698 1404 3741 unus
1421 3658 1516 3739 ¹homo
1538 3678 1608 3738 ‘cum
1685 3707 1686 3758 l

323 3779 388 3841 allis
415 3778 538 3859 colligit’
567 3788 596 3842 et
624 3782 668 3842 ‘se
695 3781 744 3842 uel
773 3781 862 3843 alium
890 3782 1066 3860 corrumpit’
1094 3781 1158 3842 siue
1186 3782 1344 3861 ‘corrigit’.
1388 3783 1424 3843 tr
1446 3799 1462 3840 e
1486 3781 1607 3859 regione,
1685 3773 1686 3834 l

323 3881 442 3963 quando
464 3879 591 3942 uerbum
614 3883 711 3960 ipsum
733 3882 822 3945 talem
845 3882 936 3946 habet
957 3900 1093 3953 sensum,
1118 3890 1232 3944 utnon
1255 3882 1291 3945 ad
1315 3901 1407 3945 unum
1430 3881 1541 3954 solum,
1562 3879 1607 3942 sed

324 3983 360 4045 ad
382 3982 458 4046 duos
480 3981 527 4044 uel
551 3983 587 4044 ad
609 3982 712 4064 plures
733 3985 810 4046 actio
838 3984 885 4046 uel
908 3985 1007 4065 passio
1030 3983 1241 4066 transferatur,
1272 3983 1377 4066 procul
1404 3983 1495 4047 dubio
1523 3982 1637 4046 nulla-o

325 4094 412 4149 tenus
435 4088 498 4166 ipsa
521 4085 700 4165 praepositio
722 4087 934 4166 corrumpitur,
968 4086 1020 4148 sed
1044 4087 1158 4166 integra
1187 4086 1365 4166 regulariter
1387 4105 1509 4149 manere
1530 4085 1606 4146 dino-

324 4189 417 4249 scitur
440 4195 469 4249 ot
492 4187 713 4250 euidentissime
735 4187 957 4269 comprobatur,
981 4195 1014 4250 ut
1036 4186 1256 4250 ‘conlaetatur’
1280 4187 1505 4250 ‘conlacrimut’
1528 4193 1606 4248 ‘cou-

324 4339 552 4352 h—-un———n

359 4441 563 4544 Ἠ2ριιίἰοεοίιιι
581 4442 720 4509 aoirologle
772 4441 929 4510 perisologie
947 4443 1059 4510 teulegio
1127 4441 1318 4508 dorthogralia
1391 4444 1607 4510 4produneuntor

324 4561 449 4613 duranto
466 4559 913 4630 polr]ofAntlrolop.Lol.618M
948 4561 1149 4626 VranieMeper
1200 4563 1309 4629 legno
1348 4562 1471 4628 polimnia
1524 4563 1553 4611 12
1568 4559 1606 4608 lue·
1641 4553 1646 4580 '

607 4633 673 4681 antis
720 4634 752 4683 lo
764 4627 893 4694 utriculos]
907 4632 942 4694 rs.
957 4631 1053 4680 Auloni
1061 4629 1115 4696 [ab.
1127 4647 1152 4695 p
1164 4632 1223 4693 461,
1238 4634 1268 4680 11
1281 4633 1323 4683 ed.
1338 4631 1473 4682 Neueletrra
1523 4629 1606 4679 idrru·

324 4631 614 4749 ddistitmmsullvffidgmr
665 4699 740 4750 1orn
759 4698 822 4748 llbro
840 4635 1136 4762 dlll'erentiarum]1sid.
1154 4699 1219 4761 erip.
1238 4699 1309 4748 xlx
1327 4701 1377 4763 23,
1395 4704 1412 4748 5
1445 4700 1495 4804 ,123
1512 4694 1606 4761 uniglilu

325 4815 450 4872 celaturae
516 4819 550 4870 27
568 4832 634 4885 eum,
646 4833 716 4871 corr.
734 4832 783 4869 con
852 4819 884 4870 32
902 4817 963 4867 dlelt
981 4817 1131 4868 utcollooet
1200 4817 1333 4868 cumaliis
1400 4821 1433 4870 33
1452 4819 1494 4888 pet
