<?xml version="1.0" encoding="UTF-8"?>
<!DOCTYPE html PUBLIC "-//W3C//DTD XHTML 1.0 Transitional//EN"
    "http://www.w3.org/TR/xhtml1/DTD/xhtml1-transitional.dtd">
<html xmlns="http://www.w3.org/1999/xhtml" xml:lang="en" lang="en">
 <head>
  <title>
</title>
<meta http-equiv="Content-Type" content="text/html;charset=utf-8" />
  <meta name='ocr-system' content='tesseract 3.04.00' />
  <meta name='ocr-capabilities' content='ocr_page ocr_carea ocr_par ocr_line ocrx_word'/>
</head>
<body>
  <div class='ocr_page' id='page_1' title='image "./grammaticilatin00hagagoog_0388.png"; bbox 0 0 3390 5444; ppageno 0'>
   <div class='ocr_carea' id='block_1_1' title="bbox 302 336 1085 400">
    <p class='ocr_par' dir='ltr' id='par_1_1' title="bbox 302 336 1085 400">
     <span class='ocr_line' id='line_1_1' title="bbox 302 336 1085 400; baseline -0.014 0"><span class='ocrx_word' id='word_1_1' title='bbox 302 337 361 400; x_wconf 77' lang='lat'><strong>124</strong></span> <span class='ocrx_word' id='word_1_2' title='bbox 820 337 888 390; x_wconf 82' lang='lat' dir='ltr'><strong>aus</strong></span> <span class='ocrx_word' id='word_1_3' title='bbox 906 336 1085 390; x_wconf 76' lang='lat' dir='ltr'><strong>cucurum</strong></span> 
     </span>
    </p>
   </div>
   <div class='ocr_carea' id='block_1_2' title="bbox 278 526 1606 810">
    <p class='ocr_par' dir='ltr' id='par_1_2' title="bbox 278 526 1606 810">
     <span class='ocr_line' id='line_1_2' title="bbox 385 526 1584 606; baseline -0.002 -18"><span class='ocrx_word' id='word_1_4' title='bbox 385 529 457 589; x_wconf 90' lang='lat' dir='ltr'><strong>ltem</strong></span> <span class='ocrx_word' id='word_1_5' title='bbox 487 530 518 587; x_wconf 90' lang='lat' dir='ltr'><strong>iu</strong></span> <span class='ocrx_word' id='word_1_6' title='bbox 547 529 587 587; x_wconf 90' lang='lat' dir='ltr'><strong>im</strong></span> <span class='ocrx_word' id='word_1_7' title='bbox 618 543 707 587; x_wconf 92' lang='lat' dir='ltr'><strong>uuum</strong></span> <span class='ocrx_word' id='word_1_8' title='bbox 731 533 867 587; x_wconf 89' lang='lat' dir='ltr'><strong>neutrum</strong></span> <span class='ocrx_word' id='word_1_9' title='bbox 892 526 1046 606; x_wconf 91' lang='lat' dir='ltr'><strong>proprium</strong></span> <span class='ocrx_word' id='word_1_10' title='bbox 1071 543 1178 587; x_wconf 89' lang='lat' dir='ltr'><strong>nomen</strong></span> <span class='ocrx_word' id='word_1_11' title='bbox 1202 527 1260 587; x_wconf 87' lang='lat' dir='ltr'><strong>uici</strong></span> <span class='ocrx_word' id='word_1_12' title='bbox 1282 527 1444 592; x_wconf 88' lang='lat' dir='ltr'><strong>inuenitur,</strong></span> <span class='ocrx_word' id='word_1_13' title='bbox 1468 533 1500 584; x_wconf 91' lang='lat' dir='ltr'><strong>ut</strong></span> <span class='ocrx_word' id='word_1_14' title='bbox 1520 526 1584 587; x_wconf 81' lang='lat' dir='ltr'><strong>Cim.</strong></span> 
     </span>
     <span class='ocr_line' id='line_1_3' title="bbox 278 615 1606 720; baseline -0.002 -30"><span class='ocrx_word' id='word_1_15' title='bbox 278 711 283 720; x_wconf 34' lang='lat'><strong>·</strong></span> <span class='ocrx_word' id='word_1_16' title='bbox 383 629 462 690; x_wconf 88' lang='lat' dir='ltr'><strong>llaec</strong></span> <span class='ocrx_word' id='word_1_17' title='bbox 484 637 580 689; x_wconf 86' lang='lat' dir='ltr'><strong>autam</strong></span> <span class='ocrx_word' id='word_1_18' title='bbox 604 631 740 696; x_wconf 90' lang='lat' dir='ltr'><strong>nomina,</strong></span> <span class='ocrx_word' id='word_1_19' title='bbox 764 645 840 705; x_wconf 90' lang='lat' dir='ltr'><strong>quae</strong></span> <span class='ocrx_word' id='word_1_20' title='bbox 863 627 990 690; x_wconf 84' lang='lat' dir='ltr'>diximus</span> <span class='ocrx_word' id='word_1_21' title='bbox 1012 626 1248 696; x_wconf 76' lang='lat' dir='ltr'><strong>indeclinabilia,</strong></span> <span class='ocrx_word' id='word_1_22' title='bbox 1278 636 1311 689; x_wconf 96' lang='grc' dir='ltr'><strong>ιιι</strong></span> <span class='ocrx_word' id='word_1_23' title='bbox 1338 629 1417 704; x_wconf 78' lang='lat' dir='ltr'><strong>lrugi</strong></span> <span class='ocrx_word' id='word_1_24' title='bbox 1446 627 1527 688; x_wconf 89' lang='lat' dir='ltr'><strong>nihili</strong></span> <span class='ocrx_word' id='word_1_25' title='bbox 1550 615 1606 688; x_wconf 77' lang='lat' dir='ltr'><strong>las&#39;</strong></span> 
     </span>
     <span class='ocr_line' id='line_1_4' title="bbox 299 728 1584 810; baseline 0 -20"><span class='ocrx_word' id='word_1_26' title='bbox 299 731 380 793; x_wconf 83' lang='lat' dir='ltr'><strong>netas</strong></span> <span class='ocrx_word' id='word_1_27' title='bbox 403 749 497 810; x_wconf 81' lang='lat' dir='ltr'><strong>nugas</strong></span> <span class='ocrx_word' id='word_1_28' title='bbox 519 745 645 808; x_wconf 80' lang='lat' dir='ltr'><strong>nequam</strong></span> <span class='ocrx_word' id='word_1_29' title='bbox 669 728 775 791; x_wconf 80' lang='lat' dir='ltr'>Suthul</span> <span class='ocrx_word' id='word_1_30' title='bbox 797 729 911 790; x_wconf 87' lang='lat' dir='ltr'><strong>liutbul</strong></span> <span class='ocrx_word' id='word_1_31' title='bbox 934 728 1037 808; x_wconf 82' lang='lat' dir='ltr'><strong>Bogud</strong></span> <span class='ocrx_word' id='word_1_32' title='bbox 1059 729 1183 807; x_wconf 87' lang='lat' dir='ltr'><strong>Pudpud</strong></span> <span class='ocrx_word' id='word_1_33' title='bbox 1208 728 1303 807; x_wconf 88' lang='lat' dir='ltr'><strong>Nepet</strong></span> <span class='ocrx_word' id='word_1_34' title='bbox 1325 737 1355 788; x_wconf 89' lang='lat' dir='ltr'><strong>et</strong></span> <span class='ocrx_word' id='word_1_35' title='bbox 1377 731 1435 806; x_wconf 81' lang='lat' dir='ltr'><strong>git,</strong></span> <span class='ocrx_word' id='word_1_36' title='bbox 1464 729 1524 790; x_wconf 88' lang='lat' dir='ltr'><strong>siue</strong></span> <span class='ocrx_word' id='word_1_37' title='bbox 1548 748 1584 798; x_wconf 88' lang='lat' dir='ltr'><strong>ea,</strong></span> 
     </span>
    </p>
   </div>
   <div class='ocr_carea' id='block_1_3' title="bbox 235 828 1676 3541">
    <p class='ocr_par' dir='ltr' id='par_1_3' title="bbox 297 828 1676 1827">
     <span class='ocr_line' id='line_1_5' title="bbox 298 828 1676 922; baseline 0 -30"><span class='ocrx_word' id='word_1_38' title='bbox 298 851 373 912; x_wconf 72' lang='lat' dir='ltr'><strong>(puae</strong></span> <span class='ocrx_word' id='word_1_39' title='bbox 396 831 557 893; x_wconf 90' lang='lat' dir='ltr'><strong>secundum</strong></span> <span class='ocrx_word' id='word_1_40' title='bbox 582 831 713 910; x_wconf 76' lang='lat' dir='ltr'><strong>reguiam</strong></span> <span class='ocrx_word' id='word_1_41' title='bbox 738 833 907 898; x_wconf 92' lang='lat' dir='ltr'><strong>nominum,</strong></span> <span class='ocrx_word' id='word_1_42' title='bbox 932 837 964 890; x_wconf 89' lang='lat' dir='ltr'><strong>ut</strong></span> <span class='ocrx_word' id='word_1_43' title='bbox 986 829 1065 895; x_wconf 87' lang='lat' dir='ltr'><strong>aliud</strong></span> <span class='ocrx_word' id='word_1_44' title='bbox 1088 829 1157 910; x_wconf 89' lang='lat' dir='ltr'><strong>quid</strong></span> <span class='ocrx_word' id='word_1_45' title='bbox 1181 828 1291 909; x_wconf 88' lang='lat' dir='ltr'><strong>aliquid</strong></span> <span class='ocrx_word' id='word_1_46' title='bbox 1314 829 1410 910; x_wconf 87' lang='lat' dir='ltr'><strong>siquid</strong></span> <span class='ocrx_word' id='word_1_47' title='bbox 1434 831 1541 910; x_wconf 84' lang='lat' dir='ltr'><strong>nequid</strong></span> <span class='ocrx_word' id='word_1_48' title='bbox 1562 841 1586 892; x_wconf 90' lang='lat' dir='ltr'><strong>rt</strong></span> <span class='ocrx_word' id='word_1_49' title='bbox 1675 903 1676 922; x_wconf 13' lang='grc' dir='ltr'>χ</span> 
     </span>
     <span class='ocr_line' id='line_1_6' title="bbox 298 927 1676 1010; baseline -0.003 -14"><span class='ocrx_word' id='word_1_50' title='bbox 298 934 352 996; x_wconf 88' lang='lat' dir='ltr'><strong>alia</strong></span> <span class='ocrx_word' id='word_1_51' title='bbox 375 933 481 994; x_wconf 79' lang='lat' dir='ltr'><strong>similia</strong></span> <span class='ocrx_word' id='word_1_52' title='bbox 506 935 622 994; x_wconf 88' lang='lat' dir='ltr'><strong>nomina</strong></span> <span class='ocrx_word' id='word_1_53' title='bbox 645 931 776 1004; x_wconf 89' lang='lat' dir='ltr'><strong>mobilia,</strong></span> <span class='ocrx_word' id='word_1_54' title='bbox 802 941 834 992; x_wconf 95' lang='lat' dir='ltr'><strong>ut</strong></span> <span class='ocrx_word' id='word_1_55' title='bbox 856 934 922 1009; x_wconf 91' lang='lat' dir='ltr'><strong>quis</strong></span> <span class='ocrx_word' id='word_1_56' title='bbox 945 951 1021 993; x_wconf 84' lang='lat' dir='ltr'><strong>unars</strong></span> <span class='ocrx_word' id='word_1_57' title='bbox 1044 931 1121 994; x_wconf 91' lang='lat' dir='ltr'><strong>ullus</strong></span> <span class='ocrx_word' id='word_1_58' title='bbox 1144 939 1174 992; x_wconf 90' lang='lat' dir='ltr'><strong>et</strong></span> <span class='ocrx_word' id='word_1_59' title='bbox 1196 939 1305 999; x_wconf 89' lang='lat' dir='ltr'><strong>cetera,</strong></span> <span class='ocrx_word' id='word_1_60' title='bbox 1330 927 1407 1008; x_wconf 83' lang='lat' dir='ltr'><strong>quae</strong></span> <span class='ocrx_word' id='word_1_61' title='bbox 1430 933 1603 994; x_wconf 70' lang='lat' dir='ltr'><strong>secundans</strong></span> <span class='ocrx_word' id='word_1_62' title='bbox 1675 929 1676 1010; x_wconf 73' lang='lat' dir='ltr'><strong>l</strong></span> 
     </span>
     <span class='ocr_line' id='line_1_7' title="bbox 297 1017 1583 1115; baseline -0.002 -19"><span class='ocrx_word' id='word_1_63' title='bbox 297 1035 520 1098; x_wconf 91' lang='lat' dir='ltr'><strong>similitudinem</strong></span> <span class='ocrx_word' id='word_1_64' title='bbox 543 1036 752 1115; x_wconf 81' lang='lat' dir='ltr'><strong>pronominum</strong></span> <span class='ocrx_word' id='word_1_65' title='bbox 776 1034 974 1104; x_wconf 89' lang='lat' dir='ltr'><strong>declinantur,</strong></span> <span class='ocrx_word' id='word_1_66' title='bbox 998 1040 1043 1094; x_wconf 89' lang='lat' dir='ltr'><strong>set</strong></span> <span class='ocrx_word' id='word_1_67' title='bbox 1065 1017 1162 1094; x_wconf 72' lang='lat' dir='ltr'><strong>umen</strong></span> <span class='ocrx_word' id='word_1_68' title='bbox 1186 1033 1304 1092; x_wconf 89' lang='lat' dir='ltr'><strong>nomina</strong></span> <span class='ocrx_word' id='word_1_69' title='bbox 1327 1041 1406 1102; x_wconf 87' lang='lat' dir='ltr'><strong>sunt,</strong></span> <span class='ocrx_word' id='word_1_70' title='bbox 1432 1034 1499 1096; x_wconf 88' lang='lat' dir='ltr'><strong>ideo</strong></span> <span class='ocrx_word' id='word_1_71' title='bbox 1515 1035 1583 1096; x_wconf 90' lang='lat' dir='ltr'><strong>etad</strong></span> 
     </span>
     <span class='ocr_line' id='line_1_8' title="bbox 298 1134 1584 1216; baseline -0.002 -18"><span class='ocrx_word' id='word_1_72' title='bbox 298 1138 414 1198; x_wconf 89' lang='lat' dir='ltr'><strong>tertiam</strong></span> <span class='ocrx_word' id='word_1_73' title='bbox 440 1135 665 1197; x_wconf 75' lang='lat' dir='ltr'><strong>declinationem</strong></span> <span class='ocrx_word' id='word_1_74' title='bbox 687 1140 840 1213; x_wconf 82' lang='lat' dir='ltr'><strong>pertinere</strong></span> <span class='ocrx_word' id='word_1_75' title='bbox 869 1134 1016 1205; x_wconf 90' lang='lat' dir='ltr'><strong>dicuntur,</strong></span> <span class='ocrx_word' id='word_1_76' title='bbox 1047 1137 1115 1216; x_wconf 88' lang='lat' dir='ltr'><strong>quia</strong></span> <span class='ocrx_word' id='word_1_77' title='bbox 1139 1135 1236 1195; x_wconf 92' lang='lat' dir='ltr'><strong>omnia</strong></span> <span class='ocrx_word' id='word_1_78' title='bbox 1260 1136 1395 1202; x_wconf 90' lang='lat' dir='ltr'><strong>nomina,</strong></span> <span class='ocrx_word' id='word_1_79' title='bbox 1426 1137 1490 1197; x_wconf 89' lang='lat' dir='ltr'><strong>siue</strong></span> <span class='ocrx_word' id='word_1_80' title='bbox 1512 1135 1584 1196; x_wconf 92' lang='lat' dir='ltr'><strong>iude·</strong></span> 
     </span>
     <span class='ocr_line' id='line_1_9' title="bbox 297 1237 1583 1319; baseline 0 -21"><span class='ocrx_word' id='word_1_81' title='bbox 297 1237 462 1309; x_wconf 89' lang='lat' dir='ltr'><strong>e&#39;linabilia,</strong></span> <span class='ocrx_word' id='word_1_82' title='bbox 497 1241 562 1299; x_wconf 88' lang='lat' dir='ltr'><strong>siue</strong></span> <span class='ocrx_word' id='word_1_83' title='bbox 592 1257 668 1319; x_wconf 86' lang='lat' dir='ltr'><strong>quae</strong></span> <span class='ocrx_word' id='word_1_84' title='bbox 701 1237 863 1299; x_wconf 90' lang='lat' dir='ltr'><strong>secundum</strong></span> <span class='ocrx_word' id='word_1_85' title='bbox 897 1238 1060 1314; x_wconf 82' lang='lat' dir='ltr'><strong>analogiam</strong></span> <span class='ocrx_word' id='word_1_86' title='bbox 1089 1245 1119 1298; x_wconf 88' lang='lat' dir='ltr'><strong>et</strong></span> <span class='ocrx_word' id='word_1_87' title='bbox 1148 1239 1280 1316; x_wconf 80' lang='lat' dir='ltr'><strong>regulam</strong></span> <span class='ocrx_word' id='word_1_88' title='bbox 1310 1257 1369 1300; x_wconf 91' lang='lat' dir='ltr'><strong>non</strong></span> <span class='ocrx_word' id='word_1_89' title='bbox 1398 1237 1583 1304; x_wconf 90' lang='lat' dir='ltr'><strong>declinantur,</strong></span> 
     </span>
     <span class='ocr_line' id='line_1_10' title="bbox 299 1327 1584 1414; baseline -0.002 -14"><span class='ocrx_word' id='word_1_90' title='bbox 299 1327 404 1402; x_wconf 82' lang='lat' dir='ltr'><strong>tertiae</strong></span> <span class='ocrx_word' id='word_1_91' title='bbox 426 1337 631 1400; x_wconf 90' lang='lat' dir='ltr'><strong>declinationis</strong></span> <span class='ocrx_word' id='word_1_92' title='bbox 654 1348 735 1414; x_wconf 83' lang='lat' dir='ltr'><strong>suut,</strong></span> <span class='ocrx_word' id='word_1_93' title='bbox 766 1341 843 1401; x_wconf 90' lang='lat' dir='ltr'><strong>sicut</strong></span> <span class='ocrx_word' id='word_1_94' title='bbox 867 1346 896 1398; x_wconf 89' lang='lat' dir='ltr'><strong>et</strong></span> <span class='ocrx_word' id='word_1_95' title='bbox 918 1340 948 1399; x_wconf 95' lang='lat' dir='ltr'><strong>in</strong></span> <span class='ocrx_word' id='word_1_96' title='bbox 971 1337 1065 1400; x_wconf 91' lang='lat' dir='ltr'><strong>uerbo</strong></span> <span class='ocrx_word' id='word_1_97' title='bbox 1093 1342 1190 1401; x_wconf 90' lang='lat' dir='ltr'><strong>omnia</strong></span> <span class='ocrx_word' id='word_1_98' title='bbox 1221 1341 1355 1402; x_wconf 89' lang='lat' dir='ltr'><strong>anomala</strong></span> <span class='ocrx_word' id='word_1_99' title='bbox 1378 1339 1426 1402; x_wconf 88' lang='lat' dir='ltr'><strong>uel</strong></span> <span class='ocrx_word' id='word_1_100' title='bbox 1450 1338 1584 1400; x_wconf 79' lang='lat' dir='ltr'><strong>deiectius</strong></span> 
     </span>
     <span class='ocr_line' id='line_1_11' title="bbox 298 1440 1612 1521; baseline -0.001 -19"><span class='ocrx_word' id='word_1_101' title='bbox 298 1440 406 1510; x_wconf 88' lang='lat' dir='ltr'><strong>uerba,</strong></span> <span class='ocrx_word' id='word_1_102' title='bbox 431 1459 507 1521; x_wconf 87' lang='lat' dir='ltr'><strong>quae</strong></span> <span class='ocrx_word' id='word_1_103' title='bbox 530 1441 640 1503; x_wconf 91' lang='lat' dir='ltr'><strong>nullius</strong></span> <span class='ocrx_word' id='word_1_104' title='bbox 663 1442 878 1520; x_wconf 81' lang='lat' dir='ltr'><strong>coniugationis</strong></span> <span class='ocrx_word' id='word_1_105' title='bbox 900 1449 983 1510; x_wconf 92' lang='lat' dir='ltr'><strong>sunt,</strong></span> <span class='ocrx_word' id='word_1_106' title='bbox 1016 1443 1119 1502; x_wconf 90' lang='lat' dir='ltr'><strong>tertiae</strong></span> <span class='ocrx_word' id='word_1_107' title='bbox 1142 1443 1360 1521; x_wconf 81' lang='lat' dir='ltr'><strong>coniugationis</strong></span> <span class='ocrx_word' id='word_1_108' title='bbox 1382 1443 1467 1504; x_wconf 89' lang='lat' dir='ltr'><strong>liunt.</strong></span> <span class='ocrx_word' id='word_1_109' title='bbox 1511 1440 1583 1502; x_wconf 86' lang='lat' dir='ltr'><strong>Scire</strong></span> <span class='ocrx_word' id='word_1_110' title='bbox 1595 1459 1612 1496; x_wconf 88' lang='grc' dir='ltr'><strong>ιι</strong></span> 
     </span>
     <span class='ocr_line' id='line_1_12' title="bbox 298 1541 1584 1621; baseline -0.001 -17"><span class='ocrx_word' id='word_1_111' title='bbox 298 1550 396 1604; x_wconf 89' lang='lat' dir='ltr'><strong>autem</strong></span> <span class='ocrx_word' id='word_1_112' title='bbox 420 1541 580 1611; x_wconf 88' lang='lat' dir='ltr'><strong>debemus,</strong></span> <span class='ocrx_word' id='word_1_113' title='bbox 609 1546 729 1606; x_wconf 91' lang='lat' dir='ltr'><strong>nomina</strong></span> <span class='ocrx_word' id='word_1_114' title='bbox 754 1544 921 1604; x_wconf 91' lang='lat' dir='ltr'><strong>communia</strong></span> <span class='ocrx_word' id='word_1_115' title='bbox 945 1543 1070 1604; x_wconf 93' lang='lat' dir='ltr'><strong>duorum</strong></span> <span class='ocrx_word' id='word_1_116' title='bbox 1096 1543 1142 1604; x_wconf 92' lang='lat' dir='ltr'><strong>uel</strong></span> <span class='ocrx_word' id='word_1_117' title='bbox 1165 1546 1257 1606; x_wconf 91' lang='lat' dir='ltr'><strong>trium</strong></span> <span class='ocrx_word' id='word_1_118' title='bbox 1279 1562 1423 1621; x_wconf 84' lang='lat' dir='ltr'><strong>generum</strong></span> <span class='ocrx_word' id='word_1_119' title='bbox 1447 1545 1477 1603; x_wconf 92' lang='lat' dir='ltr'><strong>in</strong></span> <span class='ocrx_word' id='word_1_120' title='bbox 1500 1545 1584 1604; x_wconf 90' lang='lat' dir='ltr'><strong>uomi-</strong></span> 
     </span>
     <span class='ocr_line' id='line_1_13' title="bbox 298 1641 1583 1726; baseline 0 -22"><span class='ocrx_word' id='word_1_121' title='bbox 298 1644 386 1705; x_wconf 91' lang='lat' dir='ltr'><strong>uibus</strong></span> <span class='ocrx_word' id='word_1_122' title='bbox 414 1646 519 1705; x_wconf 90' lang='lat' dir='ltr'><strong>tertiae</strong></span> <span class='ocrx_word' id='word_1_123' title='bbox 549 1642 758 1704; x_wconf 78' lang='lat' dir='ltr'><strong>declinationis</strong></span> <span class='ocrx_word' id='word_1_124' title='bbox 786 1647 913 1705; x_wconf 82' lang='lat' dir='ltr'><strong>maxime</strong></span> <span class='ocrx_word' id='word_1_125' title='bbox 941 1645 1069 1705; x_wconf 87' lang='lat' dir='ltr'><strong>inueniri</strong></span> <span class='ocrx_word' id='word_1_126' title='bbox 1097 1646 1127 1704; x_wconf 91' lang='lat' dir='ltr'><strong>in</strong></span> <span class='ocrx_word' id='word_1_127' title='bbox 1152 1645 1250 1707; x_wconf 89' lang='lat' dir='ltr'><strong>multis</strong></span> <span class='ocrx_word' id='word_1_128' title='bbox 1273 1643 1379 1726; x_wconf 78' lang='lat' dir='ltr'><strong>termill</strong></span> <span class='ocrx_word' id='word_1_129' title='bbox 1396 1646 1416 1706; x_wconf 88' lang='lat' dir='ltr'><strong>l.</strong></span> <span class='ocrx_word' id='word_1_130' title='bbox 1437 1641 1510 1706; x_wconf 82' lang='lat'>109·</span> <span class='ocrx_word' id='word_1_131' title='bbox 1527 1642 1583 1724; x_wconf 62' lang='lat' dir='ltr'><strong>lna·</strong></span> 
     </span>
     <span class='ocr_line' id='line_1_14' title="bbox 298 1743 1583 1827; baseline -0.002 -19"><span class='ocrx_word' id='word_1_132' title='bbox 298 1747 441 1816; x_wconf 89' lang='lat' dir='ltr'><strong>tionibus;</strong></span> <span class='ocrx_word' id='word_1_133' title='bbox 467 1743 589 1806; x_wconf 87' lang='lat' dir='ltr'><strong>mobilia</strong></span> <span class='ocrx_word' id='word_1_134' title='bbox 613 1763 685 1806; x_wconf 88' lang='lat' dir='ltr'><strong>uero</strong></span> <span class='ocrx_word' id='word_1_135' title='bbox 708 1747 827 1808; x_wconf 91' lang='lat' dir='ltr'><strong>nomina</strong></span> <span class='ocrx_word' id='word_1_136' title='bbox 850 1748 958 1807; x_wconf 91' lang='lat' dir='ltr'><strong>tertiae</strong></span> <span class='ocrx_word' id='word_1_137' title='bbox 980 1743 1186 1808; x_wconf 77' lang='lat' dir='ltr'><strong>declinationis</strong></span> <span class='ocrx_word' id='word_1_138' title='bbox 1208 1750 1237 1808; x_wconf 93' lang='lat' dir='ltr'><strong>in</strong></span> <span class='ocrx_word' id='word_1_139' title='bbox 1260 1749 1362 1827; x_wconf 86' lang='lat' dir='ltr'><strong>paucis</strong></span> <span class='ocrx_word' id='word_1_140' title='bbox 1377 1747 1583 1807; x_wconf 88' lang='lat' dir='ltr'><strong>terminationi-</strong></span> 
     </span>
    </p>

    <p class='ocr_par' dir='ltr' id='par_1_4' title="bbox 235 1847 1675 3541">
     <span class='ocr_line' id='line_1_15' title="bbox 235 1847 1584 1926; baseline -0.001 -18"><span class='ocrx_word' id='word_1_141' title='bbox 235 1859 263 1878; x_wconf 89' lang='lat'><strong>·&#39;</strong></span> <span class='ocrx_word' id='word_1_142' title='bbox 297 1848 353 1910; x_wconf 90' lang='lat' dir='ltr'><strong>bus</strong></span> <span class='ocrx_word' id='word_1_143' title='bbox 375 1850 579 1916; x_wconf 89' lang='lat' dir='ltr'><strong>inueniuntur,</strong></span> <span class='ocrx_word' id='word_1_144' title='bbox 603 1848 680 1908; x_wconf 86' lang='lat' dir='ltr'><strong>sicut</strong></span> <span class='ocrx_word' id='word_1_145' title='bbox 701 1849 730 1906; x_wconf 88' lang='lat' dir='ltr'><strong>in</strong></span> <span class='ocrx_word' id='word_1_146' title='bbox 755 1847 814 1916; x_wconf 91' lang='lat' dir='ltr'><strong>bis,</strong></span> <span class='ocrx_word' id='word_1_147' title='bbox 838 1865 913 1926; x_wconf 87' lang='lat' dir='ltr'><strong>quae</strong></span> <span class='ocrx_word' id='word_1_148' title='bbox 935 1852 967 1909; x_wconf 81' lang='lat' dir='ltr'><strong>in</strong></span> <span class='ocrx_word' id='word_1_149' title='bbox 989 1865 1024 1908; x_wconf 81' lang='lat' dir='ltr'><strong>er</strong></span> <span class='ocrx_word' id='word_1_150' title='bbox 1045 1849 1259 1920; x_wconf 89' lang='lat' dir='ltr'><strong>terminantur,</strong></span> <span class='ocrx_word' id='word_1_151' title='bbox 1282 1857 1315 1911; x_wconf 93' lang='lat' dir='ltr'><strong>ut</strong></span> <span class='ocrx_word' id='word_1_152' title='bbox 1337 1848 1385 1908; x_wconf 91' lang='lat' dir='ltr'><strong>hic</strong></span> <span class='ocrx_word' id='word_1_153' title='bbox 1408 1848 1540 1908; x_wconf 89' lang='lat' dir='ltr'><strong>siluester</strong></span> <span class='ocrx_word' id='word_1_154' title='bbox 1560 1855 1584 1907; x_wconf 91' lang='lat' dir='ltr'><strong>et</strong></span> 
     </span>
     <span class='ocr_line' id='line_1_16' title="bbox 296 1947 1611 2030; baseline 0.001 -21"><span class='ocrx_word' id='word_1_155' title='bbox 296 1949 371 2010; x_wconf 90' lang='lat' dir='ltr'><strong>baec</strong></span> <span class='ocrx_word' id='word_1_156' title='bbox 394 1948 540 2011; x_wconf 87' lang='lat' dir='ltr'><strong>siluestris</strong></span> <span class='ocrx_word' id='word_1_157' title='bbox 564 1957 592 2009; x_wconf 89' lang='lat' dir='ltr'><strong>et</strong></span> <span class='ocrx_word' id='word_1_158' title='bbox 614 1947 672 2008; x_wconf 90' lang='lat' dir='ltr'><strong>hoo</strong></span> <span class='ocrx_word' id='word_1_159' title='bbox 694 1948 847 2016; x_wconf 88' lang='lat' dir='ltr'><strong>siluestre;</strong></span> <span class='ocrx_word' id='word_1_160' title='bbox 878 1951 948 2010; x_wconf 90' lang='lat' dir='ltr'><strong>item</strong></span> <span class='ocrx_word' id='word_1_161' title='bbox 978 1949 1026 2009; x_wconf 91' lang='lat' dir='ltr'><strong>bic</strong></span> <span class='ocrx_word' id='word_1_162' title='bbox 1053 1959 1221 2029; x_wconf 83' lang='lat' dir='ltr'><strong>campester</strong></span> <span class='ocrx_word' id='word_1_163' title='bbox 1243 1950 1317 2011; x_wconf 90' lang='lat' dir='ltr'><strong>haec</strong></span> <span class='ocrx_word' id='word_1_164' title='bbox 1340 1952 1514 2030; x_wconf 86' lang='lat' dir='ltr'><strong>campestris</strong></span> <span class='ocrx_word' id='word_1_165' title='bbox 1535 1949 1611 2010; x_wconf 84' lang='lat' dir='ltr'><strong>boon</strong></span> 
     </span>
     <span class='ocr_line' id='line_1_17' title="bbox 297 2049 1582 2132; baseline -0.005 -20"><span class='ocrx_word' id='word_1_166' title='bbox 297 2059 477 2132; x_wconf 77' lang='lat' dir='ltr'><strong>campestre:</strong></span> <span class='ocrx_word' id='word_1_167' title='bbox 507 2059 537 2111; x_wconf 87' lang='lat' dir='ltr'><strong>ct</strong></span> <span class='ocrx_word' id='word_1_168' title='bbox 558 2052 587 2110; x_wconf 90' lang='lat' dir='ltr'><strong>in</strong></span> <span class='ocrx_word' id='word_1_169' title='bbox 611 2049 657 2109; x_wconf 91' lang='lat' dir='ltr'><strong>bis</strong></span> <span class='ocrx_word' id='word_1_170' title='bbox 685 2049 870 2120; x_wconf 88' lang='lat' dir='ltr'><strong>nominibus,</strong></span> <span class='ocrx_word' id='word_1_171' title='bbox 900 2069 975 2131; x_wconf 85' lang='lat' dir='ltr'><strong>quae</strong></span> <span class='ocrx_word' id='word_1_172' title='bbox 1003 2053 1033 2110; x_wconf 90' lang='lat' dir='ltr'><strong>in</strong></span> <span class='ocrx_word' id='word_1_173' title='bbox 1062 2054 1088 2111; x_wconf 91' lang='lat' dir='ltr'><strong>is</strong></span> <span class='ocrx_word' id='word_1_174' title='bbox 1117 2054 1354 2114; x_wconf 78' lang='lat' dir='ltr'><strong>terminationem</strong></span> <span class='ocrx_word' id='word_1_175' title='bbox 1385 2052 1582 2116; x_wconf 90' lang='lat' dir='ltr'><strong>terminantur,</strong></span> 
     </span>
     <span class='ocr_line' id='line_1_18' title="bbox 297 2145 1675 2220; baseline -0.004 -7"><span class='ocrx_word' id='word_1_176' title='bbox 297 2161 328 2213; x_wconf 92' lang='grc' dir='ltr'><strong>ιιι</strong></span> <span class='ocrx_word' id='word_1_177' title='bbox 351 2153 398 2212; x_wconf 93' lang='lat' dir='ltr'><strong>bic</strong></span> <span class='ocrx_word' id='word_1_178' title='bbox 421 2160 450 2213; x_wconf 93' lang='lat' dir='ltr'><strong>et</strong></span> <span class='ocrx_word' id='word_1_179' title='bbox 472 2152 546 2212; x_wconf 89' lang='lat' dir='ltr'><strong>baec</strong></span> <span class='ocrx_word' id='word_1_180' title='bbox 575 2150 718 2212; x_wconf 91' lang='lat' dir='ltr'><strong>mirabilis</strong></span> <span class='ocrx_word' id='word_1_181' title='bbox 741 2159 770 2212; x_wconf 88' lang='lat' dir='ltr'><strong>et</strong></span> <span class='ocrx_word' id='word_1_182' title='bbox 792 2151 848 2212; x_wconf 92' lang='lat' dir='ltr'><strong>boe</strong></span> <span class='ocrx_word' id='word_1_183' title='bbox 878 2151 1029 2220; x_wconf 89' lang='lat' dir='ltr'><strong>mirabile,</strong></span> <span class='ocrx_word' id='word_1_184' title='bbox 1059 2152 1106 2214; x_wconf 90' lang='lat' dir='ltr'><strong>hic</strong></span> <span class='ocrx_word' id='word_1_185' title='bbox 1135 2161 1165 2214; x_wconf 92' lang='lat' dir='ltr'><strong>et</strong></span> <span class='ocrx_word' id='word_1_186' title='bbox 1193 2153 1267 2214; x_wconf 90' lang='lat' dir='ltr'><strong>haec</strong></span> <span class='ocrx_word' id='word_1_187' title='bbox 1295 2151 1452 2215; x_wconf 90' lang='lat' dir='ltr'><strong>laudabilis</strong></span> <span class='ocrx_word' id='word_1_188' title='bbox 1480 2161 1509 2213; x_wconf 91' lang='lat' dir='ltr'><strong>et</strong></span> <span class='ocrx_word' id='word_1_189' title='bbox 1535 2151 1583 2212; x_wconf 89' lang='lat' dir='ltr'><strong>boc</strong></span> <span class='ocrx_word' id='word_1_190' title='bbox 1670 2145 1675 2208; x_wconf 67' lang='grc' dir='ltr'>ἶ</span> 
     </span>
     <span class='ocr_line' id='line_1_19' title="bbox 297 2252 1675 2323; baseline -0.004 -9"><span class='ocrx_word' id='word_1_191' title='bbox 297 2254 458 2323; x_wconf 88' lang='lat' dir='ltr'><strong>laudabile,</strong></span> <span class='ocrx_word' id='word_1_192' title='bbox 483 2253 531 2313; x_wconf 93' lang='lat' dir='ltr'><strong>bic</strong></span> <span class='ocrx_word' id='word_1_193' title='bbox 553 2261 582 2314; x_wconf 90' lang='lat' dir='ltr'><strong>et</strong></span> <span class='ocrx_word' id='word_1_194' title='bbox 605 2253 678 2314; x_wconf 90' lang='lat' dir='ltr'><strong>baec</strong></span> <span class='ocrx_word' id='word_1_195' title='bbox 700 2254 800 2314; x_wconf 84' lang='lat' dir='ltr'><strong>strauis</strong></span> <span class='ocrx_word' id='word_1_196' title='bbox 822 2261 852 2314; x_wconf 89' lang='lat' dir='ltr'><strong>et</strong></span> <span class='ocrx_word' id='word_1_197' title='bbox 874 2253 931 2314; x_wconf 93' lang='lat' dir='ltr'><strong>boc</strong></span> <span class='ocrx_word' id='word_1_198' title='bbox 953 2273 1045 2314; x_wconf 87' lang='lat' dir='ltr'><strong>suane</strong></span> <span class='ocrx_word' id='word_1_199' title='bbox 1068 2263 1097 2315; x_wconf 92' lang='lat' dir='ltr'><strong>et</strong></span> <span class='ocrx_word' id='word_1_200' title='bbox 1120 2264 1218 2316; x_wconf 89' lang='lat' dir='ltr'><strong>cetera</strong></span> <span class='ocrx_word' id='word_1_201' title='bbox 1241 2254 1332 2317; x_wconf 86' lang='lat' dir='ltr'><strong>multa</strong></span> <span class='ocrx_word' id='word_1_202' title='bbox 1356 2261 1434 2316; x_wconf 86' lang='lat' dir='ltr'><strong>sunt.</strong></span> <span class='ocrx_word' id='word_1_203' title='bbox 1455 2287 1498 2298; x_wconf 92' lang='lat'><em>-</em></span> <span class='ocrx_word' id='word_1_204' title='bbox 1519 2253 1581 2315; x_wconf 89' lang='lat' dir='ltr'><strong>ltam</strong></span> <span class='ocrx_word' id='word_1_205' title='bbox 1670 2252 1675 2318; x_wconf 81' lang='lat' dir='ltr'><strong>i</strong></span> 
     </span>
     <span class='ocr_line' id='line_1_20' title="bbox 297 2355 1674 2433; baseline 0 -17"><span class='ocrx_word' id='word_1_206' title='bbox 297 2357 432 2424; x_wconf 91' lang='lat' dir='ltr'><strong>nomina,</strong></span> <span class='ocrx_word' id='word_1_207' title='bbox 455 2372 530 2432; x_wconf 90' lang='lat' dir='ltr'><strong>quae</strong></span> <span class='ocrx_word' id='word_1_208' title='bbox 555 2373 610 2416; x_wconf 91' lang='lat' dir='ltr'><strong>uec</strong></span> <span class='ocrx_word' id='word_1_209' title='bbox 631 2357 661 2414; x_wconf 90' lang='lat' dir='ltr'><strong>iu</strong></span> <span class='ocrx_word' id='word_1_210' title='bbox 684 2362 778 2417; x_wconf 91' lang='lat' dir='ltr'><strong>totum</strong></span> <span class='ocrx_word' id='word_1_211' title='bbox 801 2355 856 2428; x_wconf 85' lang='lat' dir='ltr'><strong>lixa</strong></span> <span class='ocrx_word' id='word_1_212' title='bbox 881 2373 935 2414; x_wconf 85' lang='lat' dir='ltr'><strong>occ</strong></span> <span class='ocrx_word' id='word_1_213' title='bbox 957 2356 987 2414; x_wconf 91' lang='lat' dir='ltr'><strong>in</strong></span> <span class='ocrx_word' id='word_1_214' title='bbox 1011 2364 1103 2416; x_wconf 90' lang='lat' dir='ltr'><strong>totum</strong></span> <span class='ocrx_word' id='word_1_215' title='bbox 1129 2355 1247 2418; x_wconf 90' lang='lat' dir='ltr'><strong>mobilia</strong></span> <span class='ocrx_word' id='word_1_216' title='bbox 1265 2364 1349 2432; x_wconf 89' lang='lat' dir='ltr'><strong>suut,</strong></span> <span class='ocrx_word' id='word_1_217' title='bbox 1373 2363 1405 2417; x_wconf 92' lang='lat' dir='ltr'><strong>ut</strong></span> <span class='ocrx_word' id='word_1_218' title='bbox 1420 2373 1473 2417; x_wconf 84' lang='lat' dir='ltr'><strong>rea</strong></span> <span class='ocrx_word' id='word_1_219' title='bbox 1488 2355 1579 2433; x_wconf 76' lang='lat' dir='ltr'><strong>regina</strong></span> <span class='ocrx_word' id='word_1_220' title='bbox 1670 2390 1674 2431; x_wconf 96' lang='lat'><strong>:</strong></span> 
     </span>
     <span class='ocr_line' id='line_1_21' title="bbox 296 2454 1674 2540; baseline 0 -22"><span class='ocrx_word' id='word_1_221' title='bbox 296 2457 343 2518; x_wconf 91' lang='lat' dir='ltr'><strong>leo</strong></span> <span class='ocrx_word' id='word_1_222' title='bbox 371 2456 475 2517; x_wconf 88' lang='lat' dir='ltr'><strong>leaena</strong></span> <span class='ocrx_word' id='word_1_223' title='bbox 504 2455 570 2516; x_wconf 92' lang='lat' dir='ltr'><strong>leno</strong></span> <span class='ocrx_word' id='word_1_224' title='bbox 599 2455 663 2517; x_wconf 86' lang='lat' dir='ltr'><strong>lena</strong></span> <span class='ocrx_word' id='word_1_225' title='bbox 694 2456 783 2519; x_wconf 88' lang='lat' dir='ltr'><strong>draco</strong></span> <span class='ocrx_word' id='word_1_226' title='bbox 812 2454 956 2518; x_wconf 84' lang='lat' dir='ltr'><strong>dracaena</strong></span> <span class='ocrx_word' id='word_1_227' title='bbox 978 2475 1073 2536; x_wconf 85' lang='lat' dir='ltr'><strong>caupo</strong></span> <span class='ocrx_word' id='word_1_228' title='bbox 1095 2475 1239 2540; x_wconf 88' lang='lat' dir='ltr'><strong>caupona.</strong></span> <span class='ocrx_word' id='word_1_229' title='bbox 1283 2459 1316 2519; x_wconf 95' lang='lat' dir='ltr'><strong>ln</strong></span> <span class='ocrx_word' id='word_1_230' title='bbox 1340 2456 1469 2519; x_wconf 88' lang='lat' dir='ltr'><strong>secunda</strong></span> <span class='ocrx_word' id='word_1_231' title='bbox 1492 2464 1610 2518; x_wconf 79' lang='lat' dir='ltr'><strong>autema</strong></span> <span class='ocrx_word' id='word_1_232' title='bbox 1671 2520 1674 2537; x_wconf 44' lang='lat'>¹</span> 
     </span>
     <span class='ocr_line' id='line_1_22' title="bbox 296 2544 1674 2637; baseline 0 -19"><span class='ocrx_word' id='word_1_233' title='bbox 296 2557 492 2618; x_wconf 88' lang='lat' dir='ltr'><strong>declinatione</strong></span> <span class='ocrx_word' id='word_1_234' title='bbox 521 2558 612 2619; x_wconf 91' lang='lat' dir='ltr'><strong>multa</strong></span> <span class='ocrx_word' id='word_1_235' title='bbox 641 2558 766 2619; x_wconf 91' lang='lat' dir='ltr'><strong>nomina.</strong></span> <span class='ocrx_word' id='word_1_236' title='bbox 787 2557 906 2618; x_wconf 91' lang='lat' dir='ltr'><strong>mobilia</strong></span> <span class='ocrx_word' id='word_1_237' title='bbox 930 2560 1123 2620; x_wconf 91' lang='lat' dir='ltr'><strong>inueniuntur</strong></span> <span class='ocrx_word' id='word_1_238' title='bbox 1146 2562 1176 2621; x_wconf 96' lang='lat' dir='ltr'><strong>in</strong></span> <span class='ocrx_word' id='word_1_239' title='bbox 1200 2561 1254 2621; x_wconf 91' lang='lat' dir='ltr'><strong>tria</strong></span> <span class='ocrx_word' id='word_1_240' title='bbox 1277 2576 1386 2637; x_wconf 80' lang='lat' dir='ltr'><strong>genera</strong></span> <span class='ocrx_word' id='word_1_241' title='bbox 1410 2562 1441 2620; x_wconf 93' lang='lat' dir='ltr'><strong>in</strong></span> <span class='ocrx_word' id='word_1_242' title='bbox 1464 2558 1509 2620; x_wconf 90' lang='lat' dir='ltr'><strong>bis</strong></span> <span class='ocrx_word' id='word_1_243' title='bbox 1530 2566 1582 2618; x_wconf 91' lang='lat' dir='ltr'><strong>ter·</strong></span> <span class='ocrx_word' id='word_1_244' title='bbox 1670 2544 1674 2555; x_wconf 60' lang='lat'>¹</span> 
     </span>
     <span class='ocr_line' id='line_1_23' title="bbox 296 2659 1581 2730; baseline -0.002 -10"><span class='ocrx_word' id='word_1_245' title='bbox 296 2659 522 2730; x_wconf 84' lang='lat' dir='ltr'><strong>minationibus,</strong></span> <span class='ocrx_word' id='word_1_246' title='bbox 548 2662 577 2720; x_wconf 90' lang='lat' dir='ltr'><strong>io</strong></span> <span class='ocrx_word' id='word_1_247' title='bbox 601 2679 634 2720; x_wconf 87' lang='lat' dir='ltr'><strong>er</strong></span> <span class='ocrx_word' id='word_1_248' title='bbox 656 2661 685 2719; x_wconf 95' lang='lat' dir='ltr'><strong>in</strong></span> <span class='ocrx_word' id='word_1_249' title='bbox 702 2678 737 2720; x_wconf 93' lang='lat' dir='ltr'><strong>ur</strong></span> <span class='ocrx_word' id='word_1_250' title='bbox 753 2660 782 2719; x_wconf 96' lang='lat' dir='ltr'><strong>in</strong></span> <span class='ocrx_word' id='word_1_251' title='bbox 800 2678 836 2720; x_wconf 95' lang='lat' dir='ltr'><strong>us</strong></span> <span class='ocrx_word' id='word_1_252' title='bbox 850 2661 880 2719; x_wconf 92' lang='lat' dir='ltr'><strong>io</strong></span> <span class='ocrx_word' id='word_1_253' title='bbox 897 2677 959 2730; x_wconf 88' lang='lat' dir='ltr'><strong>eus,</strong></span> <span class='ocrx_word' id='word_1_254' title='bbox 984 2660 1189 2723; x_wconf 87' lang='lat' dir='ltr'><strong>desinentibus</strong></span> <span class='ocrx_word' id='word_1_255' title='bbox 1211 2661 1398 2728; x_wconf 81' lang='lat' dir='ltr'><strong>nominibus:</strong></span> <span class='ocrx_word' id='word_1_256' title='bbox 1423 2663 1581 2722; x_wconf 86' lang='lat' dir='ltr'><strong>communia</strong></span> 
     </span>
     <span class='ocr_line' id='line_1_24' title="bbox 296 2755 1674 2842; baseline 0.001 -21"><span class='ocrx_word' id='word_1_257' title='bbox 296 2769 392 2822; x_wconf 90' lang='lat' dir='ltr'><strong>antem</strong></span> <span class='ocrx_word' id='word_1_258' title='bbox 423 2780 530 2841; x_wconf 88' lang='lat' dir='ltr'><strong>pauca,</strong></span> <span class='ocrx_word' id='word_1_259' title='bbox 559 2769 592 2822; x_wconf 93' lang='lat' dir='ltr'><strong>ut</strong></span> <span class='ocrx_word' id='word_1_260' title='bbox 619 2779 714 2839; x_wconf 88' lang='lat' dir='ltr'><strong>penus</strong></span> <span class='ocrx_word' id='word_1_261' title='bbox 738 2771 766 2823; x_wconf 91' lang='lat' dir='ltr'><strong>et</strong></span> <span class='ocrx_word' id='word_1_262' title='bbox 789 2779 904 2840; x_wconf 88' lang='lat' dir='ltr'><strong>specus.</strong></span> <span class='ocrx_word' id='word_1_263' title='bbox 949 2763 987 2823; x_wconf 86' lang='lat' dir='ltr'><strong>Et</strong></span> <span class='ocrx_word' id='word_1_264' title='bbox 1007 2769 1075 2823; x_wconf 91' lang='lat' dir='ltr'><strong>sunt</strong></span> <span class='ocrx_word' id='word_1_265' title='bbox 1098 2765 1231 2836; x_wconf 89' lang='lat' dir='ltr'><strong>nomina,</strong></span> <span class='ocrx_word' id='word_1_266' title='bbox 1261 2781 1338 2842; x_wconf 91' lang='lat' dir='ltr'><strong>quaa</strong></span> <span class='ocrx_word' id='word_1_267' title='bbox 1368 2781 1424 2824; x_wconf 88' lang='lat' dir='ltr'><strong>nec</strong></span> <span class='ocrx_word' id='word_1_268' title='bbox 1446 2765 1477 2824; x_wconf 94' lang='lat' dir='ltr'><strong>in</strong></span> <span class='ocrx_word' id='word_1_269' title='bbox 1499 2768 1580 2822; x_wconf 88' lang='lat' dir='ltr'><strong>totum</strong></span> <span class='ocrx_word' id='word_1_270' title='bbox 1673 2755 1674 2762; x_wconf 58' lang='lat'><em>&#39;</em></span> 
     </span>
     <span class='ocr_line' id='line_1_25' title="bbox 295 2861 1580 2942; baseline -0.002 -18"><span class='ocrx_word' id='word_1_271' title='bbox 295 2865 350 2924; x_wconf 80' lang='lat' dir='ltr'><strong>lixa</strong></span> <span class='ocrx_word' id='word_1_272' title='bbox 374 2881 430 2925; x_wconf 89' lang='lat' dir='ltr'><strong>nec</strong></span> <span class='ocrx_word' id='word_1_273' title='bbox 453 2865 482 2922; x_wconf 91' lang='lat' dir='ltr'><strong>in</strong></span> <span class='ocrx_word' id='word_1_274' title='bbox 505 2871 598 2925; x_wconf 91' lang='lat' dir='ltr'><strong>totum</strong></span> <span class='ocrx_word' id='word_1_275' title='bbox 623 2861 759 2933; x_wconf 92' lang='lat' dir='ltr'><strong>mobilia,</strong></span> <span class='ocrx_word' id='word_1_276' title='bbox 785 2871 817 2922; x_wconf 91' lang='lat' dir='ltr'><strong>ut</strong></span> <span class='ocrx_word' id='word_1_277' title='bbox 838 2862 933 2940; x_wconf 82' lang='lat' dir='ltr'><strong>gallus</strong></span> <span class='ocrx_word' id='word_1_278' title='bbox 955 2861 1064 2942; x_wconf 79' lang='lat' dir='ltr'><strong>gallina</strong></span> <span class='ocrx_word' id='word_1_279' title='bbox 1087 2865 1164 2925; x_wconf 86' lang='lat' dir='ltr'><strong>lilius</strong></span> <span class='ocrx_word' id='word_1_280' title='bbox 1186 2864 1243 2926; x_wconf 90' lang='lat' dir='ltr'><strong>lilia</strong></span> <span class='ocrx_word' id='word_1_281' title='bbox 1269 2867 1316 2926; x_wconf 92' lang='lat' dir='ltr'><strong>uir</strong></span> <span class='ocrx_word' id='word_1_282' title='bbox 1339 2865 1401 2926; x_wconf 89' lang='lat' dir='ltr'><strong>uira</strong></span> <span class='ocrx_word' id='word_1_283' title='bbox 1423 2873 1508 2926; x_wconf 78' lang='lat' dir='ltr'><strong>nattis</strong></span> <span class='ocrx_word' id='word_1_284' title='bbox 1522 2872 1580 2924; x_wconf 90' lang='lat' dir='ltr'><strong>nata</strong></span> 
     </span>
     <span class='ocr_line' id='line_1_26' title="bbox 295 2963 1609 3043; baseline 0 -19"><span class='ocrx_word' id='word_1_285' title='bbox 295 2963 367 3025; x_wconf 90' lang='lat' dir='ltr'><strong>deus</strong></span> <span class='ocrx_word' id='word_1_286' title='bbox 396 2965 449 3024; x_wconf 88' lang='lat' dir='ltr'><strong>dea</strong></span> <span class='ocrx_word' id='word_1_287' title='bbox 479 2983 572 3043; x_wconf 83' lang='lat' dir='ltr'><strong>equus</strong></span> <span class='ocrx_word' id='word_1_288' title='bbox 600 2981 674 3041; x_wconf 85' lang='lat' dir='ltr'><strong>equa</strong></span> <span class='ocrx_word' id='word_1_289' title='bbox 704 2964 799 3026; x_wconf 90' lang='lat' dir='ltr'><strong>mulus</strong></span> <span class='ocrx_word' id='word_1_290' title='bbox 828 2964 907 3025; x_wconf 92' lang='lat' dir='ltr'><strong>mula</strong></span> <span class='ocrx_word' id='word_1_291' title='bbox 938 2985 1025 3027; x_wconf 88' lang='lat' dir='ltr'><strong>ursus</strong></span> <span class='ocrx_word' id='word_1_292' title='bbox 1053 2985 1120 3028; x_wconf 88' lang='lat' dir='ltr'><strong>ursa</strong></span> <span class='ocrx_word' id='word_1_293' title='bbox 1150 2965 1277 3028; x_wconf 82' lang='lat' dir='ltr'><strong>tumulus</strong></span> <span class='ocrx_word' id='word_1_294' title='bbox 1305 2964 1426 3028; x_wconf 78' lang='lat' dir='ltr'><strong>famula.</strong></span> <span class='ocrx_word' id='word_1_295' title='bbox 1450 2999 1491 3012; x_wconf 87' lang='lat'>—</span> <span class='ocrx_word' id='word_1_296' title='bbox 1516 2966 1609 3028; x_wconf 72' lang='lat' dir='ltr'><strong>lumea</strong></span> 
     </span>
     <span class='ocr_line' id='line_1_27' title="bbox 295 3065 1579 3134; baseline 0 -8"><span class='ocrx_word' id='word_1_297' title='bbox 295 3068 385 3133; x_wconf 88' lang='lat' dir='ltr'><strong>scias,</strong></span> <span class='ocrx_word' id='word_1_298' title='bbox 417 3067 533 3125; x_wconf 92' lang='lat' dir='ltr'><strong>nomina</strong></span> <span class='ocrx_word' id='word_1_299' title='bbox 564 3067 667 3125; x_wconf 89' lang='lat' dir='ltr'><strong>tertiae</strong></span> <span class='ocrx_word' id='word_1_300' title='bbox 695 3065 899 3127; x_wconf 89' lang='lat' dir='ltr'><strong>declinationis</strong></span> <span class='ocrx_word' id='word_1_301' title='bbox 922 3086 956 3126; x_wconf 87' lang='lat' dir='ltr'><strong>ex</strong></span> <span class='ocrx_word' id='word_1_302' title='bbox 980 3087 1012 3127; x_wconf 92' lang='lat' dir='ltr'><strong>se</strong></span> <span class='ocrx_word' id='word_1_303' title='bbox 1035 3067 1175 3129; x_wconf 89' lang='lat' dir='ltr'><strong>aduerbia</strong></span> <span class='ocrx_word' id='word_1_304' title='bbox 1204 3069 1330 3128; x_wconf 78' lang='lat' dir='ltr'><strong>niaxime</strong></span> <span class='ocrx_word' id='word_1_305' title='bbox 1360 3070 1390 3128; x_wconf 92' lang='lat' dir='ltr'><strong>in</strong></span> <span class='ocrx_word' id='word_1_306' title='bbox 1415 3077 1461 3129; x_wconf 89' lang='lat' dir='ltr'><strong>ter</strong></span> <span class='ocrx_word' id='word_1_307' title='bbox 1483 3070 1579 3134; x_wconf 87' lang='lat' dir='ltr'><strong>lacere,</strong></span> 
     </span>
     <span class='ocr_line' id='line_1_28' title="bbox 295 3161 1673 3247; baseline 0.004 -26"><span class='ocrx_word' id='word_1_308' title='bbox 295 3186 371 3247; x_wconf 89' lang='lat' dir='ltr'><strong>quae</strong></span> <span class='ocrx_word' id='word_1_309' title='bbox 394 3167 533 3227; x_wconf 89' lang='lat' dir='ltr'><strong>aduerbia</strong></span> <span class='ocrx_word' id='word_1_310' title='bbox 557 3167 724 3229; x_wconf 90' lang='lat' dir='ltr'><strong>diriuantur</strong></span> <span class='ocrx_word' id='word_1_311' title='bbox 746 3187 762 3227; x_wconf 93' lang='lat' dir='ltr'><strong>a</strong></span> <span class='ocrx_word' id='word_1_312' title='bbox 785 3168 884 3229; x_wconf 91' lang='lat' dir='ltr'><strong>datiuo</strong></span> <span class='ocrx_word' id='word_1_313' title='bbox 907 3168 1062 3247; x_wconf 82' lang='lat' dir='ltr'><strong>singulari,</strong></span> <span class='ocrx_word' id='word_1_314' title='bbox 1093 3178 1124 3230; x_wconf 92' lang='lat' dir='ltr'><strong>ut</strong></span> <span class='ocrx_word' id='word_1_315' title='bbox 1146 3177 1191 3229; x_wconf 90' lang='lat' dir='ltr'><strong>est</strong></span> <span class='ocrx_word' id='word_1_316' title='bbox 1213 3168 1282 3230; x_wconf 84' lang='lat' dir='ltr'><strong>ielix</strong></span> <span class='ocrx_word' id='word_1_317' title='bbox 1306 3167 1399 3230; x_wconf 91' lang='lat' dir='ltr'><strong>lelicis</strong></span> <span class='ocrx_word' id='word_1_318' title='bbox 1428 3169 1503 3230; x_wconf 87' lang='lat' dir='ltr'><strong>ielici</strong></span> <span class='ocrx_word' id='word_1_319' title='bbox 1524 3167 1579 3228; x_wconf 89' lang='lat' dir='ltr'><strong>leli·</strong></span> <span class='ocrx_word' id='word_1_320' title='bbox 1672 3161 1673 3179; x_wconf 68' lang='lat'><em>³</em></span> 
     </span>
     <span class='ocr_line' id='line_1_29' title="bbox 295 3270 1579 3352; baseline -0.001 -23"><span class='ocrx_word' id='word_1_321' title='bbox 295 3271 378 3339; x_wconf 90' lang='lat' dir='ltr'><strong>citer,</strong></span> <span class='ocrx_word' id='word_1_322' title='bbox 402 3271 474 3329; x_wconf 87' lang='lat' dir='ltr'><strong>item</strong></span> <span class='ocrx_word' id='word_1_323' title='bbox 498 3270 645 3330; x_wconf 91' lang='lat' dir='ltr'><strong>constanti</strong></span> <span class='ocrx_word' id='word_1_324' title='bbox 675 3277 844 3330; x_wconf 88' lang='lat' dir='ltr'><strong>constanter</strong></span> <span class='ocrx_word' id='word_1_325' title='bbox 873 3271 943 3330; x_wconf 87' lang='lat' dir='ltr'><strong>lorti</strong></span> <span class='ocrx_word' id='word_1_326' title='bbox 971 3270 1089 3332; x_wconf 91' lang='lat' dir='ltr'><strong>lortiter</strong></span> <span class='ocrx_word' id='word_1_327' title='bbox 1111 3271 1230 3352; x_wconf 90' lang='lat' dir='ltr'><strong>procaci</strong></span> <span class='ocrx_word' id='word_1_328' title='bbox 1252 3273 1421 3350; x_wconf 89' lang='lat' dir='ltr'><strong>procaciter</strong></span> <span class='ocrx_word' id='word_1_329' title='bbox 1442 3281 1472 3332; x_wconf 92' lang='lat' dir='ltr'><strong>et</strong></span> <span class='ocrx_word' id='word_1_330' title='bbox 1493 3279 1579 3331; x_wconf 88' lang='lat' dir='ltr'><strong>cetera</strong></span> 
     </span>
     <span class='ocr_line' id='line_1_30' title="bbox 293 3369 1578 3451; baseline -0.002 -19"><span class='ocrx_word' id='word_1_331' title='bbox 293 3369 534 3432; x_wconf 81' lang='lat' dir='ltr'><strong>inntrmerabilia.</strong></span> <span class='ocrx_word' id='word_1_332' title='bbox 580 3371 730 3450; x_wconf 82' lang='lat' dir='ltr'><strong>Excipitur</strong></span> <span class='ocrx_word' id='word_1_333' title='bbox 759 3373 870 3437; x_wconf 93' lang='lat' dir='ltr'><strong>omnis,</strong></span> <span class='ocrx_word' id='word_1_334' title='bbox 899 3372 976 3451; x_wconf 86' lang='lat' dir='ltr'><strong>quod</strong></span> <span class='ocrx_word' id='word_1_335' title='bbox 1006 3372 1180 3434; x_wconf 87' lang='lat' dir='ltr'><strong>aduerbium</strong></span> <span class='ocrx_word' id='word_1_336' title='bbox 1211 3391 1269 3434; x_wconf 92' lang='lat' dir='ltr'><strong>non</strong></span> <span class='ocrx_word' id='word_1_337' title='bbox 1291 3374 1322 3432; x_wconf 95' lang='lat' dir='ltr'><strong>in</strong></span> <span class='ocrx_word' id='word_1_338' title='bbox 1346 3391 1379 3432; x_wconf 92' lang='lat' dir='ltr'><strong>er</strong></span> <span class='ocrx_word' id='word_1_339' title='bbox 1408 3374 1508 3441; x_wconf 89' lang='lat' dir='ltr'><strong>mittit,</strong></span> <span class='ocrx_word' id='word_1_340' title='bbox 1534 3369 1578 3431; x_wconf 93' lang='lat' dir='ltr'><strong>sed</strong></span> 
     </span>
     <span class='ocr_line' id='line_1_31' title="bbox 293 3472 1607 3541; baseline -0.002 -8"><span class='ocrx_word' id='word_1_341' title='bbox 293 3476 324 3533; x_wconf 92' lang='lat' dir='ltr'><strong>iu</strong></span> <span class='ocrx_word' id='word_1_342' title='bbox 348 3493 380 3541; x_wconf 92' lang='lat' dir='ltr'><strong>o;</strong></span> <span class='ocrx_word' id='word_1_343' title='bbox 407 3473 475 3533; x_wconf 89' lang='lat' dir='ltr'><strong>lacit</strong></span> <span class='ocrx_word' id='word_1_344' title='bbox 498 3474 575 3533; x_wconf 89' lang='lat' dir='ltr'><strong>enim</strong></span> <span class='ocrx_word' id='word_1_345' title='bbox 599 3472 737 3541; x_wconf 93' lang='lat' dir='ltr'><strong>omnino,</strong></span> <span class='ocrx_word' id='word_1_346' title='bbox 762 3491 821 3532; x_wconf 92' lang='lat' dir='ltr'><strong>non</strong></span> <span class='ocrx_word' id='word_1_347' title='bbox 844 3475 980 3534; x_wconf 86' lang='lat' dir='ltr'><strong>ouaniter.</strong></span> <span class='ocrx_word' id='word_1_348' title='bbox 1588 3491 1607 3530; x_wconf 86' lang='lat' dir='ltr'><strong>ao</strong></span> 
     </span>
    </p>
   </div>
   <div class='ocr_carea' id='block_1_4' title="bbox 293 3607 1604 4402">
    <p class='ocr_par' dir='ltr' id='par_1_5' title="bbox 293 3607 1604 4402">
     <span class='ocr_line' id='line_1_32' title="bbox 379 3607 1601 3686; baseline -0.002 -17"><span class='ocrx_word' id='word_1_349' title='bbox 379 3609 508 3681; x_wconf 84' lang='lat' dir='ltr'><strong>Quartae</strong></span> <span class='ocrx_word' id='word_1_350' title='bbox 531 3607 735 3682; x_wconf 76' lang='lat' dir='ltr'><strong>declinationis</strong></span> <span class='ocrx_word' id='word_1_351' title='bbox 758 3625 834 3685; x_wconf 88' lang='lat' dir='ltr'><strong>quae</strong></span> <span class='ocrx_word' id='word_1_352' title='bbox 858 3617 903 3670; x_wconf 89' lang='lat' dir='ltr'><strong>est</strong></span> <span class='ocrx_word' id='word_1_353' title='bbox 925 3611 1053 3686; x_wconf 74' lang='lat' dir='ltr'><strong>agnitio‘.l</strong></span> <span class='ocrx_word' id='word_1_354' title='bbox 1097 3610 1176 3670; x_wconf 87' lang='lat' dir='ltr'><strong>llaec</strong></span> <span class='ocrx_word' id='word_1_355' title='bbox 1200 3617 1259 3670; x_wconf 90' lang='lat' dir='ltr'><strong>est:</strong></span> <span class='ocrx_word' id='word_1_356' title='bbox 1283 3611 1367 3671; x_wconf 89' lang='lat' dir='ltr'><strong>ouius</strong></span> <span class='ocrx_word' id='word_1_357' title='bbox 1390 3610 1601 3672; x_wconf 90' lang='lat' dir='ltr'><strong>nominatiuus·</strong></span> 
     </span>
     <span class='ocr_line' id='line_1_33' title="bbox 294 3709 1577 3800; baseline -0.002 -30"><span class='ocrx_word' id='word_1_358' title='bbox 294 3709 452 3787; x_wconf 80' lang='lat' dir='ltr'><strong>singularis</strong></span> <span class='ocrx_word' id='word_1_359' title='bbox 475 3709 548 3770; x_wconf 86' lang='lat' dir='ltr'><strong>duas</strong></span> <span class='ocrx_word' id='word_1_360' title='bbox 572 3712 796 3771; x_wconf 88' lang='lat' dir='ltr'><strong>terminationes</strong></span> <span class='ocrx_word' id='word_1_361' title='bbox 819 3710 927 3800; x_wconf 71' lang='lat' dir='ltr'><strong>babet,</strong></span> <span class='ocrx_word' id='word_1_362' title='bbox 953 3711 1008 3771; x_wconf 91' lang='lat' dir='ltr'><strong>boc</strong></span> <span class='ocrx_word' id='word_1_363' title='bbox 1031 3721 1076 3772; x_wconf 87' lang='lat' dir='ltr'><strong>est</strong></span> <span class='ocrx_word' id='word_1_364' title='bbox 1097 3730 1133 3772; x_wconf 91' lang='lat' dir='ltr'><strong>us</strong></span> <span class='ocrx_word' id='word_1_365' title='bbox 1155 3718 1185 3772; x_wconf 92' lang='lat' dir='ltr'><strong>et</strong></span> <span class='ocrx_word' id='word_1_366' title='bbox 1208 3731 1236 3772; x_wconf 93' lang='lat' dir='ltr'><strong>u.</strong></span> <span class='ocrx_word' id='word_1_367' title='bbox 1281 3711 1313 3771; x_wconf 92' lang='lat' dir='ltr'><strong>ln</strong></span> <span class='ocrx_word' id='word_1_368' title='bbox 1338 3730 1372 3771; x_wconf 91' lang='lat' dir='ltr'><strong>us</strong></span> <span class='ocrx_word' id='word_1_369' title='bbox 1395 3711 1512 3774; x_wconf 88' lang='lat' dir='ltr'><strong>breuem</strong></span> <span class='ocrx_word' id='word_1_370' title='bbox 1534 3710 1577 3769; x_wconf 86' lang='lat' dir='ltr'><strong>de·</strong></span> 
     </span>
     <span class='ocr_line' id='line_1_34' title="bbox 293 3812 1576 3892; baseline -0.001 -20"><span class='ocrx_word' id='word_1_371' title='bbox 293 3814 366 3872; x_wconf 89' lang='lat' dir='ltr'><strong>sinit</strong></span> <span class='ocrx_word' id='word_1_372' title='bbox 388 3812 596 3880; x_wconf 89' lang='lat' dir='ltr'><strong>nominatiuus,</strong></span> <span class='ocrx_word' id='word_1_373' title='bbox 621 3818 653 3871; x_wconf 93' lang='lat' dir='ltr'><strong>ut</strong></span> <span class='ocrx_word' id='word_1_374' title='bbox 675 3813 782 3872; x_wconf 84' lang='lat' dir='ltr'><strong>lluctus</strong></span> <span class='ocrx_word' id='word_1_375' title='bbox 805 3830 912 3874; x_wconf 90' lang='lat' dir='ltr'><strong>currus</strong></span> <span class='ocrx_word' id='word_1_376' title='bbox 935 3823 1037 3892; x_wconf 90' lang='lat' dir='ltr'><strong>portus</strong></span> <span class='ocrx_word' id='word_1_377' title='bbox 1060 3832 1178 3882; x_wconf 91' lang='lat' dir='ltr'><strong>mauus;</strong></span> <span class='ocrx_word' id='word_1_378' title='bbox 1203 3815 1359 3891; x_wconf 75' lang='lat' dir='ltr'><strong>genetibus</strong></span> <span class='ocrx_word' id='word_1_379' title='bbox 1382 3820 1479 3875; x_wconf 92' lang='lat' dir='ltr'><strong>autem</strong></span> <span class='ocrx_word' id='word_1_380' title='bbox 1499 3829 1576 3889; x_wconf 85' lang='lat' dir='ltr'><strong>quar·</strong></span> 
     </span>
     <span class='ocr_line' id='line_1_35' title="bbox 294 3911 1575 3992; baseline -0.004 -17"><span class='ocrx_word' id='word_1_381' title='bbox 294 3923 341 3975; x_wconf 87' lang='lat' dir='ltr'><strong>tae</strong></span> <span class='ocrx_word' id='word_1_382' title='bbox 364 3911 570 3973; x_wconf 88' lang='lat' dir='ltr'><strong>declinationis</strong></span> <span class='ocrx_word' id='word_1_383' title='bbox 592 3914 621 3973; x_wconf 92' lang='lat' dir='ltr'><strong>in</strong></span> <span class='ocrx_word' id='word_1_384' title='bbox 647 3931 680 3974; x_wconf 90' lang='lat' dir='ltr'><strong>us</strong></span> <span class='ocrx_word' id='word_1_385' title='bbox 702 3914 876 3992; x_wconf 89' lang='lat' dir='ltr'><strong>productam</strong></span> <span class='ocrx_word' id='word_1_386' title='bbox 901 3917 1085 3984; x_wconf 88' lang='lat' dir='ltr'><strong>terminatur,</strong></span> <span class='ocrx_word' id='word_1_387' title='bbox 1110 3926 1142 3976; x_wconf 96' lang='lat' dir='ltr'><strong>ut</strong></span> <span class='ocrx_word' id='word_1_388' title='bbox 1163 3914 1251 3976; x_wconf 88' lang='lat' dir='ltr'><strong>buius</strong></span> <span class='ocrx_word' id='word_1_389' title='bbox 1274 3917 1396 3984; x_wconf 82' lang='lat' dir='ltr'><strong>ductus:</strong></span> <span class='ocrx_word' id='word_1_390' title='bbox 1422 3915 1533 3977; x_wconf 88' lang='lat' dir='ltr'><strong>datiuus</strong></span> <span class='ocrx_word' id='word_1_391' title='bbox 1551 3915 1575 3971; x_wconf 88' lang='lat' dir='ltr'><strong>in</strong></span> 
     </span>
     <span class='ocr_line' id='line_1_36' title="bbox 294 4013 1604 4096; baseline 0.002 -21"><span class='ocrx_word' id='word_1_392' title='bbox 294 4018 339 4084; x_wconf 88' lang='lat' dir='ltr'><strong>ui,</strong></span> <span class='ocrx_word' id='word_1_393' title='bbox 364 4023 396 4075; x_wconf 95' lang='lat' dir='ltr'><strong>ut</strong></span> <span class='ocrx_word' id='word_1_394' title='bbox 417 4014 487 4075; x_wconf 92' lang='lat' dir='ltr'><strong>huic</strong></span> <span class='ocrx_word' id='word_1_395' title='bbox 510 4013 627 4084; x_wconf 77' lang='lat' dir='ltr'><strong>ductui:</strong></span> <span class='ocrx_word' id='word_1_396' title='bbox 658 4017 843 4078; x_wconf 90' lang='lat' dir='ltr'><strong>accusatiuus</strong></span> <span class='ocrx_word' id='word_1_397' title='bbox 870 4017 900 4076; x_wconf 92' lang='lat' dir='ltr'><strong>in</strong></span> <span class='ocrx_word' id='word_1_398' title='bbox 931 4034 979 4076; x_wconf 95' lang='lat' dir='ltr'><strong>um</strong></span> <span class='ocrx_word' id='word_1_399' title='bbox 1004 4025 1049 4078; x_wconf 88' lang='lat' dir='ltr'><strong>est</strong></span> <span class='ocrx_word' id='word_1_400' title='bbox 1072 4026 1255 4096; x_wconf 90' lang='lat' dir='ltr'><strong>correptam,</strong></span> <span class='ocrx_word' id='word_1_401' title='bbox 1286 4027 1319 4078; x_wconf 89' lang='lat' dir='ltr'><strong>ut</strong></span> <span class='ocrx_word' id='word_1_402' title='bbox 1346 4016 1427 4078; x_wconf 91' lang='lat' dir='ltr'><strong>bunc</strong></span> <span class='ocrx_word' id='word_1_403' title='bbox 1454 4017 1604 4078; x_wconf 65' lang='lat' dir='ltr'><strong>fluctuum</strong></span> 
     </span>
     <span class='ocr_line' id='line_1_37' title="bbox 295 4115 1574 4188; baseline -0.004 -10"><span class='ocrx_word' id='word_1_404' title='bbox 295 4119 451 4178; x_wconf 88' lang='lat' dir='ltr'><strong>uocatiuus</strong></span> <span class='ocrx_word' id='word_1_405' title='bbox 477 4117 509 4176; x_wconf 93' lang='lat' dir='ltr'><strong>in</strong></span> <span class='ocrx_word' id='word_1_406' title='bbox 536 4135 571 4177; x_wconf 92' lang='lat' dir='ltr'><strong>us</strong></span> <span class='ocrx_word' id='word_1_407' title='bbox 599 4115 738 4187; x_wconf 88' lang='lat' dir='ltr'><strong>breuem,</strong></span> <span class='ocrx_word' id='word_1_408' title='bbox 774 4120 852 4179; x_wconf 91' lang='lat' dir='ltr'><strong>sicut</strong></span> <span class='ocrx_word' id='word_1_409' title='bbox 880 4127 909 4178; x_wconf 87' lang='lat' dir='ltr'><strong>et</strong></span> <span class='ocrx_word' id='word_1_410' title='bbox 937 4120 1150 4187; x_wconf 88' lang='lat' dir='ltr'><strong>nominatiuus,</strong></span> <span class='ocrx_word' id='word_1_411' title='bbox 1180 4127 1214 4180; x_wconf 93' lang='lat' dir='ltr'><strong>ut</strong></span> <span class='ocrx_word' id='word_1_412' title='bbox 1241 4137 1258 4178; x_wconf 94' lang='lat' dir='ltr'><strong>o</strong></span> <span class='ocrx_word' id='word_1_413' title='bbox 1286 4119 1410 4188; x_wconf 87' lang='lat' dir='ltr'><strong>ductus;</strong></span> <span class='ocrx_word' id='word_1_414' title='bbox 1444 4117 1574 4179; x_wconf 86' lang='lat' dir='ltr'><strong>ablatiuus</strong></span> 
     </span>
     <span class='ocr_line' id='line_1_38' title="bbox 293 4215 1572 4296; baseline 0 -19"><span class='ocrx_word' id='word_1_415' title='bbox 293 4216 451 4295; x_wconf 79' lang='lat' dir='ltr'><strong>singularis</strong></span> <span class='ocrx_word' id='word_1_416' title='bbox 473 4219 502 4278; x_wconf 93' lang='lat' dir='ltr'><strong>in</strong></span> <span class='ocrx_word' id='word_1_417' title='bbox 527 4237 545 4278; x_wconf 97' lang='lat' dir='ltr'><strong>u</strong></span> <span class='ocrx_word' id='word_1_418' title='bbox 570 4215 687 4296; x_wconf 83' lang='lat' dir='ltr'><strong>longam</strong></span> <span class='ocrx_word' id='word_1_419' title='bbox 709 4221 894 4289; x_wconf 90' lang='lat' dir='ltr'><strong>terminatur,</strong></span> <span class='ocrx_word' id='word_1_420' title='bbox 925 4227 957 4279; x_wconf 91' lang='lat' dir='ltr'><strong>ut</strong></span> <span class='ocrx_word' id='word_1_421' title='bbox 978 4218 1015 4280; x_wconf 94' lang='lat' dir='ltr'><strong>ab</strong></span> <span class='ocrx_word' id='word_1_422' title='bbox 1038 4219 1094 4280; x_wconf 92' lang='lat' dir='ltr'><strong>hoc</strong></span> <span class='ocrx_word' id='word_1_423' title='bbox 1116 4221 1216 4281; x_wconf 91' lang='lat' dir='ltr'><strong>lluctu.</strong></span> <span class='ocrx_word' id='word_1_424' title='bbox 1262 4221 1467 4283; x_wconf 88' lang='lat' dir='ltr'><strong>Nominatluus</strong></span> <span class='ocrx_word' id='word_1_425' title='bbox 1487 4227 1515 4279; x_wconf 89' lang='lat' dir='ltr'><strong>et</strong></span> <span class='ocrx_word' id='word_1_426' title='bbox 1533 4235 1572 4278; x_wconf 90' lang='lat' dir='ltr'><strong>ac·</strong></span> 
     </span>
     <span class='ocr_line' id='line_1_39' title="bbox 293 4319 1574 4402; baseline -0.005 -20"><span class='ocrx_word' id='word_1_427' title='bbox 293 4321 442 4382; x_wconf 89' lang='lat' dir='ltr'><strong>cusatiuus</strong></span> <span class='ocrx_word' id='word_1_428' title='bbox 465 4327 494 4380; x_wconf 91' lang='lat' dir='ltr'><strong>et</strong></span> <span class='ocrx_word' id='word_1_429' title='bbox 515 4321 670 4383; x_wconf 88' lang='lat' dir='ltr'><strong>uocatiuus</strong></span> <span class='ocrx_word' id='word_1_430' title='bbox 692 4319 815 4398; x_wconf 89' lang='lat' dir='ltr'><strong>pluralis</strong></span> <span class='ocrx_word' id='word_1_431' title='bbox 838 4324 869 4382; x_wconf 93' lang='lat' dir='ltr'><strong>in</strong></span> <span class='ocrx_word' id='word_1_432' title='bbox 893 4341 926 4384; x_wconf 93' lang='lat' dir='ltr'><strong>us</strong></span> <span class='ocrx_word' id='word_1_433' title='bbox 947 4321 1125 4402; x_wconf 89' lang='lat' dir='ltr'><strong>productam</strong></span> <span class='ocrx_word' id='word_1_434' title='bbox 1147 4322 1301 4391; x_wconf 87' lang='lat' dir='ltr'><strong>desinunt,</strong></span> <span class='ocrx_word' id='word_1_435' title='bbox 1324 4331 1359 4384; x_wconf 93' lang='lat' dir='ltr'><strong>ut</strong></span> <span class='ocrx_word' id='word_1_436' title='bbox 1381 4322 1410 4384; x_wconf 90' lang='lat' dir='ltr'><strong>bi</strong></span> <span class='ocrx_word' id='word_1_437' title='bbox 1431 4323 1531 4384; x_wconf 90' lang='lat' dir='ltr'><strong>lluctus</strong></span> <span class='ocrx_word' id='word_1_438' title='bbox 1551 4323 1574 4377; x_wconf 85' lang='lat' dir='ltr'><strong>et</strong></span> 
     </span>
    </p>
   </div>
   <div class='ocr_carea' id='block_1_5' title="bbox 292 4537 1573 4879">
    <p class='ocr_par' dir='ltr' id='par_1_6' title="bbox 292 4537 1573 4879">
     <span class='ocr_line' id='line_1_40' title="bbox 362 4537 1573 4610; baseline -0.005 -18"><span class='ocrx_word' id='word_1_439' title='bbox 362 4546 423 4592; x_wconf 90' lang='lat' dir='ltr'><strong>lut</strong></span> <span class='ocrx_word' id='word_1_440' title='bbox 440 4537 534 4606; x_wconf 81' lang='lat' dir='ltr'><strong>simus]</strong></span> <span class='ocrx_word' id='word_1_441' title='bbox 555 4541 589 4604; x_wconf 78' lang='lat' dir='ltr'><strong>cf.</strong></span> <span class='ocrx_word' id='word_1_442' title='bbox 608 4541 725 4592; x_wconf 78' lang='lat' dir='ltr'><strong>Priscl</strong></span> <span class='ocrx_word' id='word_1_443' title='bbox 742 4559 769 4606; x_wconf 91' lang='lat' dir='ltr'><strong>p.</strong></span> <span class='ocrx_word' id='word_1_444' title='bbox 787 4543 848 4602; x_wconf 78' lang='grc'><strong><em>215,</em></strong></span> <span class='ocrx_word' id='word_1_445' title='bbox 866 4545 902 4592; x_wconf 84' lang='grc'><strong>13</strong></span> <span class='ocrx_word' id='word_1_446' title='bbox 971 4539 1573 4610; x_wconf 72' lang='lat' dir='ltr'><strong>3uuges]cfi1²riae.1p.155‚23.2³i,.3</strong></span> 
     </span>
     <span class='ocr_line' id='line_1_41' title="bbox 292 4607 1571 4672; baseline -0.002 -12"><span class='ocrx_word' id='word_1_447' title='bbox 292 4611 458 4660; x_wconf 72' lang='lat' dir='ltr'><strong>(inominata</strong></span> <span class='ocrx_word' id='word_1_448' title='bbox 476 4621 536 4658; x_wconf 88' lang='lat' dir='ltr'><strong>suut</strong></span> <span class='ocrx_word' id='word_1_449' title='bbox 613 4609 839 4660; x_wconf 79' lang='lat' dir='ltr'><strong>idealinationem</strong></span> <span class='ocrx_word' id='word_1_450' title='bbox 858 4611 1004 4660; x_wconf 86' lang='lat' dir='ltr'><strong>redicuutur</strong></span> <span class='ocrx_word' id='word_1_451' title='bbox 1073 4613 1105 4661; x_wconf 83' lang='lat'><strong>14</strong></span> <span class='ocrx_word' id='word_1_452' title='bbox 1123 4627 1173 4672; x_wconf 85' lang='lat' dir='ltr'><strong>que</strong></span> <span class='ocrx_word' id='word_1_453' title='bbox 1190 4611 1357 4662; x_wconf 86' lang='lat' dir='ltr'><strong>terminantur</strong></span> <span class='ocrx_word' id='word_1_454' title='bbox 1431 4613 1460 4662; x_wconf 81' lang='grc'><strong>16</strong></span> <span class='ocrx_word' id='word_1_455' title='bbox 1476 4622 1537 4672; x_wconf 83' lang='lat' dir='ltr'><strong>quae</strong></span> <span class='ocrx_word' id='word_1_456' title='bbox 1552 4607 1571 4658; x_wconf 83' lang='lat' dir='ltr'><strong>lu</strong></span> 
     </span>
     <span class='ocr_line' id='line_1_42' title="bbox 292 4675 1573 4745; baseline -0.001 -20"><span class='ocrx_word' id='word_1_457' title='bbox 292 4677 333 4727; x_wconf 84' lang='lat' dir='ltr'><strong>lais</strong></span> <span class='ocrx_word' id='word_1_458' title='bbox 365 4687 367 4692; x_wconf 88' lang='lat'>&#39;</span> <span class='ocrx_word' id='word_1_459' title='bbox 404 4679 435 4726; x_wconf 87' lang='lat' dir='ltr'><strong>l&#39;l</strong></span> <span class='ocrx_word' id='word_1_460' title='bbox 454 4687 478 4727; x_wconf 87' lang='lat' dir='ltr'><strong>et</strong></span> <span class='ocrx_word' id='word_1_461' title='bbox 495 4676 557 4726; x_wconf 87' lang='lat' dir='ltr'><strong>haec</strong></span> <span class='ocrx_word' id='word_1_462' title='bbox 575 4677 689 4726; x_wconf 87' lang='lat' dir='ltr'><strong>mirabile</strong></span> <span class='ocrx_word' id='word_1_463' title='bbox 739 4677 872 4728; x_wconf 71' lang='lat' dir='ltr'><strong>tardabitis</strong></span> <span class='ocrx_word' id='word_1_464' title='bbox 935 4677 968 4728; x_wconf 76' lang='lat'><strong>20</strong></span> <span class='ocrx_word' id='word_1_465' title='bbox 986 4679 1025 4728; x_wconf 91' lang='lat' dir='ltr'><strong>leo</strong></span> <span class='ocrx_word' id='word_1_466' title='bbox 1043 4679 1100 4729; x_wconf 83' lang='lat' dir='ltr'><strong>leue</strong></span> <span class='ocrx_word' id='word_1_467' title='bbox 1152 4681 1262 4730; x_wconf 84' lang='lat' dir='ltr'><strong>dracena</strong></span> <span class='ocrx_word' id='word_1_468' title='bbox 1313 4694 1415 4745; x_wconf 84' lang='lat' dir='ltr'><strong>caupon</strong></span> <span class='ocrx_word' id='word_1_469' title='bbox 1433 4681 1457 4728; x_wconf 88' lang='lat' dir='ltr'><strong>iu</strong></span> <span class='ocrx_word' id='word_1_470' title='bbox 1474 4675 1573 4727; x_wconf 84' lang='lat' dir='ltr'><strong>secunda</strong></span> 
     </span>
     <span class='ocr_line' id='line_1_43' title="bbox 293 4744 1572 4812; baseline -0.003 -18"><span class='ocrx_word' id='word_1_471' title='bbox 293 4747 324 4794; x_wconf 75' lang='lat' dir='ltr'><strong>‘il</strong></span> <span class='ocrx_word' id='word_1_472' title='bbox 344 4747 369 4794; x_wconf 93' lang='lat' dir='ltr'><strong>in</strong></span> <span class='ocrx_word' id='word_1_473' title='bbox 388 4755 441 4793; x_wconf 85' lang='lat' dir='ltr'><strong>trea</strong></span> <span class='ocrx_word' id='word_1_474' title='bbox 510 4746 542 4794; x_wconf 76' lang='lat'><strong>25</strong></span> <span class='ocrx_word' id='word_1_475' title='bbox 560 4761 643 4810; x_wconf 72' lang='lat' dir='ltr'><strong>aquus</strong></span> <span class='ocrx_word' id='word_1_476' title='bbox 661 4760 728 4810; x_wconf 69' lang='lat' dir='ltr'><strong>equa</strong></span> <span class='ocrx_word' id='word_1_477' title='bbox 797 4747 829 4795; x_wconf 78' lang='lat'><strong>26</strong></span> <span class='ocrx_word' id='word_1_478' title='bbox 848 4747 970 4797; x_wconf 84' lang='lat' dir='ltr'><strong>aduerbio</strong></span> <span class='ocrx_word' id='word_1_479' title='bbox 1030 4746 1178 4797; x_wconf 85' lang='lat' dir='ltr'><strong>interlucere</strong></span> <span class='ocrx_word' id='word_1_480' title='bbox 1263 4749 1295 4798; x_wconf 75' lang='grc'><strong>27</strong></span> <span class='ocrx_word' id='word_1_481' title='bbox 1314 4763 1328 4798; x_wconf 86' lang='lat' dir='ltr'><strong>a</strong></span> <span class='ocrx_word' id='word_1_482' title='bbox 1347 4746 1444 4812; x_wconf 80' lang='lat' dir='ltr'><strong>dedalo]</strong></span> <span class='ocrx_word' id='word_1_483' title='bbox 1460 4744 1572 4795; x_wconf 85' lang='lat' dir='ltr'><strong>ablatiuua</strong></span> 
     </span>
     <span class='ocr_line' id='line_1_44' title="bbox 360 4810 1394 4879; baseline 0.007 -19"><span class='ocrx_word' id='word_1_484' title='bbox 360 4811 426 4861; x_wconf 86' lang='lat' dir='ltr'><strong>leliei</strong></span> <span class='ocrx_word' id='word_1_485' title='bbox 444 4810 511 4860; x_wconf 86' lang='lat' dir='ltr'><strong>islici</strong></span> <span class='ocrx_word' id='word_1_486' title='bbox 528 4811 635 4862; x_wconf 78' lang='lat' dir='ltr'><strong>feliciter</strong></span> <span class='ocrx_word' id='word_1_487' title='bbox 703 4815 736 4862; x_wconf 79' lang='lat'><strong>29</strong></span> <span class='ocrx_word' id='word_1_488' title='bbox 755 4815 823 4862; x_wconf 91' lang='lat' dir='ltr'><strong>oumi</strong></span> <span class='ocrx_word' id='word_1_489' title='bbox 893 4817 923 4866; x_wconf 85' lang='lat' dir='ltr'><strong>at</strong></span> <span class='ocrx_word' id='word_1_490' title='bbox 943 4826 1032 4878; x_wconf 90' lang='lat' dir='ltr'><strong>quarte</strong></span> <span class='ocrx_word' id='word_1_491' title='bbox 1083 4815 1132 4864; x_wconf 86' lang='lat' dir='ltr'><strong>boo</strong></span> <span class='ocrx_word' id='word_1_492' title='bbox 1149 4825 1188 4866; x_wconf 87' lang='lat' dir='ltr'><strong>est</strong></span> <span class='ocrx_word' id='word_1_493' title='bbox 1254 4817 1288 4867; x_wconf 85' lang='grc'><strong>33</strong></span> <span class='ocrx_word' id='word_1_494' title='bbox 1305 4826 1394 4879; x_wconf 85' lang='lat' dir='ltr'><strong>quarte</strong></span> 
     </span>
    </p>
   </div>
   <div class='ocr_carea' id='block_1_6' title="bbox 0 0 1700 5444">
    <p class='ocr_par' dir='ltr' id='par_1_7' title="bbox 0 0 1700 5444">
     <span class='ocr_line' id='line_1_45' title="bbox 0 0 1700 5444; baseline 0 2"><span class='ocrx_word' id='word_1_495' title='bbox 0 0 1700 5444; x_wconf 95' lang='lat' dir='ltr'><strong> </strong></span> 
     </span>
    </p>
   </div>
  </div>
 </body>
</html>
