3412 5452
459 332 508 382 DE
526 328 773 384 DISSONANTIA
791 329 979 384 SERMONIS.
1256 342 1367 391 cxxnt

103 523 172 592 curiit,
193 521 303 599 primus
325 518 476 590 omnibus,
506 524 538 580 in
561 522 639 582 libro
661 538 778 596 quoqne
798 522 1004 596 manuscripto
1025 523 1181 597 lequuntur,
1209 523 1269 580 nisi
1288 521 1371 595 quod

99 643 144 702 pro
168 627 215 685 itto
240 620 366 684 aiterum
391 625 538 700 scriptino
563 630 607 683 est
633 621 735 683 aiter':
766 625 928 684 omiserunt
954 625 1147 698 neqleqenter
1177 624 1368 683 Dubreuitius

87 709 173 802 ¹utque
190 725 352 799 Areuutns,
376 742 436 801 quo
454 725 575 798 foetum
597 731 654 799 est,
679 731 712 785 ut
733 725 1002 802 Reifferscheidins
1019 743 1052 803 p.
1078 731 1136 784 287
1158 743 1217 786 non
1240 726 1365 800 uideret,

99 831 185 890 eodem
210 845 319 888 reuera
347 829 434 904 opud
456 828 676 901 Gotbosrednm
698 833 822 902 entire,
853 845 931 903 quoe
958 831 1038 890 inter
1059 827 1197 888 Suetonii
1223 829 1370 904 reliquias

98 935 242 1006 receperat.
263 923 268 1011 Ι
291 925 350 990 197
374 927 558 990 uoluntariae
577 925 581 1010 Ι
602 927 720 1008 reiiiirit
738 923 744 1010 Ι
763 928 856 998 boeti,
878 947 961 990 corr.
979 928 1168 990 bostesm.1
1184 923 1189 1012 Ι
1208 925 1271 989 200
1286 945 1368 988 mon-

98 1028 166 1094 strat'
185 1033 333 1110 sanguinis
351 1029 357 1113 Ι
375 1027 437 1093 201
461 1029 632 1112 proelium!
657 1028 766 1092 bettoni
790 1031 913 1094 discitur
935 1032 1013 1092 acies
1036 1027 1161 1092 ordinat'
1184 1029 1329 1110 proelium
1362 1029 1366 1110 Ι
1391 1075 1393 1088 ,

97 1132 148 1196 203
167 1133 199 1194 ad
218 1133 441 1212 congestionem
460 1134 466 1212 Ι
485 1132 631 1194 discendit
649 1129 653 1214 Ι

166 1255 191 1316 p.
212 1232 285 1304 103.
308 1231 372 1298 205
395 1235 581 1314 puplicorum
606 1232 611 1315 Ι
635 1231 699 1296 212
722 1254 758 1295 ex
780 1237 927 1296 inmaturo
946 1231 951 1320 Ι
972 1241 1022 1296 orit
1044 1253 1115 1296 suae
1135 1233 1139 1316 Ι
1158 1237 1274 1315 inponit
1293 1237 1298 1313 Ι
1318 1237 1367 1315 qui

96 1333 372 1420 latentesreit213
395 1336 531 1399 inhibere
553 1339 582 1398 ui
605 1335 640 1398 di
664 1336 716 1417 (=
731 1339 759 1398 ui
776 1338 892 1416 dicitur)
913 1338 917 1414 Ι
936 1333 1000 1398 214
1022 1339 1052 1396 in
1076 1335 1157 1397 caelo
1176 1335 1181 1415 Ι
1200 1345 1338 1418 quattuor
1362 1333 1366 1418 Ι

93 1445 145 1508 216
168 1450 271 1510 cineris
289 1444 296 1531 Ι
320 1445 383 1510 217
406 1449 505 1511 sidere
529 1446 535 1530 Ι
559 1454 637 1509 astra
659 1447 724 1509 sine
746 1448 843 1510 sidera
863 1448 868 1529 Ι
888 1447 969 1509 coelo
988 1445 993 1531 Ι
1013 1429 1108 1510 sidere
1134 1445 1140 1530 Ι
1163 1443 1226 1510 218
1248 1427 1313 1530 init
1338 1448 1368 1508 in

93 1551 216 1612 interiore
234 1548 239 1631 Ι

164 1674 190 1734 p.
212 1649 286 1723 104,
308 1649 370 1715 221
395 1653 506 1715 diuinm
526 1650 532 1735 Ι
551 1653 648 1715 didius
666 1650 671 1735 Ι
691 1660 842 1715 comentur
867 1655 872 1732 Ι
896 1650 959 1716 222
981 1652 1110 1714 litteram
1135 1649 1140 1735 Ι
1164 1651 1338 1714 habundare
1362 1649 1366 1732 Ι

93 1752 292 1836 ειΙΙΙυεὴεωουε
315 1753 322 1840 Ι
347 1753 412 1818 224
432 1755 525 1818 altero
544 1752 550 1839 Ι
568 1755 713 1818 inuiditur
737 1753 742 1839 Ι
767 1753 831 1818 226
853 1756 933 1817 Inter
955 1755 1086 1826 dimitto,
1109 1773 1190 1817 corr.
1216 1753 1337 1816 demitto
1362 1750 1365 1832 Ι

91 1855 144 1918 228
164 1858 303 1921 subierint
321 1853 327 1943 Ι
348 1859 477 1921 dimedio
500 1877 564 1920 esse
583 1855 589 1938 Ι
607 1856 790 1920 dimidiatum
813 1865 910 1920 autern
937 1859 941 1935 Ι
966 1855 1031 1920 230
1053 1875 1168 1918 nrexme
1187 1859 1192 1935 Ι
1210 1854 1271 1919 231
1295 1858 1378 1944 assi-¹

91 1959 156 2020 dnae
177 1971 205 2022 et
225 1961 341 2032 cotidie,
364 1963 410 2023 bis
432 1957 439 2045 Ι
462 1961 717 2042 perseuerantiam
741 1957 747 2044 Ι
771 1957 835 2023 232
857 1969 985 2030 maeret,
1007 1962 1053 2022 bis
1076 1956 1081 2042 Ι
1107 1959 1175 2038 qnia
1197 1977 1232 2019 ex
1253 1954 1257 2042 Ι
1278 1958 1368 2019 bene-

90 2063 141 2122 fitio
159 2058 164 2145 Ι
182 2071 313 2142 expectat
331 2060 337 2146 Ι

162 2184 190 2245 p.
214 2162 288 2234 105,
316 2162 381 2228 234
402 2183 528 2246 praecor
551 2173 581 2227 ct
602 2165 766 2246 depraecor
791 2160 796 2248 Ι
820 2161 882 2227 237
909 2165 973 2226 sinc
997 2165 1080 2225 cuius
1103 2159 1296 2245 8881111238
1321 2159 1369 2224 nei

89 2263 257 2346 1811111240
279 2271 414 2346 cognitus
432 2265 438 2351 Ι
458 2268 588 2350 ndqnmn
607 2269 613 2346 Ι
631 2264 692 2329 241
716 2267 853 2346 clipeum,
875 2268 921 2328 bis
939 2268 944 2345 Ι
963 2262 1026 2328 242
1048 2266 1128 2327 Inter
1150 2281 1324 2345 germanum
1340 2274 1369 2325 et

88 2369 136 2428 boc
149 2371 278 2440 interest,
296 2389 352 2432 om.
371 2370 493 2431 tratrem
513 2369 518 2452 Ι
537 2366 600 2432 243
615 2371 693 2430 inter
707 2387 823 2430 mesore
842 2371 847 2447 Ι
867 2386 982 2431 mmare
1001 2364 1006 2450 Ι
1025 2365 1089 2430 245
1104 2367 1277 2443 domininus,
1291 2368 1337 2428 bis
1363 2363 1367 2447 Ι

163 2489 190 2550 p.
214 2468 282 2542 106,
306 2468 369 2533 248
392 2480 541 2553 tamquam
562 2471 566 2552 Ι
585 2469 647 2533 251
674 2472 887 2550 cuiuscumque
907 2472 912 2549 Ι
931 2471 1040 2532 totiens
1057 2466 1064 2554 Ι
1083 2471 1221 2551 quotiens
1239 2470 1243 2546 Ι
1264 2489 1298 2530 ac
1320 2489 1367 2530 re·

87 2575 175 2650 ginam
198 2577 280 2653 graui
299 2572 304 2657 Ι
325 2573 484 2636 lacrimans
502 2575 507 2652 Ι
528 2576 649 2636 inmittit
667 2569 673 2656 Ι
691 2570 754 2639 253
774 2576 904 2636 seruiunt
926 2576 951 2650 (r
966 2591 1004 2635 m.
1022 2575 1067 2654 ΙΙΙ
1092 2571 1226 2634 homines
1241 2573 1366 2640 ratione,

87 2695 158 2736 corr.
181 2679 234 2737 -ni
255 2695 292 2737 m.
318 2679 363 2738 II.

608 2813 834 2824 ——---..

161 2986 230 3044 Iani
258 3002 343 3060 quem
371 2985 521 3046 Areunlus
555 2985 618 3046 VII
639 3001 673 3060 p.
706 2991 765 3044 426
793 2987 866 3045 adn.
895 2988 928 3046 in
951 2994 1059 3061 portes
1088 2991 1210 3046 uocauit
1235 2986 1369 3046 codicem

92 3088 263 3148 t'nticunum
285 3095 346 3147 624
368 3090 470 3148 nescio
491 3090 576 3148 cuites
598 3089 717 3160 aetatis,
742 3089 767 3147 is
788 3104 969 3163 quamquem
992 3090 1157 3148 abeodem
1179 3091 1286 3164 incipit
1306 3087 1368 3162 dis-

83 3187 223 3258 ferentia:
246 3190 346 3250 ‘Inter
366 3192 485 3250 metum’
509 3197 583 3263 ete„
608 3195 708 3250 tomen
726 3206 855 3265 prorsus
876 3189 993 3251 cennos
1013 3198 1056 3251 est
1078 3207 1098 3250 a
1118 3192 1198 3251 tibro
1218 3191 1371 3250 Beruensi

88 3297 150 3350 118·
172 3307 268 3368 neque
288 3295 366 3352 enim
388 3293 467 3352 idem
488 3299 532 3352 est
553 3308 655 3352 rerum
677 3295 884 3368 expositorum
907 3295 983 3353 ordo
1005 3297 1054 3354 net
1075 3297 1156 3354 ratio
1178 3292 1366 3368 explicandi.

160 3395 258 3470 Atque
279 3395 355 3455 ordo
377 3397 442 3469 ipse
464 3397 594 3454 omnium
616 3395 724 3455 borum
747 3403 889 3470 quotquot
904 3397 1095 3472 differentius
1109 3399 1264 3457 continent
1277 3395 1368 3454 libro

85 3515 143 3556 riou
169 3513 231 3572 que
254 3499 444 3578 potissimum
470 3499 591 3557 ratione
618 3499 750 3570 nitatur,
781 3499 916 3572 equidem
946 3514 1006 3558 non
1032 3514 1109 3573 queo
1137 3497 1275 3570 definire,
1312 3499 1372 3555 nist

86 3601 158 3673 quod
177 3600 252 3658 iibri
276 3597 435 3659 Beruenses
459 3605 515 3658 178
537 3615 604 3658 eom
626 3602 794 3673 sectionem,
820 3617 898 3674 quoe
919 3602 1032 3674 teqitur
1051 3617 1083 3676 p.
1109 3605 1180 3674 282,
1207 3605 1317 3672 5—22,
1341 3596 1370 3658 si

85 3717 103 3758 a
115 3702 277 3775 postremis
298 3702 342 3760 od
358 3698 463 3777 prima
484 3716 644 3775 recurres,
675 3699 783 3761 ordine
809 3703 999 3776 alphabetico
1023 3705 1167 3778 scriptam
1190 3717 1252 3761 esse
1274 3703 1367 3761 uides.

88 3802 172 3871 Quom
195 3819 269 3875 rem,
293 3819 361 3862 cum
382 3819 458 3862 casu
475 3801 597 3875 sactum
618 3819 682 3863 esse
703 3804 788 3863 bend
808 3805 944 3876 credam,
969 3806 1012 3863 ito
1034 3805 1264 3880 explicnuerin,
1289 3809 1322 3863 nt
1337 3805 1369 3861 in

86 3905 136 3965 too
155 3908 257 3982 operis
273 3911 367 3980 parte
388 3905 633 3981 differentiarum
655 3905 844 3966 collectorem
870 3907 948 3966 libro
975 3909 1018 3965 od
1044 3923 1199 3966 numerum
1224 3905 1367 3979 otpbobe-

87 4009 167 4066 tuum
187 4014 300 4068 exacto
320 4023 406 4067 coum
428 4023 492 4068 esse
511 4010 622 4080 dicum,
647 4009 753 4067 ordine
774 4010 840 4083 ipso
861 4024 956 4068 ceusu
977 4012 1078 4069 nescio
1099 4024 1160 4083 quo
1182 4011 1313 4067 innerso.

160 4109 279 4170 Eerwn
301 4115 401 4169 autem
423 4111 675 4186 differentiorem,
700 4125 776 4185 quos
790 4110 931 4170 Handius
953 4113 1048 4170 edidit
1061 4111 1155 4171 Ienne
1178 4125 1261 4169 anno
1281 4108 1369 4167 buius

87 4210 193 4272 saecuti
214 4212 576 4287 duodequinquoqesemo,
595 4227 675 4288 pers
697 4213 785 4286 tonqe
806 4211 943 4272 munima
964 4212 1038 4273 inde
1060 4230 1079 4272 a
1096 4231 1130 4289 p.
1158 4217 1175 4269 7
1198 4211 1253 4285 (1)
1277 4226 1369 4284 usque

87 4315 123 4371 ud
135 4331 168 4388 p.
188 4319 224 4372 18
245 4311 289 4374 in.
309 4315 435 4373 eundem
451 4314 546 4389 plone
567 4315 704 4373 ordinem
726 4320 835 4392 tuetur,
859 4332 944 4390 quem
959 4316 1117 4376 Petscbius
1136 4320 1227 4388 atque
1248 4313 1368 4374 codices

89 4414 135 4474 BC
152 4417 302 4484 obtimum
325 4431 403 4490 quae
416 4421 534 4476 restent
542 4433 577 4492 p.
598 4422 644 4496 18,
661 4422 768 4490 3-21,
785 4432 888 4476 eorum
903 4417 963 4477 duo
972 4419 1093 4492 prima:
1116 4415 1214 4476 ‘Inter
1230 4416 1368 4491 petrium

86 4525 109 4574 et
125 4525 286 4592 poter-um
299 4517 356 4576 boc
371 4514 506 4592 interest,
531 4518 614 4594 quod
620 4521 760 4594 patrium
774 4535 794 4576 n
803 4516 914 4594 petria
929 4517 1022 4593 uenit,
1041 4525 1208 4596 paternum
1231 4534 1250 4576 o
1260 4517 1365 4592 potre’

87 4625 122 4674 et:
143 4620 235 4678 ‘inter
250 4617 397 4694 pomerio
419 4627 448 4679 et
464 4627 587 4695 pometa
608 4621 666 4680 boc
687 4617 825 4694 interest,
858 4623 940 4696 quod
954 4620 1102 4698 pomerio
1123 4637 1208 4696 uuqa
1229 4621 1364 4692 dicimus,

86 4723 152 4780 seut
178 4723 298 4782 olearia
324 4727 353 4780 et
376 4723 505 4793 ficaria:
530 4731 653 4798 ponceio
680 4726 772 4797 quasi
797 4725 910 4782 melete
935 4726 1026 4796 liceto
1054 4727 1166 4783 olineto
1174 4725 1194 4796 '‚
1224 4739 1280 4782 nee
1307 4739 1368 4782 non

36 4833 40 4846 ·
83 4837 112 4896 p.
140 4829 185 4898 ru,
213 4829 245 4882 1.·
275 4823 372 4886 ‘Inter
399 4828 575 4903 continqere
601 4833 630 4884 et
656 4825 796 4886 accidere
822 4826 879 4892 boc
907 4829 1045 4899 interest,
1080 4828 1163 4912 quod
1189 4827 1368 4900 contioque(
