3372 5446
622 333 839 388 annuntium.
1336 334 1376 399 71

78 523 169 588 idum
192 531 222 586 et
244 522 421 604 pauxillum,
447 523 544 585 uelum
568 521 723 594 uexillum,
748 541 864 584 sacrum
880 521 1037 592 sacellum,
1061 540 1215 585 scamnum
1231 523 1375 586 scamnel-

77 629 152 697 lum,
182 624 297 687 lucrum
320 624 473 696 lucellum,
504 624 661 687 cerebrum
684 624 881 696 cerebellum,
911 624 1035 686 ilabrnm
1059 623 1224 697 ilabellnm,
1253 626 1377 705 llagrum

78 727 239 808 flagellum,
270 736 400 788 castrum
428 726 592 788 castellum.
637 727 716 789 ilaec
744 729 842 788 omnia
866 746 882 789 ε
905 727 1024 806 longam
1054 728 1229 790 naturaliter
1256 726 1376 790 habent.

79 831 147 892 ltem
170 828 351 909 Virgilius
373 831 531 892 Asianus
558 829 595 891 de
623 827 809 892 diminutinls
830 828 917 891 dixit:
953 827 1123 891 Taberna
1151 828 1378 893 tabernacu-

55 932 146 995 alum
174 933 283 1001 iacit,
313 949 399 1013 pera
430 929 655 1012 pericnlum,
686 931 782 1012 lapis
810 930 988 1009 lapicnla‚
1018 932 1152 992 ostium
1182 930 1374 1002 ostiolum,

79 1037 180 1104 rinus
208 1033 373 1103 riuulns,
403 1031 562 1112 ilagrum
591 1032 802 1111 flagellum,
831 1032 901 1103 ier,
931 1031 1000 1093 hoc
1030 1040 1087 1094 est
1109 1032 1271 1111 epulum,
1301 1035 1376 1095 ler-

79 1137 194 1198 cnlnm
222 1136 329 1198 iacit:
359 1121 575 1196 boe'autem
604 1152 736 1196 nomen
765 1135 821 1195 ier
851 1135 991 1195 tertiae
1019 1134 1290 1196 declinationis
1319 1145 1377 1198 est

79 1240 186 1300 etsie
214 1238 405 1299 flectitur:
436 1235 492 1297 ier
520 1235 615 1296 ieris
643 1244 678 1297 ει
705 1243 831 1297 cetera
861 1242 896 1298 et
924 1237 1018 1297 iacit
1040 1235 1129 1298 iera.
1173 1237 1264 1298 item
1286 1236 1374 1309 bar,

77 1340 159 1402 inde
180 1339 226 1402 iit
248 1338 475 1400 diminutiue
499 1337 661 1400 baculus.
706 1337 866 1415 Hucusque
889 1340 928 1399 de
949 1336 1145 1400 diminutiuis.
1187 1339 1267 1401 Sono
1290 1338 1377 1402 dimi-

50 1443 178 1504 onntina
205 1459 299 1523 quare
329 1441 486 1504 dicuntur?
536 1437 609 1510 Quia
639 1442 682 1502 sic
710 1448 832 1510 sonant,
868 1441 945 1501 sicut
970 1439 1160 1511 diminutiua,
1195 1439 1247 1504 sed
1276 1448 1376 1504 tamen

82 1544 249 1624 principalia
276 1549 346 1605 sunt
372 1541 540 1621 intellectu,
569 1549 601 1603 ut
627 1541 728 1604 labnla
756 1540 871 1604 macula
901 1540 998 1604 tabula
1027 1541 1184 1605 macellum
1214 1543 1375 1606 uinculum.

81 1647 150 1708 Tota
173 1646 287 1708 Graeca
310 1643 377 1706 ideo
399 1645 548 1714 dicuntur,
572 1645 641 1725 qnia
665 1662 700 1706 ex
724 1651 786 1704 toto
808 1645 921 1706 Graece
944 1643 1145 1717 declinantur,
1170 1653 1201 1706 ut
1223 1643 1376 1708 Themisto

81 1749 199 1828 Calypso
222 1747 298 1810 Dido
326 1747 397 1808 Pan.
442 1747 522 1808 llaec
551 1747 671 1807 nomina
700 1747 876 1808 feminarum
906 1754 975 1808 sunt
1001 1747 1032 1807 in
1060 1765 1079 1805 o
1107 1747 1286 1817 desinentia:
1316 1747 1375 1809 Pan

82 1857 176 1912 autem
210 1847 405 1910 mascnlinum
440 1856 498 1917 est,
534 1851 585 1927 qui
616 1847 712 1909 dictus
744 1855 789 1909 est
817 1847 889 1909 dens
917 1855 1011 1927 pater.
1062 1847 1140 1910 llaec
1167 1867 1233 1911 cnm
1263 1849 1375 1911 Graeca

52 1953 150 2022 asini,
174 1968 239 2012 cnm
263 1950 375 2012 Latinis
398 1950 510 2012 Graeca
534 1949 732 2012 declinatione
753 1948 950 2028 declinantur,
975 1957 1007 2011 nt
1021 1945 1117 2012 Acdm‘
1132 1946 1261 2024 Διδοῦς
1275 1948 1380 2013 Audet

83 2049 173 2116 Aedui
198 2045 266 2113 ἀπὸ
292 2047 350 2134 τῆς
371 2047 508 2125 Διδοῦς.
554 2052 627 2113 'lota
650 2053 752 2115 Latina
779 2069 874 2132 qnare
901 2051 1059 2114 dicuntur?
1103 2051 1177 2124 Onia
1200 2072 1235 2114 ex
1259 2056 1374 2116 totuin

82 2157 179 2221 Latino
208 2161 377 2217 uertuntur.
422 2154 554 2214 Graecus
577 2156 655 2215 enim
679 2153 750 2215 dicit
772 2151 970 2234 Polydeuces,
999 2154 1122 2217 Latinus
1143 2154 1256 2217 Pollux.
1300 2155 1375 2218 lteur

84 2259 206 2320 Graecus
228 2256 300 2318 dicit
321 2253 484 2334 Odyssens,
508 2255 631 2318 Latinus
653 2255 725 2318 dicit
744 2254 851 2318 Vlixes.
898 2255 991 2319 ‘inter
1014 2256 1158 2319 Graecam
1181 2257 1376 2336 Latinamqne

84 2359 211 2423 iormam’
234 2376 328 2439 quare
355 2357 512 2419 dicuntur?
556 2357 675 2419 Scilicet
703 2359 772 2438 qnia
801 2375 837 2418 ex
858 2366 943 2439 parte
966 2359 1077 2422 Graeca
1102 2366 1132 2420 et
1154 2377 1190 2421 ex
1212 2367 1296 2440 parte
1320 2359 1373 2420 La·

52 2463 136 2526 uuna
157 2468 239 2532 sunt,
264 2477 340 2538 quae
362 2459 452 2522 notha
475 2458 677 2540 appellantur,
698 2460 770 2538 ¹item
794 2458 903 2521 nobilia
926 2466 955 2520 et
974 2459 1131 2538 ignobilia,
1155 2469 1186 2522 et
1200 2459 1268 2522 ideo
1283 2460 1373 2524 notha

84 2563 269 2646 appellantur,
294 2563 363 2642 qnia
386 2571 580 2643 corrumpunt
598 2561 717 2623 ultimas
732 2560 859 2641 syllabas
874 2561 1063 2624 manentibus
1077 2561 1228 2642 prioribus
1243 2562 1373 2642 syllabis,

84 2672 112 2726 nt
135 2673 202 2746 aput
225 2665 354 2727 Graecos
376 2664 561 2726 Alexandros
583 2663 762 2726 Menandros
780 2663 915 2734 dicitur,
945 2671 1016 2744 aput
1036 2663 1158 2728 Latinos
1186 2671 1284 2727 autem
1307 2662 1374 2726 dle·

24 2763 26 2772 ’
84 2767 185 2830 rander
219 2765 391 2829 lienander.
442 2766 525 2827 Dicta
557 2775 655 2828 antem
689 2765 794 2837 notha,
829 2765 1078 2847 quemadmodum
1114 2765 1222 2829 nothos
1254 2765 1372 2838 dicitur,

84 2870 205 2950 quisquis
240 2867 277 2928 de
306 2866 415 2948 dispari
450 2883 560 2946 genere
596 2869 734 2930 nascitur.
783 2867 982 2947 Homonyma,
1019 2868 1076 2930 boc
1111 2877 1156 2934 est
1188 2870 1371 2939 uninomina,

52 2987 166 3047 aquare
194 2970 351 3032 dicuntur?
399 2969 441 3031 Eo
469 2970 548 3050 quod
577 2988 634 3032 una
663 2968 860 3050 appellatione
888 2968 973 3048 plura
1002 2971 1182 3050 significant,
1219 2979 1251 3033 nt
1277 2988 1371 3052 nepos

83 3071 178 3134 dicitnr
200 3071 386 3142 luxoriosus,
408 3073 480 3132 item
497 3069 508 3153 ΙΙ
524 3072 543 3132 l.
561 3067 621 3134 83l
637 3069 649 3154 ΙΙ
665 3071 720 3133 alia
744 3071 957 3151 significatione
980 3091 1073 3154 nepos
1089 3072 1198 3135 dicitur
1214 3074 1259 3136 rei
1273 3073 1371 3136 auitae
1423 3087 1430 3097 ·

83 3181 274 3256 consumptor,
298 3173 355 3234 hoo
378 3179 436 3242 est,
460 3173 510 3250 qui
533 3172 678 3253 disperdit
699 3171 763 3234 illas
785 3191 849 3244 res,
874 3189 946 3252 quas
968 3174 1025 3237 sibi
1046 3177 1093 3238 sni
1114 3182 1254 3256 parentes
1276 3175 1369 3238 demi·

83 3284 183 3338 serunt.
227 3275 328 3336 Tertia
351 3275 565 3354 significatione
588 3274 697 3338 dicitnr
719 3292 813 3355 nepos
836 3282 935 3338 certus
956 3278 1141 3356 cognationis
1163 3277 1289 3358 gradus,
1312 3275 1370 3340 hoc

85 3385 122 3438 est
147 3378 221 3440 fliius
242 3375 305 3438 iiiii.
350 3377 400 3438 Sic
423 3383 453 3438 et
474 3378 553 3439 acies
576 3376 684 3440 dicitur
706 3376 859 3440 oculorum
883 3385 913 3439 et
935 3379 1014 3441 acics
1036 3380 1108 3441 ierri
1131 3387 1160 3441 ει
1182 3380 1259 3441 acies
1282 3397 1369 3441 exer·

56 3480 163 3551 acilus,
190 3481 235 3542 sic
263 3484 293 3538 et
320 3479 451 3540 tumulus
479 3478 588 3541 dicitur
618 3478 775 3557 aliquando
804 3497 890 3542 mons
911 3498 1042 3562 paruus,
1071 3481 1229 3562 aliqnando
1251 3488 1370 3544 tumens

85 3581 171 3653 tellus,
199 3579 360 3658 aliquando
385 3579 565 3662 sepulcrum.
612 3628 741 3643 .....
765 3581 934 3662 synonyma
964 3599 1036 3662 ergo
1063 3583 1131 3645 ideo
1160 3582 1308 3654 dicuntur,
1332 3602 1367 3645 co

86 3685 152 3762 quod
182 3685 220 3746 sit
247 3683 279 3743 in
307 3682 442 3764 pluribus
469 3682 638 3746 nominibus
666 3682 841 3763 significatio
871 3703 945 3755 nna,
979 3691 1012 3747 ut
1039 3692 1118 3748 terra
1146 3685 1254 3747 humus
1283 3683 1369 3748 tellus

86 3785 151 3846 idem
182 3791 251 3848 sunt
284 3785 399 3854 omnia:
432 3787 503 3847 item
537 3787 616 3848 ensis
649 3803 753 3847 mucro
783 3784 897 3865 gladius
924 3784 1003 3848 idem
1030 3793 1109 3850 sunt.
1160 3787 1368 3851 Patronomica

86 3905 163 3967 quare
194 3887 353 3950 dicuntur?
401 3885 443 3948 Eo
473 3887 550 3968 quod
580 3905 596 3948 a
623 3886 758 3968 patribus
791 3887 1023 3961 contrahuntur,
1056 3897 1090 3950 ut
1117 3887 1247 3970 Tydides
1274 3889 1367 3970 Tydei

85 4039 304 4053 ¹——

143 4143 287 4194 luixillnm
339 4140 465 4208 sagellum
538 4141 676 4193 2ssecrnm
746 4143 843 4195 dhaec
861 4144 948 4212 omnip
965 4143 1070 4210 longam
1121 4144 1261 4197 dasianus
1314 4146 1369 4197 disi

87 4210 193 4276 Virgilius
206 4205 332 4277 Asianus]
346 4209 381 4274 ef.
395 4209 429 4260 A.
442 4209 508 4294 Μει.
521 4217 588 4294 caet.
600 4214 676 4263 clusa.
690 4211 774 4263 Vatic.
792 4211 860 4294 Inar.
875 4214 906 4295 is,
918 4229 945 4278 p.
956 4211 1255 4332 1³2(Vnpt1nepuopa
1268 4213 1367 4280 VIII),

87 4280 476 4412 illailll'uld‘llillil‘m‘
489 4281 817 4399 ῗῗὲιέῑΐρὶἓῖἱιὲώ
834 4279 930 4399 dil·
953 4279 1298 4412 ratltlllmtlllm
1333 4285 1366 4401 13

87 4421 155 4530 t‘zt'a·¹
189 4429 272 4534 fisce!
290 4417 328 4516 pie
344 4430 449 4533 corripient*l
484 4417 547 4534 didi
563 4415 626 4534 decas
638 4413 807 4535 ἕειειὲἀιιητ
825 4416 1077 4536 densdpastornmi.
1129 4419 1161 4469 15
1178 4433 1236 4468 cnm
1253 4417 1367 4537 Latrltinie-

88 4519 133 4596 a·
151 4499 209 4602 '¹¹1⁷
226 4492 389 4618 illumi
424 4497 518 4618 aad
539 4497 602 4602 ⁰³18
621 4497 734 4603 totid
755 4495 969 4618 ululat*
986 4495 1039 4604 ‘lt
1053 4499 1164 4615 §tillet
1179 4483 1366 4618 l¹¹⁸¹⁰20¹⁰l¹ll

87 4617 113 4664 il
128 4619 266 4670 minandros
319 4619 412 4669 latinus
483 4621 515 4671 23
532 4620 665 4672 minander·
716 4629 777 4671 nota
857 4623 890 4672 24
907 4622 940 4673 de
956 4621 1065 4687 dispatri
1082 4621 1257 4688 generasoitur
1310 4623 1367 4672 uni-

89 4697 167 4750 nomya
181 4703 244 4751 ques
296 4688 329 4737 26
346 4689 414 4738 aurite
432 4698 602 4754 consumptur
652 4689 684 4739 27
702 4689 832 4755 disperdet
882 4691 916 4741 28
933 4689 1051 4741 dicuntur
1068 4703 1150 4756 nepus
1197 4689 1366 4756 cognationes

88 4751 114 4801 ιι
129 4753 176 4805 leri
240 4757 303 4807 aties
322 4759 444 4807 exertitur
528 4759 560 4808 ai
579 4756 724 4822 sepulcrum
742 4757 897 4823 homonyma
915 4754 990 4825 ergo]
1016 4757 1179 4810 decideram!
1196 4761 1316 4811 caumana
1334 4761 1366 4816 de

88 4833 259 4888 tpaonpracrnm
276 4827 382 4878 nomiae.
452 4826 487 4876 34
504 4823 624 4876 thitlrides
643 4825 721 4876 tiridei
