3394 5448
307 355 370 421 236
700 355 933 408 corsunnnvu
950 355 1195 409 ninsrnnnnss.
1303 339 1308 354 '

206 561 386 625 sas,sequae
408 547 439 606 in
462 563 478 605 a
502 551 624 614 exeunt,
654 545 749 622 magis
777 544 927 606 feminino.
972 543 1065 604 Sunt
1083 551 1309 624 praeterea,
1337 542 1363 602 i.
1385 548 1500 621 praeter
1524 545 1579 612 ista:

308 648 397 716 alia,
424 666 449 708 s.
473 648 607 714 nomina;
638 664 741 716 sono,
765 647 786 708 i.
809 648 987 714 litteratura:
1018 642 1239 714 masculina,
1267 641 1471 705 intellectu
1492 644 1579 706 lemi·

206 751 411 818 ersssnina,
435 754 473 808 ut
493 747 693 809 Eunuchus
715 747 914 809 comoedia.
952 746 1113 810 Eunuchus
1135 763 1209 808 sono
1231 743 1429 806 masculinum
1452 749 1579 826 estquis
1661 737 1662 742 ’

308 852 339 911 in
363 867 397 910 us
420 849 545 920 desinit,
576 867 652 927 quae
681 851 851 911 terminatio
879 849 1003 927 proprie
1030 847 1194 910 masculino
1221 849 1326 925 generi
1348 846 1525 923 adiungitur,
1544 852 1579 908 in·

306 948 425 1012 tellectu
448 969 521 1012 uero
544 951 722 1011 lemininum
745 959 803 1022 εει,
828 951 913 1030 quia,
937 967 1003 1010 cum
1027 949 1109 1011 dico:
1134 948 1223 1030 ‘quid
1246 948 1356 1028 legisl’
1387 955 1417 1008 et
1437 948 1600 1026 respoudess
1662 966 1663 1042 y

307 1052 396 1114 mibi:
421 1051 632 1126 ‘Eunuchum
655 1051 790 1131 intelligo
813 1049 957 1121 fabulam,
981 1069 1070 1129 quam
1092 1051 1293 1113 Terentius
1316 1049 1474 1130 descripsit
1493 1049 1527 1109 de
1546 1069 1581 1118 ea,
1662 1043 1663 1056 ¹

307 1151 382 1235 quae
410 1153 563 1216 comoedia
592 1160 725 1214 uocatur.
777 1153 859 1214 Vnde
889 1163 919 1215 et
948 1155 1127 1233 supponitur
1155 1152 1211 1214 boc
1233 1171 1359 1221 nomen,
1383 1153 1409 1211 i.
1439 1151 1583 1221 comoedia,

305 1275 366 1316 non
395 1255 612 1335 explanationis
639 1274 741 1326 causa,
770 1255 821 1316 sed
850 1274 936 1318 causa
967 1253 1104 1336 exempli.
1150 1253 1310 1316 Comoedia
1333 1260 1432 1314 autem
1454 1252 1584 1314 dicituro
1663 1314 1664 1336 y

307 1359 431 1426 Graeco,
454 1357 532 1436 quod
557 1365 603 1418 est
624 1361 750 1418 ‘comos’
767 1364 797 1417 et
811 1356 902 1417 ‘odet
947 1357 1054 1417 Cumos
1069 1359 1149 1418 enim
1173 1352 1185 1437 ll
1205 1351 1265 1417 158
1281 1350 1298 1436 ll
1320 1355 1434 1416 Graece
1449 1353 1525 1433 stilla,
1538 1355 1584 1415 ode
1663 1345 1664 1370 ¹

306 1467 410 1520 cantus
439 1459 563 1528 dicitur,
592 1457 662 1519 inde
690 1459 844 1519 comoedia
873 1476 993 1520 cannen
1027 1458 1172 1519 uillanum
1199 1457 1236 1518 de
1265 1455 1376 1519 uilibus
1404 1465 1434 1516 et
1461 1456 1584 1518 inanibus
1595 1477 1612 1514 u

306 1560 397 1620 rebus
419 1562 627 1640 compositum.
673 1559 827 1621 Orestes
850 1559 1057 1639 tragoedia.
1095 1560 1218 1622 Orestes
1240 1577 1313 1620 sono
1336 1554 1526 1618 masculinum
1546 1567 1585 1618 est

307 1663 375 1738 quia
398 1664 429 1721 in
453 1679 485 1720 es
507 1660 632 1731 desinit,
657 1659 810 1723 intellectu
833 1661 1024 1730 femininum,
1047 1663 1118 1741 quia
1140 1679 1206 1722 cum
1230 1657 1311 1720 dico:
1336 1658 1485 1720 ‘Orestem
1507 1658 1584 1736 lego',
1664 1664 1665 1730 ι

306 1760 450 1840 intelligis
473 1761 617 1831 labulanr,
647 1781 721 1840 quae
744 1762 780 1824 de
802 1781 840 1823 eo
862 1771 907 1824 est
928 1765 1038 1843 scripte
1067 1762 1145 1843 apud
1173 1763 1406 1829 Terentium,
1436 1777 1510 1838 quae
1535 1769 1584 1822 tra·
1664 1745 1665 1772 ³

305 1863 411 1942 goedia
441 1872 574 1925 uocatur.
620 1863 768 1942 ‘Tragos’
791 1865 904 1926 Graece
932 1863 1050 1934 hircus,
1080 1864 1149 1926 inde
1172 1862 1323 1942 tragoedia
1346 1862 1424 1922 dicta
1447 1869 1504 1932 est,
1525 1867 1584 1943 quia

305 1967 402 2046 poetis
425 1964 493 2025 talia
516 1967 649 2027 carmina
670 1965 919 2045 componentibus
942 1965 1044 2028 hircus
1066 1965 1191 2028 dabatur
1213 1983 1267 2044 pro
1284 1963 1440 2026 beneficio.
1477 1963 1543 2025 lnde
1560 1975 1584 2024 et
1596 1981 1613 2020 rs

225 2140 233 2150 ι
306 2068 495 2146 ‘tragemata’
511 2067 651 2128 dicuutur
673 2065 743 2129 uilia
767 2066 956 2139 munuscula,
979 2085 1055 2145 quae
1070 2067 1174 2129 Latine
1190 2065 1337 2128 ‘bellaria’
1351 2075 1503 2128 uocantur.
1529 2067 1586 2128 Fuit

307 2175 404 2228 auteur
428 2167 551 2229 Orestes
572 2172 803 2247 Agamemnonis
826 2177 856 2230 ει
877 2168 1087 2250 Clytemestrae
1110 2168 1202 2237 filius,
1226 2171 1278 2246 qui
1301 2173 1427 2229 matrem
1450 2187 1527 2230 suam
1548 2171 1585 2228 in·
1665 2205 1666 2214 .

204 2275 254 2324 ³⁷⁵›
268 2275 292 2315 ²⁵
306 2271 438 2339 terlecit,
463 2265 603 2347 quoniam
627 2278 657 2330 et
678 2271 742 2350 ipsa
765 2279 878 2350 patrem
901 2289 989 2332 suum
1010 2272 1212 2334 interiecerat.
1251 2265 1461 2333 Centaurus
1482 2271 1584 2330 nauis.

306 2373 471 2434 Centaurus
499 2378 665 2433 monstrum
696 2379 741 2432 est
769 2370 934 2432 semihomo
958 2380 988 2432 et
1009 2374 1197 2451 semiequus,
1226 2371 1305 2449 quod
1330 2369 1540 2451 depingebatur
1558 2374 1585 2431 in

305 2478 390 2544 naui,
422 2481 454 2536 ut
481 2472 737 2535 demonstraretur
763 2472 906 2534 uelocitas
934 2475 1035 2542 nauis,
1064 2475 1132 2552 quia
1156 2475 1241 2534 nauis
1264 2471 1409 2534 uelociter
1431 2475 1521 2534 currit
1540 2489 1614 2552 pero
1666 2475 1667 2528 ι

204 2581 397 2636 ³⁷⁵›26mare
444 2575 525 2634 Vnde
547 2593 615 2635 cum
638 2574 704 2635 dico
727 2573 775 2634 uel
797 2574 885 2635 audio
908 2575 1123 2644 ‘Centaurum
1152 2571 1288 2652 intelligo
1310 2591 1428 2636 nauem.
1472 2573 1545 2635 lita
1565 2593 1584 2633 s.

306 2679 440 2746 nomina;
475 2686 561 2738 sunt
592 2695 682 2736 sono
715 2676 913 2745 leminina,
948 2678 1016 2757 quia
1044 2679 1113 2736 ina
1142 2675 1295 2743 desinunt.
1325 2692 1401 2752 qrrae
1430 2677 1584 2737 terminatio
1667 2712 1668 2802 1

304 2781 424 2859 proprie
447 2779 657 2839 femininorum
680 2779 832 2839 nominum
856 2786 911 2838 est.
956 2777 1159 2839 intellectu
1182 2775 1406 2845 masculina,
1430 2780 1505 2856 quia,
1525 2795 1584 2837 cum
1667 2809 1668 2864 y

305 2880 371 2942 dico
394 2877 625 2949 ‘Fenestellam'‚
648 2878 779 2958 intelligo
801 2881 995 2958 scriptorem
1018 2880 1075 2942 luit
1090 2880 1170 2940 enim
1192 2879 1322 2957 scriptor
1344 2881 1483 2958 optimus.
1523 2877 1583 2938 lude
1667 2881 1668 2918 i

306 2989 335 3041 et
357 2979 561 3042 ‘Fenestellae'
584 2983 747 3059 scriptores
770 2999 928 3052 noconius,
953 2983 1004 3060 qui
1028 2980 1104 3042 bene
1128 2987 1250 3040 utuntur
1272 2979 1327 3040 hac
1350 2989 1424 3040 arte.
1467 2977 1613 3060 equitas

305 3089 433 3143 orator
456 3083 476 3143 i.
500 3081 651 3160 eloquens.

203 3191 288 3242 θιιιι
382 3183 462 3245 tna
485 3190 554 3244 suut
577 3201 667 3244 sono
690 3193 836 3255 neutra,
854 3183 1055 3245 intellectu
1077 3184 1273 3254 leminina,
1289 3183 1583 3246 utl’hronesium.

305 3283 387 3346 ldenr
410 3290 455 3344 est
477 3285 687 3365 sophronium.
733 3284 789 3346 lsta
813 3287 931 3347 nomina
955 3288 1069 3347 comica
1091 3293 1160 3346 sunt
1181 3287 1204 3346 i.
1235 3285 1379 3348 iocularia
1402 3293 1489 3364 atque
1509 3284 1583 3344 dimi-

307 3387 419 3448 nutius.
463 3386 647 3448 ‘Phrenesis’
670 3387 783 3448 Graece
805 3387 977 3467 prudentia,
1002 3386 1073 3448 inde
1095 3386 1291 3450 Phronesium
1314 3387 1425 3449 dicitur
1446 3385 1583 3465 prudenti-

202 3499 255 3552 375.
268 3501 294 3540 2⁸
307 3485 381 3550 cula.
411 3487 635 3566 Glycerium.
666 3486 802 3569 ‘Glycon'
820 3489 932 3551 Graece
948 3487 1044 3560 dulce,
1060 3489 1130 3552 inde
1147 3489 1315 3569 Glycerium
1330 3487 1486 3550 dulcicula.
1511 3485 1582 3548 llis
1593 3499 1612 3538 ιι

282 3607 395 3651 ·s0no
419 3591 613 3659 leminina,
638 3589 837 3653 intellectu
861 3598 1006 3660 neutra,
1030 3599 1069 3650 ut
1091 3608 1235 3668 poema,
1259 3591 1284 3650 i·
1308 3608 1431 3651 carmen
1453 3588 1496 3652 uel
1515 3606 1582 3667 opus

304 3697 425 3770 poetam
454 3691 600 3753 schema
622 3694 642 3752 i·
666 3693 760 3771 ligura
782 3693 831 3755 uel
853 3691 982 3755 babitus.
1027 3691 1216 3754 ‘Emblema'
1238 3691 1346 3754 dicitur
1366 3693 1490 3754 uarietas
1509 3690 1582 3769 paui·

305 3794 413 3863 menti,
437 3794 551 3853 Graece
573 3791 782 3856 ‘lithostrotus’
799 3792 915 3863 dicitur,
932 3792 980 3855 uel
995 3792 1141 3855 emblema
1158 3805 1203 3855 est
1218 3793 1499 3873 superabundantia,
1520 3767 1587 3851 iude⁶

203 3893 523 3956 aasrsembonsmus’
539 3893 795 3974 superabundans.
831 3893 909 3956 ntia
932 3903 1017 3957 sunt
1039 3913 1129 3957 sono
1152 3896 1370 3965 masculina,
1395 3891 1581 3957 intellectu

307 4045 533 4055 ———-—-

372 4132 482 4196 Ogrecc
552 4133 584 4182 12
602 4133 627 4181 iu
645 4137 670 4182 es
688 4131 793 4192 desinit,
811 4147 893 4196 sopra
910 4133 954 4186 lira.
975 4131 1041 4182 sicut
1059 4130 1165 4182 achilles
1252 4133 1284 4183 ll
1302 4131 1471 4182 eletemestrse
1533 4130 1581 4192 qui,

303 4213 436 4262 snprmer.
455 4209 551 4250 orestes
615 4213 703 4262 stram,
720 4215 852 4264 suprascr.
870 4199 1053 4250 cletemestram
1122 4195 1346 4264 interiecerat]1n
1363 4215 1442 4266 mor-p.
1458 4197 1499 4260 ias.
1515 4200 1581 4263 eipso

304 4271 424 4330 apposito
447 4269 552 4330 insuper
568 4271 685 4334 leguntur
702 4269 777 4318 daec:
802 4267 969 4332 Clytemestra
982 4281 1047 4318 uxor
1059 4267 1109 4317 luit
1120 4267 1322 4332 Agamemnonis
1340 4269 1385 4330 qni
1403 4282 1456 4317 cum
1473 4281 1579 4314 reusmus

304 4334 398 4384 luisset
416 4349 448 4384 ex
467 4335 532 4386 bello
551 4335 675 4395 Troiano,
693 4335 840 4386 interiectus
859 4345 898 4385 est
915 4351 961 4401 per
979 4335 1095 4401 Egistum
1113 4334 1264 4386 adulterum.
1301 4333 1364 4384 Nem
1388 4350 1443 4385 cum
1460 4335 1579 4398 ingressus

303 4401 396 4452 luisset
412 4401 515 4454 domum
535 4419 618 4463 suam,
637 4404 727 4453 obtulit
744 4403 766 4452 ei
785 4402 827 4453 illa
846 4402 1008 4455 Cletemestra
1027 4413 1123 4453 uestem
1141 4405 1197 4454 sine
1214 4403 1325 4468 capitio,
1348 4418 1425 4464 quom
1445 4415 1495 4450 cum
1514 4399 1580 4450 uellet

304 4471 409 4520 induere
427 4480 451 4520 et
468 4471 590 4536 capitium
609 4472 724 4522 inuenire
742 4485 792 4520 rrnn
811 4483 914 4538 posset,
932 4471 964 4520 ab
983 4471 1073 4536 Egietc
1092 4471 1206 4522 adultero
1225 4472 1325 4521 occisus
1343 4482 1391 4521 est.
1416 4469 1481 4519 Vnde
1498 4479 1579 4534 postes

304 4539 336 4588 sb
355 4537 445 4588 Oreste
471 4537 523 4588 lilio
546 4554 593 4590 suo
616 4537 746 4588 interfecta
769 4547 821 4598 est,
852 4540 895 4601 qui
919 4549 1011 4604 postes
1032 4539 1123 4601 inruit,
1150 4539 1183 4589 de
1209 4540 1281 4590 cuius
1309 4539 1420 4590 miseriis
1441 4535 1577 4586 Horatios

305 4673 463 4739 tragoediam
483 4672 554 4734 lecit,
573 4675 640 4724 idest
657 4673 801 4724 luctuosum
819 4688 929 4727 carmen.
996 4675 1029 4724 22
1045 4631 1171 4726 lenimus
1182 4631 1252 4726 'sono
1320 4677 1354 4726 27
1372 4673 1502 4724 lronesium
1549 4674 1578 4721 29

305 4740 415 4792 irenesie
434 4755 509 4806 grece
575 4744 609 4793 tio
626 4741 756 4807 glicerium
775 4741 860 4808 glieon
878 4757 953 4808 grece
1021 4741 1152 4806 glicerium
1226 4745 1259 4794 82
1277 4743 1318 4794 uel
1336 4743 1435 4793 babitus
1449 4755 1525 4805 supra
1539 4742 1577 4790 tio.

306 4809 339 4858 33
356 4823 430 4873 grece
447 4807 588 4860 licostratus
