3420 5450
304 365 388 412 xnlv
713 349 763 400 Du
782 347 904 400 LIBRIS
922 346 1182 400 BERNENSIBVS.

296 540 402 614 prima
425 546 454 599 ct
477 541 508 599 ln
532 540 638 598 ultima
655 539 776 613 popina
797 540 918 612 lenitur.
950 539 1049 598 Huius
1070 537 1144 596 libri
1163 537 1246 610 quoa
1265 535 1369 612 Serpii
1388 539 1606 598 commentaria

302 642 340 700 cle
360 642 463 702 littera
485 647 540 700 etc.
563 641 725 701 subiectum
747 646 792 699 est
813 641 852 700 tle
873 641 984 700 ultimis
1011 641 1232 699 conirmctionis
1249 641 1488 714 praepositionis
1509 641 1604 699 inter-

301 745 436 802 icctianis
456 743 581 820 syllabis
602 749 708 817 caput,
732 740 820 814 infra
838 740 945 817 praes.
963 743 1066 818 partis
1088 741 1199 801 tertiae
1220 756 1289 816 cap.
1320 741 1368 801 VI
1385 741 1543 801 edidimus.

837 997 1062 1004 ...---..

757 1217 798 1308 4)
826 1219 915 1292 coa.
942 1219 1058 1290 aem.
1085 1219 1142 1290 ro.

384 1387 423 1446 In
444 1390 577 1448 marimo
600 1390 652 1447 illo
671 1390 822 1462 plassario
845 1387 996 1448 Bcrnensi
1017 1393 1052 1446 16
1074 1403 1154 1447 saec.
1178 1387 1229 1446 ΙΧ
1248 1389 1377 1462 scripta,
1407 1389 1460 1447 cni
1485 1389 1602 1447 similli-

299 1505 377 1549 mum
398 1495 443 1549 est
464 1490 556 1563 illuct,
580 1505 621 1549 ex
644 1506 702 1564 quo
717 1491 754 1548 A.
773 1489 875 1549 Maius
889 1491 958 1550 olim
979 1491 1127 1550 nonnulla
1148 1491 1226 1549 scitu
1247 1489 1425 1576 clipnissima
1448 1492 1603 1564 excerpsit

299 1592 388 1651 duct.
411 1589 550 1651 Vatican.
574 1593 634 1652 nol.
657 1593 702 1652 VI
718 1609 752 1668 p.
770 1597 933 1651 575-666
956 1586 1013 1673 (cs.
1029 1592 1259 1652 Wilmannsium
1281 1608 1355 1651 mus.
1371 1592 1468 1651 Blaen.
1486 1591 1604 1652 XXIV

296 1697 338 1768 p.
356 1699 414 1752 363
435 1711 471 1766 s.,
500 1693 664 1754 Vscneram
686 1693 756 1754 ibid.
778 1712 811 1769 p.
835 1699 893 1752 382
914 1711 950 1768 s.,
972 1693 1011 1754 H.
1035 1693 1212 1754 Kettnerum
1228 1709 1339 1770 propr.
1362 1693 1496 1754 llossleb.
1524 1700 1599 1752 1663

293 1811 329 1870 p.
357 1801 393 1852 25
414 1790 507 1875 sea),
532 1796 673 1870 pluribus
699 1797 775 1856 locis
796 1797 834 1856 cle
853 1797 1057 1872 prnmmatica
1084 1811 1199 1872 qnoque
1227 1795 1330 1868 apitur
1352 1797 1412 1864 ita,
1442 1801 1475 1855 nt
1497 1812 1601 1856 onnes

298 1895 353 1957 lios
380 1898 464 1958 locos
491 1899 667 1958 accuratius
696 1903 895 1973 pertractare
921 1914 1033 1975 operae
1061 1900 1194 1973 pretium
1222 1897 1373 1956 uidemur.
1425 1896 1503 1957 llam
1530 1913 1600 1958 amn

299 1999 373 2058 locis
391 1997 463 2070 sere
478 1999 622 2074 plurimis
643 2015 727 2060 mera
748 1999 863 2060 Isidori
883 2002 978 2074 acerba
997 2006 1220 2076 proponantur,
1244 2013 1303 2058 non
1323 2015 1426 2074 pauca
1440 2000 1600 2060 inueniun-

299 2107 351 2160 tur
373 2100 564 2171 isidorianis,
590 2110 744 2163 auctonun
759 2103 927 2162 nominibus
946 2103 1176 2179 praetermissis,
1198 2102 1372 2169 subiuncta,
1394 2116 1473 2176 quae
1488 2107 1541 2161 aut
1555 2103 1602 2161 acl

299 2201 451 2262 Donatum
474 2209 527 2264 aut
549 2203 593 2262 ad
612 2201 752 2264 Seruium
774 2211 828 2266 aut
849 2207 891 2264 acl
912 2206 1005 2264 aliam
1027 2201 1243 2278 artipraplcum
1258 2201 1426 2274 reserenda
1439 2210 1517 2263 sunt.
1547 2203 1600 2263 Ea

299 2305 406 2380 quibus
427 2320 465 2363 ea
487 2305 625 2380 inprimis
646 2309 927 2366 commemoratione
953 2307 1051 2382 clipna
1079 2305 1230 2378 uidentur,
1261 2321 1353 2378 quac,
1384 2306 1455 2365 dnm
1483 2305 1602 2365 Donati

298 2407 393 2466 uerba
416 2407 482 2481 ipsa
504 2414 650 2467 accurate
670 2409 855 2483 exprimunt,
880 2409 945 2468 alia
966 2407 1030 2468 illis
1050 2408 1191 2468 admixta
1213 2407 1261 2466 uel
1282 2407 1395 2466 inserta
1418 2408 1467 2466 uel
1486 2423 1599 2482 super-

298 2509 407 2568 addita
433 2507 552 2569 hahent.
599 2508 730 2580 Quorum
758 2525 837 2584 qaae
871 2511 913 2569 acl
942 2512 1114 2585 flamarum
1141 2510 1332 2584 poeticarum
1364 2509 1599 2585 explicationem

294 2612 464 2686 pertinent,
496 2610 540 2669 nd
566 2625 663 2682 acaum
681 2610 753 2684 sere
780 2612 880 2671 omnia
907 2615 938 2672 in
968 2612 1103 2687 quadam
1126 2617 1195 2670 arte
1215 2611 1329 2670 codicis
1351 2609 1516 2671 Beruensis
1540 2619 1599 2669 207

299 2713 419 2790 inueni,
442 2727 531 2787 qnam
553 2728 593 2771 era
615 2713 734 2787 iisdem,
758 2729 798 2772 en
820 2713 1064 2789 anhelatione·
1084 2713 1227 2773 doctrina
1246 2714 1354 2788 fluxit,
1373 2711 1512 2784 fontibus
1533 2729 1598 2772 ma·
1708 2752 1709 2784 a

300 2831 388 2875 nasse
409 2811 499 2887 infra
517 2811 624 2890 praef.
641 2815 696 2874 III
709 2831 780 2890 cop.
800 2822 816 2873 7
839 2817 1015 2876 accuratius
1036 2816 1298 2876 demonstraturus
1319 2828 1393 2874 sum.
1708 2801 1709 2832 l

382 2916 421 2976 In
443 2916 637 2990 excerpendo
658 2922 758 2977 autem
781 2933 929 2978 nonaum
952 2918 1102 2986 ordinem,
1131 2932 1188 2991 quo
1217 2917 1275 2976 ista
1302 2917 1331 2976 in
1354 2918 1460 2977 codice
1479 2919 1599 2994 scripta
1708 2925 1709 2934 ’

297 3011 382 3085 sunt',
411 3019 507 3078 secuti
533 3033 649 3091 sumus,
679 3019 733 3078 sect
759 3035 860 3080 renen
888 3022 1024 3096 ipsarum
1046 3020 1169 3088 seriem,
1197 3035 1258 3094 qua
1285 3021 1316 3078 in
1345 3020 1598 3095 arcipraplaorum

296 3120 420 3194 seruatis
446 3121 580 3178 tractari
606 3121 718 3188 solent,
752 3119 911 3182 obseruari
941 3124 1037 3182 satiras
1064 3123 1221 3189 duximus,
1256 3127 1303 3194 ut,
1334 3137 1532 3196 quaecunque
1559 3123 1600 3181 de

295 3222 497 3294 prammatica
515 3228 644 3296 practer
665 3223 843 3282 Isidoriana
866 3225 896 3282 in
918 3225 1024 3284 codice
1044 3221 1195 3284 Beruensi
1214 3225 1331 3300 scripta
1353 3231 1437 3298 sunt,
1461 3224 1513 3282 sub
1536 3241 1599 3283 uno

298 3324 399 3382 omnia
425 3331 588 3398 conspectu
621 3323 739 3398 alipesta
774 3331 864 3399 atque
890 3326 1054 3385 secundum
1084 3325 1221 3386 ordinem
1250 3327 1398 3402 disposita
1422 3328 1602 3399 percenseri

294 3429 424 3499 possent.

382 3525 427 3584 De
447 3528 550 3586 metris
572 3528 667 3602 ipltnr
688 3527 765 3588 hacc
786 3531 901 3604 scripta
923 3536 1009 3589 sunt:

382 3647 401 3703 l.
419 3647 478 3704 20ΙΙ
494 3648 545 3703 col.
563 3649 581 3704 ‘2
606 3647 741 3706 Alcaicum
757 3657 956 3723 pentametrum
972 3661 1079 3708 constat
1095 3652 1308 3726 penthemimere
1323 3651 1469 3726 spondaico
1485 3659 1513 3709 et
1528 3651 1598 3708 duo-

297 3731 349 3787 bus
373 3731 510 3788 trochaeis
534 3741 564 3788 ut
586 3741 629 3788 est
651 3735 718 3790 lucc:

608 3817 748 3875 Carmen
770 3819 907 3876 relaxat
930 3822 1045 3877 taedia
1068 3823 1238 3896 pectoris.

381 3899 518 3959 Alaricum
534 3910 723 3960 tetrametrum
738 3913 846 3962 constat
861 3905 967 3963 duobus
982 3907 1096 3982 dactylis
1108 3915 1136 3964 et
1148 3907 1255 3962 duolaus
1268 3907 1414 3980 trochaeis,
1430 3916 1461 3964 ut
1472 3917 1515 3966 est
1527 3908 1595 3965 isne:

606 3986 697 4046 Luna
720 3989 848 4047 ruheus
871 3992 1044 4066 zephyros
1067 3993 1229 4048 minatur.
1612 4008 1625 4045 5

382 4069 806 4148 r.ln⁸c01.1mctepndeum
829 4084 1026 4150 pentametrum
1049 4077 1131 4134 hahet
1153 4077 1269 4152 primum
1293 4076 1449 4150 spondium,
1472 4079 1597 4134 secundo

296 4156 432 4231 dactylum
455 4174 516 4214 cum
538 4157 669 4216 catalecto
692 4177 724 4215 ac
745 4159 841 4217 deinde
863 4161 932 4218 duos
955 4161 1079 4237 dactylos
1101 4165 1160 4219 sine
1183 4161 1313 4218 catalecto
1336 4161 1390 4218 iioe
1412 4161 1551 4238 exemplo:

605 4243 773 4301 inuentor
794 4246 895 4302 rutili
918 4247 980 4303 dux
1003 4246 1093 4304 hone
1116 4247 1266 4303 luminis.

297 4325 365 4381 lluic
386 4335 474 4382 metro
497 4339 561 4402 post
584 4331 705 4404 quinque
728 4347 826 4386 uersus
849 4331 970 4389 clausula
992 4331 1080 4390 datur.

297 4493 525 4502 .—-—-—.—-—.—

365 4596 378 4644 1
398 4579 495 4644 clenti
513 4594 571 4658 (hoe
588 4598 689 4648 libraril
705 4599 766 4649 nitio
781 4599 850 4661 false
867 4601 1054 4666 praescriptum
1072 4599 1121 4664 est)
1141 4595 1269 4702 hlaicpm]
1289 4601 1323 4664 cs.
1342 4601 1429 4652 Seruii
1445 4603 1477 4653 de
1495 4609 1600 4652 centnm

296 4697 606 4761 rnerrnp.coa‚1tll‚
659 4703 802 4766 pensamine
853 4702 1023 4766 respondaicn
1109 4702 1252 4755 ‘ltlrroceis
1305 4703 1373 4752 teriia
1440 4704 1599 4754 dhlaicum

346 4763 453 4828 dactylis
506 4766 615 4816 trocheis
684 4765 821 4820 6secun⁶⁰
838 4769 965 4832 dactylum
985 4785 1043 4820 cum
1061 4771 1183 4820 catalecto
1204 4767 1399 4838 l‘hllllpllhlllllac
1416 4771 1509 4822 deinde
1582 4777 1600 4824 '1

296 4831 402 4882 duculos
455 4833 531 4884 huius
549 4836 666 4902 exemplo
735 4838 898 4890 uinuenitor
