3394 5448
501 395 577 448 CVM
596 395 802 448 EXOERPTIS
819 397 991 450 tunnt'rts.
1235 411 1389 459 ccxxx1x

176 583 253 659 Sed,
283 601 321 643 ne
347 586 456 660 loupus
483 583 555 659 sim,
590 587 648 646 ltoc
680 589 774 647 solum
802 603 1037 646 commemorare
1063 584 1148 660 libet,
1184 587 1267 662 quod
1287 604 1321 663 p.
1352 593 1390 645 32

96 685 192 746 editor
213 676 368 748 Romanus
391 686 434 745 od
453 689 727 764 metamorphoseos
754 705 861 749 momen
890 690 1104 749 illustrandum
1133 705 1172 746 ex
1194 687 1300 750 codice
1328 691 1388 749 Vc-

96 787 196 850 ticorto
213 793 377 867 proponit:
405 791 480 850 sicut
509 787 634 850 Ouidius
662 791 783 867 scripsit
811 788 904 850 libros
929 789 980 850 XV
1009 789 1058 851 uel
1080 788 1220 868 amplius,
1248 789 1282 851 im
1309 792 1389 850 libro

96 890 243 953 Beruensi
263 893 449 953 eruendutius
469 887 579 952 scribi:
609 889 834 964 sicutouidius
863 890 985 952 scribsit
1007 894 1036 952 in
1059 889 1153 953 iibrcs
1174 891 1225 954 XV
1247 892 1293 953 uel
1318 911 1388 972 apu·
1430 955 1434 964 ,

95 993 162 1063 lius,
187 991 335 1070 Apuleius
354 991 485 1064 scilicet;
513 1001 541 1054 et
564 1010 643 1069 quoe
659 1011 694 1068 p.
719 999 757 1052 38
785 994 946 1068 leguntur:
975 1001 1007 1053 ut.
1035 993 1144 1054 locutio
1173 992 1209 1054 ab
1239 993 1390 1056 inanimali

95 1095 129 1156 ad
152 1095 295 1166 animale,
318 1104 366 1158 ut:
395 1096 439 1156 ‘st
461 1102 575 1157 tautum
600 1104 721 1175 pectore
744 1093 837 1155 robur
860 1097 1014 1175 concipit'.
1060 1094 1131 1155 Nam
1156 1104 1187 1156 ut
1209 1096 1303 1157 robur
1325 1098 1387 1157 ani-

94 1215 170 1257 mam
193 1197 373 1268 nonhabet,
396 1201 435 1259 ita
459 1198 612 1266 Traianus,
637 1198 685 1258 cui
708 1197 764 1258 hoc
787 1197 905 1266 dicitur,
929 1198 1059 1258 animuin
1083 1197 1187 1266 habet,
1212 1217 1274 1275 pro
1296 1198 1335 1260 iis
1356 1202 1388 1258 im

95 1305 159 1359 orte
181 1300 334 1361 Bermemsr'
353 1301 429 1361 llaec
451 1308 576 1362 extare:
599 1308 633 1361 ut
656 1300 787 1378 loquutio
810 1307 1000 1379 perornetur,
1024 1308 1053 1360 et
1077 1301 1106 1360 in
1122 1301 1293 1379 euangelio:
1318 1304 1385 1379 ‘ego

95 1418 159 1461 sum
186 1403 257 1462 uitis
285 1405 385 1463 ucra’.
429 1401 473 1464 tn
501 1400 655 1463 inanimali
684 1401 720 1462 ad
744 1402 885 1472 animate,
915 1412 949 1462 ut
976 1435 1017 1445 -
1044 1403 1201 1482 conspicis.
1252 1401 1326 1464 Nam
1355 1411 1387 1463 ut

95 1501 185 1563 robur
206 1537 251 1548 -
272 1505 310 1565 ita
333 1514 438 1568 turnus
460 1507 509 1565 cui
533 1504 607 1564 haec
630 1500 738 1565 dicitur
761 1505 887 1565 animam
911 1502 1010 1565 habet.
1047 1505 1109 1565 Sed
1130 1505 1168 1564 de
1189 1503 1312 1566 Iuliano
1326 1508 1387 1566 iam

95 1607 167 1666 sutis
188 1607 300 1668 dictum
321 1613 374 1668 est.

650 2244 831 2328 VIII.

449 2441 526 2524 DE
548 2441 847 2526 SMARAGDI
868 2443 1029 2526 ARTE.

178 2853 264 2914 Inter
290 2853 420 2914 schedas
447 2853 562 2916 codicis
590 2859 753 2916 Beruenses
782 2857 809 2915 A
839 2862 876 2915 92
902 2874 951 2916 mr.
978 2861 1014 2914 22
1040 2853 1250 2929 Smurupdi
1275 2869 1392 2929 quoque

97 2959 171 3017 ortis
192 2963 280 3017 extat
297 2955 506 3031 frupmeutum
527 2961 644 3020 soeculi
663 2957 875 3032 XII-XIII,
900 2961 1000 3033 cutus,
1026 2972 1206 3032 quamquam
1228 2957 1318 3017 multo
1339 2973 1390 3016 ue-

97 3057 233 3120 tustiores
262 3058 306 3117 od
332 3066 438 3118 nostru
466 3067 603 3136 tempora
631 3063 780 3120 deuouere
806 3057 871 3121 eius
894 3061 1030 3138 opusculi
1049 3057 1122 3119 liori
1144 3055 1387 3133 Francopullici,

98 3163 133 3220 de
155 3159 261 3236 quihus
283 3161 379 3220 odeas
400 3161 439 3220 H.
463 3163 611 3222 Keillum:
636 3163 673 3222 de
693 3160 905 3237 prommuu'ct's
927 3161 1106 3238 quibusdum
1129 3159 1248 3222 Latinis
1268 3158 1390 3232 infimae

98 3266 203 3324 uelutis
217 3281 253 3340 p.
282 3269 315 3321 19
336 3279 413 3338 seq„
443 3270 541 3322 tomen
572 3270 745 3339 opportuna
773 3263 821 3324 rei
849 3264 1076 3339 copuoscemdoe
1098 3264 1198 3323 oblato
1221 3263 1387 3334 occasione,

98 3363 167 3438 qum
189 3365 245 3423 illc
268 3381 322 3424 crs
343 3364 477 3424 noudum
499 3367 578 3440 typis
600 3382 746 3441 expresso
768 3374 826 3444 est,
855 3369 909 3426 sed
935 3382 974 3425 ex
998 3363 1113 3442 paucis
1133 3365 1315 3426 solummodo
1337 3380 1390 3423 ex-

98 3473 265 3542 cerptorum
285 3465 425 3538 frustulis
445 3464 582 3540 innotuit,
608 3469 756 3528 nonnulla
779 3467 915 3529 delibare
936 3465 1153 3529 constituimus.
1194 3467 1315 3527 Comtot
1328 3461 1388 3540 ipi-

99 3575 146 3626 tur
170 3566 379 3643 fragmentum
410 3567 566 3628 Bermemse
599 3577 742 3644 quattuor
767 3569 872 3645 soliis,
908 3585 1032 3646 quorum
1065 3571 1138 3630 lima
1169 3566 1215 3628 ito
1247 3566 1328 3628 iuter
1359 3585 1391 3627 se

99 3677 196 3730 mutuo
217 3674 381 3731 coniuncto
402 3677 488 3744 suut,
520 3679 552 3730 ut
569 3673 704 3746 primum
727 3681 927 3748 quartumque
948 3673 992 3731 cd
1007 3670 1144 3746 priorem
1165 3669 1239 3731 libri
1258 3676 1387 3746 purtem,

99 3773 256 3832 secuudum
280 3788 353 3832 uero
375 3781 403 3830 et
424 3770 547 3832 tertium
570 3775 612 3833 ad
633 3780 800 3834 extremum
816 3771 956 3852 opusculi
966 3776 1057 3846 finem
1075 3771 1262 3849 pertimuisse
1271 3780 1388 3849 pateat.

101 3875 189 3949 Atque
206 3874 267 3947 fol.
291 3876 311 3934 l
331 3875 369 3934 de
390 3876 509 3936 nomime
523 3878 629 3951 agitur
642 3877 806 3937 secuudum
827 3877 943 3937 Donati
962 3883 1058 3935 ortem
1074 3875 1110 3935 ΙΙ
1125 3893 1161 3952 p.
1179 3881 1245 3950 373,
1265 3874 1324 3947 fol.
1341 3874 1394 3933 JV

101 3975 135 4034 de
155 3975 323 4038 nominibus
339 3975 519 4052 possessiuis
533 3985 562 4039 et
569 3977 800 4056 putrouomicis,
819 3978 879 4051 fol.
896 3979 935 4039 II
947 3979 985 4038 de
995 3975 1242 4055 praepositione,
1262 3975 1321 4048 sol.
1337 3976 1394 4036 III

101 4079 135 4137 de
155 4077 372 4141 interiectione.

178 4211 268 4294 flFol.
286 4215 319 4274 1⁸
335 4211 346 4296 ΙΙ
369 4261 375 4276 .
401 4262 407 4274 .
432 4263 438 4275 ,
463 4263 469 4275 .
493 4226 678 4295 segregaret,
703 4219 856 4288 antideo,
887 4219 954 4297 quia
978 4234 1038 4277 uon
1060 4217 1214 4277 inuenitur
1235 4216 1266 4275 in
1289 4231 1389 4274 rerum

102 4304 196 4358 natura
220 4317 339 4370 nornen,
363 4301 442 4381 qnod
465 4303 586 4362 omnino
609 4315 710 4365 careat
732 4321 803 4366 casu
827 4303 875 4363 uel
898 4312 978 4364 certe
994 4310 1164 4382 propterea,
1187 4308 1221 4361 ut
1243 4301 1389 4380 suspicor,

101 4382 187 4460 quod,
218 4392 252 4445 ut
279 4385 437 4464 diiigenter
466 4387 622 4459 adtendas,
650 4388 721 4451 huic
749 4389 805 4451 soii
836 4397 948 4450 tantum
977 4391 1054 4469 parti
1081 4387 1257 4448 naturaliter
1285 4384 1391 4445 accidit

102 4485 189 4530 casus
233 4469 306 4531 Natu
331 4473 519 4552 participium
542 4491 601 4534 non
626 4491 641 4534 a
664 4493 696 4534 se
720 4473 817 4543 habet,
842 4473 893 4536 scd
917 4483 949 4534 ut
972 4475 1135 4535 Donatus
1158 4475 1208 4542 ait,
1231 4490 1249 4532 a
1271 4472 1389 4532 nomine

81 4555 204 4633 suscipit
218 4573 330 4633 genera
353 4564 382 4616 ct
398 4575 492 4618 casus.
524 4558 693 4618 Proncmen
710 4568 807 4620 autem
826 4567 854 4619 et
876 4559 1132 4635 Aristotelici‚
1155 4555 1207 4638 qui
1230 4557 1302 4618 duas
1325 4564 1388 4617 tan·

104 4645 161 4698 tum
187 4659 251 4701 esse
278 4641 419 4702 dixerunt
447 4649 546 4719 partes
576 4645 731 4713 orationis,
761 4644 837 4704 idest
860 4661 967 4704 nomen
992 4653 1020 4704 et
1042 4644 1178 4714 uerbum,
1203 4651 1232 4704 et
1254 4641 1387 4711 Stoici,

167 4823 209 4876 ici.
230 4827 253 4875 i·
272 4829 284 4877 1
304 4825 461 4894 segregaret]
481 4829 579 4880 Donati
586 4847 614 4892 p.
626 4833 714 4893 stet
727 4831 820 4882 uerbo:
840 4835 943 4881 ‘rtomen
963 4840 1079 4895 estpars
1099 4832 1222 4881 orationis
1241 4845 1298 4880 cum
1316 4833 1388 4880 cusu’

105 4896 258 4958 explicentur
326 4895 486 4962 citonatus]
503 4916 530 4963 p.
552 4900 611 4962 387,
632 4903 662 4948 19
