3412 5452
541 415 590 469 DE
609 413 799 470 FLAVIANO
819 411 1067 472 GRAMMATICO.
1338 421 1447 479 bnxm

240 611 362 672 0313333
383 626 457 671 uero
477 611 558 670 locos
581 609 751 670 03313133·
769 611 887 669 nomine
908 609 1066 684 adscripto
1086 624 1106 666 3
1127 605 1219 667 medii
1231 608 1303 666 ueni
1321 609 1447 683 scripto

151 714 238 774 ribns
259 714 403 773 laudatos
423 713 467 772 ud
487 727 579 772 annm
602 727 702 771 omnes
723 711 762 770 H.
786 712 903 772 Keilins
924 727 1036 771 summo
1058 713 1126 771 iure
1153 711 1197 769 ad
1223 701 1319 785 ipsurb
1343 709 1448 768 Obari-

150 818 230 875 sr'um
251 815 430 875 reuocauit:
457 829 527 873 narn
555 814 598 872 ad
620 813 825 873 Cominiuuum
847 829 908 872 non
937 810 999 873 nisi
1024 829 1142 888 paucas
1167 813 1338 888 particulos
1356 813 1449 887 perti-

151 931 228 976 nere
249 918 349 992 operis
371 912 548 976 Obarisioni
570 917 613 974 ita
636 921 832 990 conparatas,
858 921 890 975 ut
912 917 943 974 in
965 915 1073 975 3111133
1092 914 1163 987 sere
1181 915 1270 974 rebus
1291 929 1450 987 oruamen-

150 1019 252 1094 nsque
284 1026 446 1078 uersentur
478 1014 684 1078 reconditione
717 1018 860 1077 doctrina
887 1019 1006 1078 omnino
1033 1023 1188 1091 carentes,
1222 1019 1286 1093 ipse
1317 1014 1451 1076 dilucide

150 1116 312 1180 33333111.
336 1121 358 1181 1.
376 1138 410 1195 p.
435 1119 491 1178 XL
501 1119 608 1180 VIIH.
654 1121 749 1180 Multo
770 1136 844 1180 uero
867 1121 1002 1179 333133
1020 1135 1103 1194 pars
1124 1121 1259 1179 locorum
1283 1117 1453 1177 Geminiani

150 1223 276 1280 nomine
296 1226 468 1282 notatarum
491 1220 530 1279 ab
550 1219 619 1296 ipso
647 1221 785 1281 Cliorr'sio
811 1239 870 1281 non
899 1221 1091 1294 (laminiana,
1121 1222 1175 1280 scd
1202 1229 1255 1280 aut
1277 1221 1453 1280 Palaemoni

151 1331 210 1382 ant
236 1323 316 1383 Iulio
343 1323 482 1384 Romano
508 1321 700 1384 tribuuntur.¹
746 1324 785 1382 l't
811 1325 904 1397 ipitur
937 1324 978 1382 de
1008 1319 1097 1382 istim
1125 1323 1294 1382 Cominr'anr'
1325 1325 1454 1383 nominis

151 1433 270 1484 natura
298 1426 435 1486 dubitari
459 1427 520 1484 133
548 1441 610 1485 333
633 1432 746 1500 potest,
775 1427 820 1484 ita
849 1423 1025 1499 quaeritur,
1056 1425 1161 1499 quibus
1188 1423 1361 1486 rationibus
1389 1422 1454 1485 siue

149 1542 223 1586 333
251 1495 485 1588 obaudistis
511 1544 578 1587 cum
613 1524 790 1588 Caniniano
822 1527 985 1588 cohaereat
1012 1524 1185 1586 Flauianus
1219 1525 1451 1601 prammaticus,

150 1645 242 1704 quem
264 1637 293 1689 et
315 1632 412 1706 ipsum
434 1631 540 1707 copias
569 1626 771 1690 Obariuanas
797 1645 856 1704 pro
882 1632 944 1689 suis
970 1631 1129 1689 uenditare
1155 1630 1241 1704 apud
1266 1627 1360 1690 medii
1386 1631 1457 1688 aeut

151 1733 376 1804 arammaticos
397 1733 540 1791 uidemus.
1383 1749 1387 1756 ·

692 1902 918 1910 -—.—

729 2049 812 2118 031).
835 2049 881 2116 ΙΙ.

483 2183 543 2250 ΒΕ
570 2183 795 2252 FLAVIANO
825 2184 1130 2252 GRAMMATICO.

243 2342 334 2404 Hunc
355 2341 557 2418 quaestionem
581 2358 601 2401 o
623 2341 726 2403 Keilio
754 2341 826 2404 olim
849 2343 951 2405 Herm.
975 2344 996 2404 I
1016 2362 1049 2420 p.
1074 2351 1132 2403 333
1156 2361 1221 2405 333
1246 2341 1363 2405 iudicio
1379 2361 1453 2420 pro·

147 2445 297 2524 stipatam
320 2444 482 2507 utiterum
501 2452 742 2522 pertractarem,
767 2443 862 2506 mouit
883 2443 1049 2521 meipsius
1070 2443 1169 2506 Keilii
1190 2461 1289 2521 nuper
1310 2452 1377 2506 orta
1400 2447 1453 2506 du-

152 2547 264 2609 bitatio
283 2563 390 2623 propr.
415 2547 545 2621 31333.
572 2552 648 2608 1333
665 2564 700 2622 p.
728 2553 763 2605 13
785 2554 858 2620 not„
878 2554 1041 2623 postquam
1064 2546 1219 2608 Lucienus
1236 2549 1399 2608 Muellerus
1420 2546 1453 2607 in

152 2647 348 2710 Flectcneni
376 2647 538 2709 annalibus
568 2654 644 2708 1333
670 2664 703 2723 p.
728 2655 785 2708 331
814 2647 870 2709 isto
897 2647 1048 2709 Flauiani
1074 2647 1195 2710 nomine
1222 2667 1282 2711 non
1311 2643 1454 2710 dianium

152 2751 350 2828 Sosipatnrm
373 2749 555 2824 0113313133,
578 2752 633 2811 sed
653 2748 840 2810 Flauianum
855 2749 948 2811 Pauli
962 2747 1096 2812 Diaconi
1110 2759 1344 2828 praeceptorem
1358 2748 1453 2826 siani-

149 2851 250 2929 ficari
271 2851 369 2914 inussit.
413 2854 452 2912 In
480 2869 540 2928 quo
569 2849 690 2913 Kallias
717 2851 763 2912 ita
786 2851 927 2913 Flauium
955 2851 1146 2929 Sosipotrum
1170 2851 1319 2928 deseruit,
1343 2861 1391 2928 ut,
1416 2849 1455 2913 ‘si

154 2954 228 3032 3313
254 2957 303 3016 uel
329 2955 408 3015 bunc
435 2951 536 3029 ipsum
564 2951 749 3014 Flauianum
783 2953 961 3030 mapistrnm
993 2953 1084 3016 Pauli
1112 2953 1246 3016 diaconi
1278 2958 1328 3016 uel
1360 2951 1454 3014 aliurn
1536 2945 1538 2950 ’
1588 2919 1589 2924 ¹

154 3059 309 3133 quendam
325 3053 509 3116 1113313333
525 3052 661 3116 01133313
681 3053 776 3117 libros
797 3053 994 3132 excerpsisse'
1013 3065 1149 3132 putaret,
1174 3075 1206 3118 33
1224 3065 1335 3118 contra
1357 3054 1455 3117 dietu-

154 3177 228 3219 rum
257 3175 320 3218 3333
347 3155 517 3233 recubuerit.
561 3159 600 3217 At
627 3165 671 3217 est
698 3176 755 3219 cur
778 3155 945 3235 pristinam
973 3157 1071 3220 Keilii
1097 3157 1276 3220 sententiam
1304 3156 1454 3220 acerrime

155 3259 385 3334 defendendam
407 3277 470 3320 esse
488 3265 600 3335 putem.
647 3263 723 3318 Nam
745 3257 879 3336 primurn
907 3257 1027 3335 quidem
1052 3263 1135 3336 quod
1157 3261 1322 3322 Muellerus
1338 3279 1373 3336 p.
1398 3267 1456 3319 531

154 3363 347 3434 confidenter
368 3359 414 3421 ait
427 3358 608 3421 disarisium
629 3378 690 3420 non
712 3358 774 3420 nisi
801 3377 855 3422 suo
880 3359 978 3437 ipsius
1007 3361 1127 3423 nomine
1147 3379 1265 3440 semper
1285 3359 1412 3423 laudari
1435 3377 1455 3420 a

151 3460 388 3542 posterioribus,
410 3460 527 3535 fulsum
548 3471 609 3523 est:
631 3479 702 3523 nam
724 3461 799 3523 trita
820 3479 894 3523 3333
914 3481 964 3527 333
978 3471 1030 3536 331,
1056 3462 1230 3526 Geminiani
1252 3481 1357 3526 nomen
1372 3462 1457 3524 illius

153 3571 228 3627 loco
249 3563 417 3626 sexcenties
442 3573 621 3641 usurpatum
645 3563 745 3638 saissa
771 3564 815 3637 cs.
837 3581 944 3640 snpra.
987 3562 1168 3627 ‘Charisius'
1199 3573 1297 3628 autem
1320 3563 1455 3626 nomina-

156 3679 213 3730 tnr
240 3684 299 3728 non
327 3665 388 3728 nisi
417 3668 503 3742 apud
524 3664 715 3727 Priscianum
743 3673 772 3726 31
793 3667 945 3730 1133333.
996 3666 1058 3727 Sed
1085 3684 1165 3729 nunc
1191 3671 1229 3729 de
1253 3665 1456 3746 posteriorum

156 3781 330 3846 temporum
349 3766 563 3844 prammaticis
585 3755 699 3844 buitur,
723 3785 850 3844 quorum
873 3786 910 3828 ne
931 3769 971 3829 ab
992 3787 1053 3830 uno
1075 3769 1194 3846 quidem
1211 3768 1383 3832 Charisium
1403 3787 1457 3829 suo

157 3869 283 3932 nominc
304 3868 473 3930 3311131133
492 3867 590 3941 sousa
611 3867 731 3930 scimus.
771 3873 906 3932 Alterum
929 3869 1070 3932 Mucllcri
1086 3879 1294 3948 ornamentum
1311 3880 1340 3932 et
1357 3870 1456 3946 ipsum

154 3969 256 4051 parui
271 3971 431 4049 penditur,
456 3972 539 4047 quod
560 3969 731 4034 Charisium
753 3989 812 4034 non
831 3971 967 4048 potuisse
994 3971 1174 4050 simpliciter
1195 3971 1340 4034 Flauium
1361 3971 1454 4033 nomi-

41 4088 45 4096 ·
156 4073 235 4137 nori
256 4073 356 4136 dixit:
378 4089 449 4134 nam
471 4074 575 4133 eadem
597 4071 719 4134 ratione
740 4073 885 4135 Claudius
899 4075 1051 4135 Sacerdos
1071 4078 1135 4136 solo
1151 4072 1353 4151 praenomine
1368 4076 1456 4136 Clau-

160 4176 235 4238 dins
249 4174 421 4236 nominatus
435 4183 480 4235 cst
494 4173 527 4235 in
541 4177 643 4236 codem
658 4175 765 4237 codice
779 4175 929 4237 Beruensi
946 4184 1010 4252 123,
1033 4177 1078 4250 cf.
1095 4175 1186 4238 buius
1200 4176 1274 4238 libri
1285 4194 1318 4253 p.
1338 4183 1403 4251 120,
1422 4183 1440 4235 3
1445 4196 1456 4246 ;

160 4285 229 4354 130,
255 4285 310 4348 21;
335 4284 399 4352 133,
426 4286 462 4346 3,·
487 4283 554 4352 134,
581 4283 616 4336 29
638 4284 729 4354 atque
751 4281 853 4338 eodem
868 4276 935 4355 ipso
949 4279 1026 4353 loco,
1051 4297 1110 4354 quo
1125 4275 1275 4339 Flauiani
1288 4280 1338 4340 uel
1350 4275 1458 4339 Flauii

159 4378 331 4454 mentioni
350 4397 382 4456 p.
410 4385 474 4453 107,
502 4387 550 4438 24.
570 4386 617 4439 23.
663 4380 799 4440 Ceterum
820 4383 976 4454 quomodo,
1001 4378 1029 4441 si
1044 4378 1201 4441 Charisius
1216 4379 1323 4441 Flauii
1339 4378 1458 4440 nominc

157 4481 353 4560 munificatus
373 4489 457 4556 esset,
481 4499 548 4543 cnm
572 4480 684 4543 Flauio
707 4483 807 4560 Capra
829 4480 981 4556 confundi
999 4481 1151 4559 potuisset,
1176 4500 1235 4542 non
1259 4481 1360 4560 uideo,
1384 4481 1457 4558 qnia

160 4588 266 4662 Caper
296 4583 363 4662 ipse
395 4586 459 4645 solo
487 4581 596 4644 Flauii
628 4581 747 4644 nomine
779 4601 926 4660 nonquam
958 4593 1077 4645 notatus
1109 4593 1152 4645 est
1183 4601 1203 4644 a
1235 4582 1455 4660 prommaticis.

159 4687 271 4748 Restat
292 4685 413 4749 tertium
436 4683 581 4748 Muelleri
602 4695 825 4762 3333333133,
855 4705 915 4762 quo
936 4685 1029 4763 nepot
1048 4705 1081 4747 sc
1100 4685 1284 4763 intellcperc,
1307 4704 1363 4747 cur
1385 4689 1457 4746 Fla-

160 4787 256 4850 uiani
275 4805 390 4866 semper
411 4806 517 4865 neque,
542 4790 626 4865 quod
641 4796 803 4880 par-erat,
828 4787 936 4850 Flauii
950 4806 1054 4849 nomen
1070 4787 1103 4848 in
1126 4797 1169 4849 131
1187 4786 1458 4865 praumaticorum

161 4889 291 4968 scriptis
312 4890 397 4952 nobis
419 4899 574 4965 occurrat,
597 4889 626 4952 si
648 4889 819 4952 Charisium
848 4889 1021 4968 intellcoere
1049 4892 1217 4952 debeamus.
1265 4891 1360 4968 Atque
1381 4890 1460 4952 iilud

1226 4991 1254 5046 l*
