3394 5448
520 373 594 423 CVM
612 372 814 424 excuseris
832 373 1002 427 innotuis,
1300 389 1407 434 cuxlrl
1512 380 1516 384 ¹

108 571 142 623 et
175 571 335 641 segregant
363 562 518 626 articulum
554 581 569 622 a
599 563 784 642 pronomine.
834 559 890 632 Qui
925 561 1036 624 babent
1062 563 1183 624 decem?
1230 562 1407 625 Aristotelici
1477 617 1480 624 .

107 647 216 708 decem
253 651 417 726 categorias
451 647 740 722 adnumeraueruut,
776 654 842 707 outo
871 665 947 727 quac
974 648 1009 708 ad
1039 658 1173 710 oratores
1201 651 1351 729 pertinent
1380 658 1408 709 et

107 733 196 800 «liras,
221 753 296 812 quae
319 733 354 792 ad
378 733 545 812 filosophos.
591 732 672 802 Quae
694 738 764 793 sunt
779 735 860 812 ipsae
876 733 969 793 duae?
1006 733 1163 814 Euergiam
1180 742 1209 794 ct
1225 734 1405 814 hypostasin,

108 818 190 878 idest
213 817 291 896 quod
315 819 346 878 lit
369 820 416 879 uel
439 819 516 898 ‹qttod
542 817 755 879 insubstantia
779 825 831 876 est.
877 816 934 887 Qui
963 817 1073 879 babent
1096 819 1253 880 undecim?
1296 821 1408 879 Aristo·

78 903 207 964 atcliei.
253 904 309 974 Qui
339 903 460 964 decem?
505 905 614 964 lterum
643 911 800 980 segregant
828 901 984 964 articulum
1013 923 1028 963 a
1060 907 1245 980 pronomine.
1297 905 1406 965 Verum

106 1007 146 1047 ex
173 988 311 1049 ommbus
334 999 394 1048 tres
416 998 492 1064 sunt,
516 1007 591 1068 cquae
614 1005 665 1079 ser
688 987 807 1048 casibus
828 987 1021 1049 inflectuntur
1042 997 1097 1050 etc.

646 1119 694 1218 oe
722 1120 875 1220 uourun.

202 1331 316 1390 Nomen
345 1330 432 1390 unius
460 1328 603 1390 bominis.
640 1328 800 1408 appellatio
828 1326 988 1388 multorum
1017 1325 1192 1388 uocabulum
1221 1335 1274 1388 est.
1325 1326 1405 1398 Quo·

108 1413 227 1475 niodo?
281 1416 403 1474 Veteres
436 1414 523 1492 ipsud
557 1413 695 1474 dicebant
729 1431 851 1482 nornen,
895 1412 973 1492 quod
1009 1414 1213 1492 unusquisque
1252 1415 1405 1491 proprium

71 1519 94 1554 ιο
109 1499 224 1568 babet,
257 1500 334 1560 sicut
361 1497 478 1559 durius
507 1497 689 1559 l'abullinus.
733 1496 876 1575 apellatio
904 1495 1074 1558 multorum.
1118 1496 1290 1567 Quomodo?
1335 1497 1406 1558 Puta

103 1586 133 1644 si
162 1583 300 1644 dicebaut
322 1583 411 1643 bomo
434 1585 482 1644 uir
504 1582 625 1653 mulier,
649 1601 708 1644 non
731 1582 870 1643 dicebant
892 1581 949 1642 lroc
972 1584 1119 1652 ‘nomen',
1148 1581 1200 1642 sed
1223 1580 1406 1660 ‘appellatio-

104 1673 207 1729 nem’.
251 1667 433 1730 Vocabulum
455 1684 568 1728 rerum.
594 1667 779 1737 Quomodo?
816 1667 961 1746 Quicquid
985 1667 1021 1728 ad
1036 1665 1246 1747 possidendum
1269 1668 1405 1746 pertinet,

104 1765 182 1834 puta
207 1756 294 1815 eritrea
318 1771 422 1832 agrum
438 1753 569 1828 domum,
594 1770 653 1813 non
669 1751 808 1813 dicebant
831 1751 901 1812 illud
925 1771 1044 1826 nomen,
1069 1752 1121 1813 sed
1145 1749 1330 1821 uocabulum,
1353 1752 1405 1812 sed

107 1840 205 1900 niodo
233 1841 350 1900 nomina
373 1837 553 1918 generaliter
580 1838 715 1898 dicimus.
781 1836 955 1909 Quomodo?
996 1839 1195 1917 Vnaquaeque
1224 1855 1273 1898 res
1301 1854 1406 1897 secun-

65 1940 88 1978 15
104 1925 184 1986 dnm
208 1943 302 2003 genus
325 1944 411 1986 suurn
434 1941 543 1986 nomen
565 1922 662 1985 habet.

199 2091 211 2177 ll
236 2096 255 2156 l.
278 2091 340 2156 82¹³
356 2092 368 2176 ΙΙ
385 2095 567 2158 Praenomen
591 2093 660 2174 quid
685 2094 746 2154 est?
789 2093 825 2153 Vt
846 2101 917 2173 puta
939 2092 1056 2155 Flauius
1076 2090 1099 2172 †
1121 2090 1225 2152 domus
1248 2093 1296 2168 egi
1318 2109 1405 2153 carex

103 2183 160 2241 uir
189 2180 317 2241 inlustris
345 2179 575 2241 Trasamundus.
627 2178 741 2251 Quibus
773 2181 911 2259 personis
944 2178 1080 2239 accidunt
1113 2179 1167 2238 ista
1196 2179 1406 2256 praenomina?

104 2266 254 2344 ingenuis
269 2274 393 2342 tantum,
417 2283 477 2326 nou
491 2267 596 2333 seruis,
621 2265 689 2325 etsi
706 2262 773 2324 uolo
791 2264 891 2325 dicere
906 2282 993 2326 seruo
1009 2281 1075 2324 meo
1091 2262 1211 2322 ‘Lucius
1226 2261 1404 2333 Sallustius’,

105 2369 279 2428 cognomen
303 2348 345 2410 illi
367 2351 432 2418 erit,
456 2368 516 2411 non
539 2352 592 2411 ista
609 2352 802 2430 praenomina
820 2357 972 2418 uocantur,
996 2351 1064 2427 quia
1080 2348 1232 2427 proprium
1250 2354 1303 2418 est,
1327 2348 1405 2424 quod

63 2453 89 2488 ²0
103 2454 220 2498 nomen
243 2435 359 2505 dicitur,
383 2442 415 2496 ut
437 2443 505 2514 puta
528 2437 553 2496 si
576 2435 671 2495 dicam
687 2435 891 2503 ‘Trasmirus’,
915 2442 1111 2512 cognomento
1133 2432 1250 2508 Lucius
1275 2432 1352 2512 quod
1376 2435 1405 2493 in

104 2520 251 2582 babtismi
273 2521 367 2600 gratia
390 2521 444 2581 ista
468 2522 653 2599 cognomina.

196 2689 347 2768 Agnomen
370 2691 438 2770 quid
462 2691 523 2751 est?
568 2689 652 2762 Quod
675 2649 713 2749 eil
726 2687 826 2749 multis
836 2651 1013 2749 'accidentiis
1028 2687 1142 2757 accidit,
1167 2696 1200 2750 ut
1215 2694 1284 2766 puta
1299 2689 1404 2749 ‘Auso-

104 2780 184 2837 nius
206 2776 326 2851 cocus’‚'
341 2773 464 2836 ‘Vincila
482 2773 665 2844 lentiarius',
690 2775 858 2835 ‘arcontius
881 2773 1051 2853 plumator’.

1 3013 2 3016 Ἴ
197 2942 275 3014 Quot
296 2954 366 3006 sunt
387 2947 442 3006 ista
465 2945 641 3023 agnomina?
685 2943 773 3006 llulta
795 2950 874 3005 sunt.
919 2943 997 3014 Quot
1023 2951 1092 3004 suut
1121 2943 1239 3004 notata?
1284 2943 1403 3004 necem.

64 3053 90 3086 ,ιι
105 3031 212 3103 Quae?
255 3031 296 3090 Ex
319 3029 414 3099 laude,
438 3037 469 3090 ut
483 3027 617 3090 llctcllns
633 3030 775 3096 Creticus,
800 3032 849 3108 qui
867 3029 982 3088 Cretam
1006 3026 1137 3104 subegit;
1160 3031 1229 3107 qnia
1245 3027 1405 3106 pugnaudo

105 3116 169 3177 sibi
197 3114 324 3176 subiecit
353 3114 486 3185 Cretam,
521 3113 590 3174 inde
619 3123 741 3176 uocatus
769 3123 813 3174 cst
839 3116 889 3174 ita.
941 3114 981 3173 Er
1015 3114 1141 3180 meritis,
1178 3120 1210 3173 ut
1236 3113 1404 3192 Torquatus

105 3200 239 3271 Mallius
263 3202 314 3278 qui
343 3201 466 3260 condam
496 3199 611 3262 Gallum
641 3200 763 3266 occidit,
798 3201 882 3260 cuius
911 3205 1046 3277 torquem
1075 3217 1128 3257 suo
1157 3197 1233 3258 collo
1265 3199 1403 3258 conectit.

105 3285 226 3348 ldallius
247 3287 326 3346 enirn
349 3285 451 3345 habuit
472 3302 590 3352 nomen,
613 3285 757 3363 pugnauit
779 3293 882 3344 eontra
905 3281 1028 3349 Gallum.
1052 3282 1158 3342 occidit
1173 3281 1266 3351 illum,
1290 3289 1320 3342 et
1335 3283 1401 3360 quia

106 3391 175 3432 mos
198 3378 261 3432 erat
283 3369 389 3438 Gallis,
418 3379 449 3431 ut
478 3372 504 3429 in
536 3369 595 3429 suis
618 3368 700 3429 collis
723 3387 828 3430 aureas
850 3377 972 3448 torques
995 3374 1201 3436 concuterent,
1230 3367 1297 3427 tulit
1318 3366 1402 3427 Gallo

65 3475 92 3508 :o
107 3455 226 3518 Mallius
248 3463 385 3534 torquem
415 3464 445 3515 ct
472 3454 548 3516 collo
577 3473 631 3515 suo
660 3456 798 3514 conectit.
843 3453 885 3513 Ex
907 3453 1035 3522 fortuna,
1059 3460 1092 3513 ut
1114 3453 1236 3514 Crassus
1259 3455 1350 3513 Biaoes
1374 3460 1403 3511 et

106 3541 187 3621 Sylla
209 3540 302 3609 Felix,
326 3542 394 3620 quia
417 3557 481 3601 mos
502 3539 559 3601 illis
582 3548 647 3598 erat
667 3541 698 3600 in
720 3537 832 3600 deliciis
854 3539 968 3598 uiuere.
1007 3535 1093 3616 ipsud
1118 3537 1233 3597 lortuua
1256 3538 1333 3598 idem
1348 3545 1400 3613 cst,

106 3625 187 3708 quod
212 3634 258 3688 est
279 3623 473 3686 consuetudo.
518 3625 561 3686 Ex
588 3624 726 3701 augurio.
756 3631 788 3684 ut
816 3623 961 3685 Coruinus
989 3622 1025 3683 ab
1053 3624 1177 3700 augurio
1205 3624 1303 3691 corui,
1333 3622 1401 3698 quia

106 3713 193 3772 corui
215 3709 319 3772 solitus
341 3718 404 3771 erat
426 3709 588 3770 obseruare
611 3709 780 3786 augurium,
814 3707 882 3769 inde
903 3709 943 3768 ita
966 3716 1087 3769 uocatus
1118 3717 1171 3768 est.
1217 3707 1259 3767 Ex
1288 3713 1401 3776 natura,

107 3807 143 3858 ut
162 3798 269 3858 Curius
288 3793 445 3862 ,dentatus
476 3796 542 3874 quia
567 3813 635 3855 cum
658 3792 794 3855 dentibus
815 3802 903 3856 uatus
925 3802 980 3855 est.
1024 3794 1066 3854 lix
1096 3792 1245 3861 moribus,
1273 3800 1306 3852 nt
1328 3791 1400 3852 Tar-

65 3899 92 3936 aa
107 3883 228 3962 quinius
249 3879 411 3957 Superbus
435 3879 502 3960 qnia
526 3880 664 3959 superbia
681 3877 826 3949 utebatur,
851 3878 917 3941 ideo
940 3887 1063 3941 uocatus
1085 3886 1129 3940 est
1151 3880 1200 3938 ita.
1238 3877 1279 3937 Ex
1295 3882 1399 3944 aetate,

108 3975 146 4027 ut
165 3967 267 4028 Bimus
288 3965 417 4026 Trimus.
463 3965 484 4024 d
509 3964 655 4042 qualitate,
681 3973 712 4026 ut
734 3965 859 4044 Sapiens
882 3964 1032 4046 iusipiens.
1076 3962 1120 4025 lb
1144 3963 1259 4032 ordine,
1283 3970 1315 4022 ut
1338 3961 1400 4022 Pri·

108 4070 176 4112 mus
198 4051 361 4112 Secundus.
406 4051 631 4127 liquaminis,
662 4059 695 4110 ut
715 4049 840 4120 Paruus,
860 4050 988 4128 Magnus.
1034 4051 1181 4129 ligante.
1210 4055 1243 4109 ut
1271 4048 1401 4108 Graecus

108 4139 232 4216 Spanus.
270 4133 523 4216 Appellatiuorum
546 4138 699 4196 nominum
727 4135 844 4214 species
874 4134 983 4195 multae
1005 4143 1084 4197 sunt.
1128 4134 1206 4207 Quot
1227 4142 1296 4194 sunt
1318 4140 1400 4192 nota·

110 4222 178 4282 tae?
217 4221 327 4300 Viginti
354 4217 530 4303 septemill.
555 4217 615 4282 83³
640 4217 662 4301 ll.
708 4221 834 4280 Tantum
862 4220 944 4297 ipsae
973 4221 1077 4298 uiginti
1109 4221 1239 4299 septem?
1283 4215 1400 4278 Addidit

69 4321 94 4362 u
109 4307 264 4384 Sergius
287 4313 317 4366 ct
339 4314 473 4368 octauam
498 4325 533 4366 ex
556 4313 660 4374 aetatu,
683 4312 716 4365 ut
738 4303 833 4365 bimus
854 4305 968 4366 trimus.

181 4543 330 4610 sypousin
401 4545 478 4606 liqui
496 4537 596 4608 decem]
615 4543 753 4594 Fortasse:
771 4541 916 4606 quomodo,
935 4541 978 4602 qui
997 4539 1101 4590 decem?
1155 4540 1186 4588 16
1206 4539 1296 4600 llabius
1366 4540 1397 4588 17

109 4611 232 4660 accedunt
297 4609 558 4676 astantiumque:
579 4610 739 4660 lottecarius?
803 4607 836 4659 24
854 4605 952 4673 decern]
971 4607 1034 4658 Sunt
1051 4609 1171 4658 undecim.
1231 4608 1265 4657 25
1283 4604 1398 4655 metellus

109 4733 147 4782 ’.Π
167 4731 253 4798 gallus,
270 4748 394 4785 corn-os
463 4733 495 4781 28
514 4689 613 4796 Tmullins
649 4729 738 4780 occisit
787 4731 914 4780 29ntom.
967 4729 1044 4778 30ex
1062 4725 1165 4774 lortuna
1182 4739 1290 4790 gressus
1325 4723 1398 4774 diues

110 4817 163 4852 aar.
210 4813 236 4850 ut
251 4800 307 4852 silla
376 4804 408 4854 31
426 4799 518 4850 diliciis
571 4799 671 4849 lortrrue
689 4798 756 4860 quod
776 4807 816 4847 est
883 4799 915 4847 33
933 4811 1027 4844 coruus
1046 4793 1136 4844 solitus
1204 4793 1237 4844 34
1254 4808 1330 4841 curm

111 4869 162 4932 qui
220 4873 351 4932 tarquinus
421 4869 453 4921 35
471 4880 536 4920 etate
603 4870 636 4920 39
654 4869 711 4934 ipse
778 4868 812 4918 40
830 4863 949 4930 Sergius]
969 4863 1115 4924 intellexit,
1133 4863 1160 4913 ni
1175 4863 1264 4926 fallor,
1283 4857 1398 4927 [Sergii]
