3420 5450
483 385 532 436 DE
551 383 673 435 LIBRlS
692 383 1005 435 EINSlDLENSIBVS.
1332 400 1389 446 lixi

92 571 268 648 simplicique.
308 575 405 630 Lectio
428 573 500 631 diota
522 582 565 631 cst
587 576 665 648 quusi
688 574 841 630 litterarum
864 576 957 630 statio.
994 575 1156 630 Litterarum
1180 577 1281 633 clerum
1304 585 1392 634 status

92 677 139 734 per
165 659 315 715 residentis
345 675 443 716 uocem
471 667 544 715 staro
572 658 691 715 uidetur.
737 659 829 716 lectio
858 667 901 714 cst
929 661 1006 733 quusi
1035 657 1112 716 linito
1140 661 1213 734 quod
1234 677 1284 736 per
1306 659 1392 720 lineas

91 743 233 802 recidendo
257 739 417 820 (recidendo
439 739 512 820 cod.)
536 743 624 801 lector
646 745 790 818 percurrit.

176 859 245 931 Oltis
267 876 343 920 uero
365 861 422 920 illa
444 857 507 920 Hi?
529 866 603 920 nota
624 861 811 934 sianificetur
831 861 882 918 uir
903 860 1011 920 doctus
1032 868 1061 921 et
1080 865 1313 941 aromaticus,
1337 880 1391 922 ea·

88 963 207 1036 plicare
234 978 297 1022 non
320 977 460 1039 possum,
494 963 555 1021 nisi
576 959 660 1033 sorte
688 963 731 1020 ad
757 963 838 1023 itanc
867 964 1070 1036 quaestionem
1098 965 1291 1024 enodandam
1319 964 1394 1039 qaid

89 1065 197 1124 ualere
217 1063 320 1136 dieas,
345 1062 429 1137 quad
443 1063 639 1123 Heracliti
659 1065 693 1123 ni
709 1061 811 1135 satior
833 1078 940 1123 nonen
956 1065 1054 1139 paulo
1076 1071 1147 1125 ante
1168 1068 1199 1126 in
1221 1066 1324 1126 eodem
1339 1067 1392 1124 illo

87 1169 226 1225 tractatu
247 1163 422 1224 ‘Hirclitus’
445 1167 670 1252 scriptumest:
694 1157 856 1225 ‘Hirelitus
878 1165 968 1225 dirit:
997 1182 1057 1226 non
1080 1167 1222 1227 sudantes
1238 1165 1389 1246 (sudatus)

84 1265 260 1342 philosophi
280 1267 337 1328 uia
359 1267 558 1342 intellepunt!

173 1381 206 1458 4)
228 1385 349 1445 Extant
368 1401 463 1460 porro
485 1388 516 1445 in
538 1385 692 1446 codicibus
715 1391 772 1444 338
793 1393 822 1445 et
844 1392 899 1445 333
919 1403 1000 1447 saec.
1017 1386 1143 1446 X-XI
1159 1385 1275 1460 forna,
1300 1401 1391 1461 quan

87 1493 216 1560 uocum,
250 1487 430 1548 duodecima
458 1485 622 1559 Rufinus
649 1489 685 1546 in
715 1496 833 1547 neira
870 1486 1106 1548 Terentiana
1136 1495 1166 1546 et
1192 1489 1394 1548 Prisciani

86 1591 242 1664 scripta
274 1589 435 1656 minora,
465 1588 544 1648 idest
571 1589 614 1649 de
642 1591 809 1649 numeris
841 1595 876 1649 et
903 1589 1154 1666 ponderibus,
1186 1591 1230 1648 dc
1261 1592 1393 1649 metris

90 1689 354 1759 Terentianus,
373 1693 758 1766 praeexercitamina
781 1691 825 1751 de
843 1689 992 1763 fabula.
1040 1691 1119 1762 Quos
1140 1691 1260 1752 codices
1280 1691 1391 1765 aenei·

86 1793 135 1851 los
157 1792 294 1852 dana:
314 1798 386 1852 sunt
407 1794 486 1852 enin
508 1794 552 1852 ito
574 1793 751 1870 conparati,
780 1799 813 1854 ut
832 1799 938 1853 neuter
960 1794 999 1852 aa
1021 1795 1118 1853 altero
1140 1794 1309 1868 descriptus
1331 1807 1393 1852 esse

86 1893 155 1954 diei
169 1895 283 1970 possit,
307 1901 468 1968 utrunque
490 1909 564 1954 uero
585 1909 626 1954 ea
647 1895 798 1954 communi
819 1893 985 1971 archetypo
1003 1896 1147 1970 proxime
1168 1909 1307 1954 manasse
1327 1909 1393 1953 cer·

86 1996 236 2054 tissimun
257 1995 304 2053 sit.
349 1995 446 2069 Atque
471 1995 506 2055 id
532 1996 629 2071 ipsun
650 1997 721 2056 inde
742 2010 834 2070 quan
855 1998 989 2057 nonina
1014 1995 1145 2072 probari
1165 2001 1282 2071 potest,
1312 1994 1395 2070 qaod

86 2097 170 2156 iden
197 2094 270 2168 fere
295 2102 338 2156 est
359 2098 391 2155 in
413 2085 539 2170 utroque
566 2097 671 2157 codice
698 2113 838 2157 uerutmn
866 2098 942 2157 ordo
970 2097 1188 2172 uerlnunqne
1215 2099 1246 2156 in
1267 2097 1394 2171 sinpnlis

83 2200 214 2274 papiriis
240 2197 344 2257 eaden
373 2199 536 2273 dispositio.
582 2198 780 2259 Continentur
795 2187 925 2276 praeter
946 2215 983 2258 ea
1011 2201 1043 2258 in
1064 2198 1132 2259 cod.
1157 2205 1214 2257 338
1238 2199 1394 2259 Boetius

86 2303 124 2359 in
148 2315 346 2376 ysaaoaas
367 2299 576 2374 Porphyrii
595 2300 655 2360 tit.
684 2301 759 2360 Vct
780 2302 812 2360 in
831 2303 893 2372 fine
916 2302 1140 2361 Germanici
1169 2301 1332 2369 Aratea,·
1362 2301 1392 2359 in

84 2403 158 2461 cod.
181 2405 239 2459 333
260 2415 335 2459 uero
356 2400 507 2460 Isidori
526 2401 569 2460 de
591 2403 674 2461 uita
696 2403 757 2462 uel
779 2402 880 2463 altitu
901 2408 1131 2463 sanctorum.

176 2519 299 2579 Codicis
320 2524 378 2577 338
405 2520 521 2580 auxilio
550 2536 621 2590 usus
642 2526 686 2580 est
707 2519 740 2578 J.
765 2520 796 2579 C.
822 2518 964 2589 Orellias,
993 2537 1061 2581 cun
1090 2521 1242 2582 Ciceronis
1269 2536 1339 2598 opp.
1368 2521 1395 2580 V

82 2639 115 2698 p.
146 2627 204 2680 183
225 2636 286 2696 seq.
308 2635 374 2680 ean
396 2621 503 2694 Rufini
523 2626 661 2696 partem,
692 2637 771 2696 puae
797 2622 841 2682 od
862 2622 1035 2683 Ciceronem
1061 2629 1233 2697 ceterosque
1259 2629 1395 2683 oratores

83 2731 226 2800 spreetat,
248 2721 365 2792 edebat,
388 2738 485 2798 neque
506 2729 605 2782 tanen
627 2722 683 2783 troc
703 2725 824 2798 repotia
846 2725 890 2783 ita
912 2724 986 2785 lene
1003 2724 1132 2798 functus
1153 2733 1196 2785 est
1218 2727 1267 2785 uir
1287 2726 1393 2783 claris·

83 2829 195 2894 simus,
232 2827 343 2900 quippe
373 2827 427 2900 qui
454 2825 487 2884 in
519 2824 638 2884 edenda
668 2827 723 2885 illa
751 2829 853 2901 operis
873 2828 1031 2902 particula
1060 2827 1174 2890 codicis
1196 2825 1394 2886 Einsidlensis

78 2930 158 3004 plus
178 2932 301 2987 centum
322 2933 352 2985 et
371 2928 566 3002 septuaainta
593 2927 677 2988 locos
704 2933 760 2988 aut
782 2943 884 3004 pron
911 2928 1107 3004 descripserit
1129 2933 1183 2989 out
1203 2928 1323 2987 omnino
1343 2921 1398 2984 ne-'

81 3031 234 3104 plexerit.
278 3027 387 3103 Itaque
413 3044 476 3088 non
503 3036 586 3106 erat,
614 3045 672 3090 cur
692 3029 731 3088 ab
753 3029 875 3090 Halmio
904 3029 1003 3092 llicit.
1029 3031 1108 3090 Lati.
1129 3029 1233 3106 praef.
1253 3045 1288 3104 p.
1313 3027 1394 3086 XIV

83 3133 283 3192 neaman
327 3127 392 3190 Sed
411 3131 450 3190 de
471 3129 528 3191 Itac
549 3133 715 3206 ceterisque
736 3133 875 3210 scriptis,
904 3148 982 3206 quae
1003 3134 1067 3192 istIs
1087 3130 1173 3191 libris
1194 3131 1393 3198 continentur,

85 3236 268 3309 Caluentius
289 3235 320 3293 in
344 3233 498 3294 Analectis
520 3231 758 3294 Einsidlensibas
778 3249 910 3308 caenas.

176 3387 198 3430 o
350 3371 435 3428 iani
460 3371 727 3430 institutiones
748 3370 792 3429 de
813 3370 961 3430 nomine
981 3371 1206 3444 pronomine
1227 3374 1261 3428 et
1283 3365 1395 3426 uerbo

86 3489 174 3533 saec.
198 3470 253 3531 XI
270 3473 405 3545 scriptae
427 3473 459 3530 in
480 3472 549 3532 cod.
575 3477 611 3529 15
633 3477 740 3531 extant
763 3487 846 3547 pone
868 3471 1013 3546 Eutychis
1034 3477 1129 3530 arten
1151 3471 1334 3535 collocatae,·
1363 3469 1394 3526 in
1502 3531 1506 3540 ,

87 3575 226 3634 eiusdem
248 3575 345 3633 naias
366 3588 442 3648 opus
460 3575 692 3647 aramnaticun
713 3572 845 3642 scholio,
876 3588 954 3648 quae
975 3573 1076 3633 codici
1096 3579 1134 3631 32
1162 3574 1277 3649 insunt,
1300 3585 1394 3645 pecu·

87 3677 168 3734 liar-i
185 3676 447 3748 commentatione,
471 3691 539 3736 cun
562 3675 600 3734 de
614 3675 774 3735 Prisciano
796 3689 929 3748 caenas,
947 3674 1055 3750 praef.
1075 3677 1174 3750 portis
1189 3673 1244 3733 III
1257 3679 1329 3732 sect.
1346 3671 1367 3729 I
1374 3670 1400 3728 V

87 3795 162 3854 cop.
187 3783 206 3835 3
233 3777 482 3852 percernebinas.
536 3777 701 3836 Praeterea
729 3779 797 3838 eod.
824 3784 862 3836 att
883 3793 963 3838 saec.
987 3777 1056 3836 XII
1083 3777 1146 3837 eius
1173 3777 1351 3835 tractatum
1365 3773 1397 3831 in

84 3883 208 3956 primos
230 3895 336 3940 uersus
357 3878 430 3939 XII
448 3878 598 3938 Aeneidos
619 3880 760 3950 continet.

179 3993 208 4072 6)
234 3997 352 4058 Deinde
373 3999 405 4057 in
427 3997 614 4058 Sallustit
634 3999 700 4058 cod.
727 4003 796 4068 203,
826 4014 912 4072 auen
941 4005 1086 4058 accurate
1113 3995 1260 4056 tractauit
1280 3996 1311 4052 et
1329 4007 1397 4052 con·

89 4103 161 4161 ndei
183 4100 211 4160 t.
236 4099 268 4160 C.
290 4100 426 4160 Wirzius
446 4114 551 4176 propr.
578 4100 687 4173 Arpos.
715 4105 800 4173 1837,
823 4097 882 4171 fol.
907 4096 965 4158 88⁶
988 4106 1117 4175 propter
1139 4097 1248 4158 uerba:
1278 4097 1328 4153 ‘ne
1349 4097 1401 4155 siti

90 4205 321 4275 conficerentur
346 4203 498 4263 exercitus
524 4199 673 4262 Rutilium
702 4202 854 4276 lepatun’
882 4200 958 4264 Sall.
989 4201 1058 4274 Ina.
1087 4216 1159 4276 cap.
1182 4199 1207 4259 L
1229 4199 1294 4258 init.
1324 4197 1400 4256 ltacc

89 4307 231 4380 marqini
251 4319 381 4380 aspersa
402 4311 491 4364 sant:
520 4301 688 4364 Notandum
711 4301 790 4380 quod
813 4303 913 4362 omnia
937 4301 1028 4362 uerba
1051 4301 1191 4363 infinitiui
1214 4297 1294 4360 modi
1317 4299 1401 4378 pouit

90 4427 147 4486 pro
168 4405 337 4487 praeterito
352 4404 487 4484 perlecto
501 4403 655 4468 iudicatiui
677 4403 772 4474 modi,
796 4405 873 4464 sicul
896 4411 926 4464 et
947 4402 1100 4464 Solinus
1122 4411 1152 4464 ct
1174 4401 1320 4463 Plinius
1344 4417 1400 4460 nec

91 4525 152 4568 nou
174 4503 388 4568 Tertullus.

174 4611 224 4672 ue
248 4609 309 4670 Itoc
330 4610 398 4669 loca
419 4605 463 4681 cs.
488 4607 605 4668 Cauris.
625 4625 657 4683 p.
681 4614 753 4681 340,
780 4614 818 4667 34
840 4625 901 4684 seq.

175 4725 206 4810 l)
232 4728 377 4802 Denique
398 4728 430 4788 in
452 4728 596 4788 codini
616 4727 784 4788 saeeXII
801 4744 835 4802 p.
853 4732 989 4786 95-105
1011 4728 1087 4786 latet
1107 4742 1259 4787 carmen
1279 4741 1399 4800 aran·

93 4834 271 4892 uiaticum
291 4845 352 4905 per
374 4834 436 4890 tres
456 4829 551 4891 libras
573 4829 702 4891 diuisum
723 4831 762 4890 ab
783 4829 831 4890 Itis
852 4827 986 4889 unates
1007 4829 1169 4904 incipiens:
