3412 5452
295 381 403 430 cuvtn
707 365 756 416 DE
777 363 940 417 citntttsn
959 363 1164 417 excutietis

298 555 337 619 13
359 559 418 618 iter
460 553 714 638 {subiunctatiuis
774 551 814 615 14
836 554 1058 616 subiun⁰tetiuis
1124 556 1201 614 enirn
1225 572 1282 616 orn.
1351 556 1466 634 quoties
1520 573 1576 634 oge-

296 661 346 743 1101
411 675 476 719 error
500 655 699 724 declamabant
723 664 754 717 ut
777 665 849 736 aput
871 655 939 735 uiri
960 675 1027 718 cum
1051 659 1134 718 uenit
1155 656 1249 717 auleis
1320 653 1362 717 20
1389 657 1419 717 id
1447 667 1575 736 tempore.

381 763 540 838 Sequitur.-
568 757 800 820 Subiunctetiuis
826 777 900 820 uero
925 793 963 804 -
988 767 1017 820 et
1047 761 1091 820 sic
1114 759 1230 837 cepisse
1252 758 1381 819 ciamare
1401 785 1445 813 =
1466 777 1494 839 p.
1514 755 1575 826 226.

296 861 437 926 28—30:
471 859 512 922 28
535 861 590 921 aiio
615 861 683 940 quid
749 857 791 922 29
813 860 1000 923 declamauit.

380 967 497 1028 Deinde
518 965 662 1024 additur:
684 960 755 1023 uon
779 963 821 1022 sic
842 964 868 1023 si
890 964 977 1024 modo
1000 964 1122 1024 [initiuis
1137 962 1185 1024 uel
1201 964 1226 1024 si
1241 965 1332 1024 incias
1346 965 1371 1024 si
1393 965 1504 1026 iaceret
1516 965 1575 1026 duno
1678 999 1679 1002 κ

297 1069 429 1147 iungitur
455 1065 577 1128 finitiuis
607 1063 640 1125 ui
673 1064 742 1125 duur
771 1065 859 1125 uenio
888 1067 1004 1143 quoties
1032 1085 1106 1126 uero
1136 1101 1174 1110 —
1204 1064 1365 1128 dummodo
1395 1066 1577 1128 contenderet

296 1199 338 1220 =
360 1189 390 1250 p.
413 1164 484 1237 226,
508 1163 550 1228 32
576 1173 610 1242 -Ι-
638 1177 670 1247 p.
692 1163 765 1236 227,
791 1163 831 1225 10
852 1166 892 1247 -Ι-
918 1163 1055 1229 12-15:
1116 1165 1155 1230 13
1177 1167 1398 1230 subiunctatiuo
1457 1165 1495 1229 14
1515 1168 1578 1230 dum

296 1272 500 1335 contenderet.

381 1374 538 1451 Sequitur:
561 1369 631 1432 Corin
656 1390 726 1432 num
750 1390 804 1432 eur
826 1389 918 1451 quere
941 1373 1011 1451 quid
1034 1381 1190 1453 postquam
1214 1376 1245 1435 ui
1268 1382 1297 1434 et
1320 1375 1376 1434 nisi
1401 1371 1451 1452 (=
1472 1391 1500 1452 p.
1514 1367 1580 1438 227.

299 1473 346 1538 19.
370 1473 421 1537 22.
445 1471 501 1543 23;
524 1491 552 1552 p.
575 1470 648 1544 228,
672 1471 723 1534 22.
747 1470 798 1554 30)
823 1477 878 1535 etsi
902 1474 939 1552 (p.
955 1471 1028 1544 229,
1045 1473 1075 1552 3)
1098 1485 1255 1554 antequem
1280 1473 1320 1555 (p.
1337 1472 1410 1545 228,
1426 1471 1476 1554 26)
1500 1474 1580 1535 modo

297 1580 420 1639 dnitiuis
453 1575 542 1638 modo
576 1574 803 1663 subiunnetetiuis
837 1578 996 1655 iunguntur
1023 1577 1080 1656 (π
1103 1597 1132 1657 p.
1155 1575 1233 1646 228,
1256 1575 1319 1657 26).
1362 1585 1465 1638 eontra
1493 1583 1582 1637 nutem

297 1682 435 1761 superius
457 1682 589 1740 iunctum
613 1696 683 1739 uum
708 1677 759 1757 (=
781 1677 881 1758 ueluti)
905 1687 1062 1758 autequam
1092 1681 1223 1740 uenisset
1245 1678 1422 1740 disiunctum
1448 1713 1484 1722 -
1508 1677 1582 1739 uioio

298 1812 340 1834 Ξ
362 1803 392 1862 p,
413 1778 486 1851 228,
509 1776 645 1841 27-29.

385 1886 516 1946 Deinde:
538 1881 609 1944 Corin
632 1883 690 1943 iter
712 1883 849 1961 quamuis
871 1899 1039 1962 quenquam
1062 1883 1157 1944 donec
1174 1884 1315 1948 dummob
1338 1882 1584 1945 iicetsubiuueta·
1680 1932 1681 1955 ,

301 1989 369 2049 tiuis
391 1989 557 2064 iunguntur
578 2013 620 2035 =
641 2004 670 2065 p.
693 1981 765 2054 227,
788 1981 839 2046 26.
861 1981 912 2046 28.
938 1982 986 2047 18.
1010 1983 1062 2048 27.

383 2089 533 2149 Subinde:
557 2087 615 2148 lter
638 2096 673 2147 ut·
692 2084 782 2166 recep
801 2088 912 2149 bnitiua
936 2096 1023 2148 acuto
1038 2095 1192 2149 occentum
1210 2087 1335 2150 relatum
1353 2089 1476 2148 eiiertur
1492 2095 1584 2149 nutem

299 2192 420 2272 quocies
442 2224 484 2235 —
506 2190 683 2269 contempsit
705 2188 734 2248 id
759 2191 796 2249 sit
818 2189 965 2270 quomodo
988 2192 1027 2251 sit
1053 2197 1086 2251 ut
1113 2207 1168 2270 pro
1195 2191 1337 2250 continuo
1360 2191 1391 2251 nt
1414 2208 1468 2270 pro
1490 2189 1537 2267 qdr
1558 2190 1586 2248 in

301 2313 354 2375 pro
377 2295 488 2354 utinam
511 2319 553 2341 =
575 2309 603 2370 p.
627 2287 700 2360 227,
723 2288 765 2351 30
789 2327 825 2334 —
851 2309 879 2370 p.
903 2287 974 2362 228,
1000 2289 1028 2352 1.

384 2397 509 2457 Postea:
536 2392 607 2454 Citrio
629 2395 686 2453 iter
712 2395 825 2453 utinam
856 2394 962 2473 recipit
985 2395 1149 2473 optetiuum
1173 2395 1285 2456 utinam
1309 2397 1413 2455 {lenies
1436 2429 1477 2438 -
1498 2395 1586 2472 inipe-
1681 2403 1682 2456 3

298 2499 395 2561 retina
418 2493 501 2576 recip
526 2495 566 2557 uit
591 2496 694 2556 utine
722 2493 768 2557 iae
795 2497 916 2573 quocies
942 2513 1017 2556 uero
1045 2497 1129 2574 graui
1158 2505 1282 2556 accentu
1311 2497 1435 2558 edentur
1461 2498 1587 2576 optetiuo

300 2601 406 2679 recipit
429 2605 460 2660 ut
482 2598 558 2677 epod
582 2599 709 2658 orationi
733 2615 770 2656 ne
792 2597 882 2658 iacies
905 2599 1017 2658 utinum
1040 2626 1082 2647 =
1104 2618 1132 2677 p.
1155 2594 1228 2667 228,
1251 2595 1366 2659 8-10,

382 2702 526 2778 Sequitur
544 2702 651 2777 paullo
661 2707 748 2777 post:
770 2696 842 2760 Corin
863 2708 893 2759 at
907 2717 962 2777 pro
977 2707 1074 2760 autern
1099 2701 1138 2760 sit
1158 2709 1184 2760 et
1210 2709 1298 2781 etque
1312 2719 1368 2781 pro
1383 2709 1413 2762 et
1435 2709 1465 2761 et
1487 2720 1523 2762 on
1539 2719 1587 2782 pro
1682 2728 1683 2786 3

299 2823 366 2866 eum
389 2812 421 2865 ut
443 2802 522 2881 uirfi.
546 2819 582 2862 au
605 2804 647 2862 mi
669 2800 817 2862 enittendo
839 2802 935 2862 uictus
958 2820 1017 2863 non
1039 2800 1180 2863 redderet
1206 2801 1256 2862 iiie
1285 2821 1372 2883 quem
1396 2822 1460 2864 uren
1482 2838 1524 2847 -
1544 2821 1587 2864 ce-

302 2925 386 2986 pruur
410 2933 451 2956 --
477 2924 506 2984 p.
530 2900 602 2972 229,
626 2899 655 2964 9.
678 2900 729 2964 21.
755 2901 794 2965 15
815 2921 859 2982 sq.

383 3009 515 3069 deinde:
543 3007 590 3067 Fit
611 3025 647 3066 an
671 3024 726 3086 pro
749 3023 821 3084 ergo
844 2996 895 3084 (τ’
917 3025 946 3086 p.
969 3004 1042 3078 229,
1068 3003 1127 3079 19).
1161 3010 1214 3070 Ast
1241 3007 1318 3088 apud
1341 3008 1478 3085 antiquos
1502 3043 1538 3052 -
1561 3009 1588 3067 in

300 3111 389 3188 glosis
412 3109 618 3187 antiquitatum
642 3107 767 3187 legimus
789 3109 931 3188 seriptum
954 3137 996 3160 =
1021 3128 1050 3189 p.
1070 3105 1143 3178 229,
1166 3106 1302 3172 30—32.

385 3214 537 3288 benique:
559 3209 695 3291 Optotiue
718 3219 751 3271 ut
772 3228 810 3270 ne
834 3209 933 3291 ueiiirn
957 3211 1008 3292 (ε
1030 3230 1059 3291 p.
1082 3207 1154 3282 226,
1170 3209 1210 3291 6).
1244 3195 1390 3274 infinitiue
1413 3209 1482 3274 dum
1499 3229 1588 3292 quen·

301 3333 388 3394 quum
413 3350 451 3359 —
477 3323 594 3374 etcum
617 3340 659 3364 =
681 3332 708 3393 p.
732 3308 804 3384 226,
827 3309 858 3374 4.

386 3520 406 3579 1.
427 3515 488 3580 30³
511 3515 582 3580 Corio
606 3519 645 3577 ita
662 3524 728 3577 ante
743 3525 867 3597 post-
881 3516 964 3579 ilium
988 3527 1056 3580 ente
1078 3548 1120 3571 =
1142 3539 1171 3600 p.
1188 3517 1259 3589 232,
1278 3516 1327 3581 19.
1342 3515 1398 3580 20:
1430 3516 1470 3579 19
1486 3525 1588 3580 motnto

295 3642 300 3649 ·
384 3621 544 3697 Sequitur:
568 3619 624 3679 iter
639 3638 706 3680 curn
724 3621 809 3696 tertie
831 3655 873 3664 —
894 3620 983 3701 paulo
999 3630 1086 3684 tenus
1108 3647 1150 3674 =
1173 3640 1200 3702 p.
1222 3619 1294 3692 232,
1310 3617 1353 3684 33
1366 3657 1410 3671 -
1424 3639 1453 3700 p.
1469 3618 1541 3691 233,
1555 3617 1588 3680 3:

293 3725 329 3803 p.
353 3721 424 3792 232,
448 3719 489 3784 33
512 3723 705 3802 praeponitur
728 3720 842 3784 terituir
862 3741 929 3785 curn
951 3724 1003 3786 iiio

385 3824 455 3886 ibid.
492 3825 563 3887 Corin
584 3843 662 3884 nune
690 3827 710 3907 q
734 3820 750 3884 ἔ
777 3824 940 3888 uerborum
967 3862 1009 3871 —
1033 3836 1153 3888 transeo
1174 3854 1216 3876 =
1238 3845 1267 3906 p.
1290 3822 1369 3895 231,
1394 3822 1510 3887 7—18
1534 3823 1586 3898 (es.

174 3923 178 3934 '
302 3931 395 3990 Keilii
415 3930 553 4003 educti·
580 3944 613 3986 re
636 3935 789 3988 reuertere
813 3946 846 3989 re
868 3947 1012 3991 reuocare
1078 3948 1111 3990 ee
1134 3932 1257 4007 accingo
1280 3947 1311 3988 es
1333 3927 1490 4006 aspcilere.
1520 3927 1589 3988 Sunt

302 4043 387 4101 etiem
456 4035 495 4098 16
522 4037 560 4098 uir
586 4057 601 4097 a
629 4036 712 4098 ceelo
778 4036 815 4098 11
841 4038 998 4109 abidum,
1024 4040 1262 4102 'attenedum
1336 4037 1375 4098 14
1405 4041 1434 4099 10
1458 4021 1585 4119 pisbneur

303 4140 342 4202 16
364 4150 482 4223 praeter
505 4149 624 4220 praeter
645 4138 727 4200 ilium
750 4142 929 4221 praeterrito
952 4145 1042 4219 (eici)
1110 4139 1148 4203 l7
1172 4140 1392 4221 supergredior.

386 4244 456 4305 ibid.
491 4239 562 4303 Corin
586 4242 785 4304 0101111100-
807 4262 900 4324 pones
922 4246 1001 4306 iuxta
1023 4273 1066 4296 =
1088 4262 1116 4323 p.
1140 4241 1212 4313 231,
1235 4239 1378 4304 21-23:
1409 4237 1452 4302 22
1475 4241 1558 4303 ubter

387 4345 458 4407 ibid.
492 4344 563 4407 Corio
583 4346 727 4425 quaedem
751 4346 885 4408 similiter
908 4383 948 4390 —
978 4355 1113 4407 notemus
1141 4355 1171 4405 ct
1197 4354 1266 4406 sunt
1293 4345 1370 4405 inira
1399 4363 1489 4424 supra
1513 4351 1588 4404 extre

302 4452 379 4510 intro
401 4495 514 4511 ......
536 4449 623 4524 (solii
638 4449 796 4524 porticulo
818 4451 950 4509 abscissa
972 4454 1029 4524 est)
1058 4449 1131 4508 citra
1159 4449 1238 4508 cirea
1261 4448 1341 4506 iuxta
1364 4457 1466 4507 eontra
1492 4445 1588 4508 subtus

304 4569 404 4612 eorem
428 4560 495 4613 ante
519 4561 585 4631 post
606 4569 699 4630 prope
723 4569 815 4628 usque
837 4578 878 4600 =
901 4570 930 4631 p.
953 4548 1026 4621 231,
1050 4547 1189 4610 24-30:
1219 4545 1261 4610 24
1283 4556 1393 4609 motato
1460 4548 1589 4610 accidunt

362 4779 366 4792 ·
388 4755 439 4816 iol.
462 4751 526 4816 30b
553 4753 624 4815 Corin
645 4774 671 4834 q:
696 4753 815 4816 ensibus
837 4757 971 4816 seruiunt
988 4791 1024 4799 —
1043 4765 1072 4815 et
1088 4765 1157 4817 sunt
1178 4755 1336 4816 accusatiui
1360 4772 1444 4814 costis
1466 4753 1501 4814 ed
1518 4749 1587 4831 opud

305 4863 371 4919 onte
401 4857 558 4918 aduersum
588 4875 643 4917 con
672 4865 774 4919 contro
803 4859 916 4919 circuni
945 4859 1022 4920 cirea
1051 4860 1169 4919 circiter
1197 4859 1271 4918 eitra
1301 4857 1343 4917 cis
1366 4865 1447 4918 extre
1472 4873 1539 4934 ergo
1561 4855 1587 4913 in
