3394 5448
498 358 536 409 ιιι
555 359 640 410 oon,
659 357 784 409 aarum
805 356 982 412 tillonem.
1327 359 1390 425 223

88 551 191 605 autem
221 541 301 623 quod
330 545 449 605 uocales
476 552 579 624 aperto
607 563 659 604 ore
688 548 927 624 pronuntiamus,
960 566 1020 609 non
1042 549 1152 610 iunctis
1180 548 1286 620 labris,
1315 551 1394 612 sieut

89 652 300 706 consonantes.
345 646 415 707 Per
442 664 480 707 se
507 643 703 726 syllabam,
732 647 847 708 scilicet
877 651 943 711 sine
974 648 1120 710 adiutorio
1153 653 1488 716 consonantium.aer,n

89 746 181 808 Verbi
204 748 298 826 gratia
321 765 388 810 amo
410 765 426 807 a
449 746 559 828 syllaba
582 755 642 820 est,
667 751 743 811 sicut
765 749 802 810 de
824 748 959 828 reliquis.
989 749 1027 811 Et
1048 759 1116 811 sunt
1132 769 1258 812 numero
1274 753 1297 811 V
1313 751 1389 832 apud

89 849 228 920 Latinos,
254 849 328 930 apud
353 867 426 910 uero
449 851 579 910 Graecos
602 849 660 911 Vll.
705 850 932 921 Transeunt,
956 851 1033 912 idest
1055 861 1251 914 consonantes
1274 871 1309 914 ex
1334 871 1488 919 no·aar,1e

62 950 207 1013 scalibus
229 953 310 1013 bitot
356 951 616 1021 Geminantur,
640 952 717 1013 idest
737 953 826 1013 simul
848 959 1014 1032 ponuntur,
1045 972 1112 1016 curn
1135 961 1186 1016 aut
1207 956 1217 1015 i
1239 955 1450 1036 praepeditam,
1465 975 1489 1014 rs

87 1070 125 1120 u,
150 1060 184 1113 ut
205 1051 299 1123 lineo,
327 1061 419 1115 autu
443 1053 595 1132 praecedit
617 1054 644 1128 l,
668 1060 700 1114 ut
722 1055 816 1133 uirgo.
862 1055 986 1123 Vates,
1020 1054 1129 1116 dicitur
1151 1057 1296 1137 propbeta
1319 1075 1335 1118 a
1359 1059 1390 1117 ui

88 1155 208 1214 meotis.
254 1154 316 1215 llae
339 1153 414 1215 duae
437 1155 447 1213 i
469 1163 499 1214 et
522 1171 540 1214 ιι
563 1172 622 1215 non
646 1153 741 1216 solum
765 1162 919 1217 transeunt
941 1157 1201 1229 inconsonantes,
1224 1157 1276 1219 sed
1300 1159 1390 1218 etiam

89 1255 209 1317 rraediae
231 1256 370 1317 dicuntur
393 1253 470 1316 idest
491 1255 622 1317 medium
638 1273 743 1318 sonum
760 1256 914 1318 babentes.
952 1255 989 1318 ln
1012 1258 1233 1338 quibusdam
1257 1259 1486 1330 distinemur

90 1357 218 1430 nibus,
247 1358 326 1419 idest
354 1356 497 1436 partibus.
545 1357 782 1436 Expressum,
814 1360 890 1420 idest
910 1377 1020 1438 purum
1043 1358 1092 1419 uel
1114 1358 1258 1436 liquidnm
1281 1379 1387 1422 sonum
1401 1381 1486 1430 corma

52 1481 76 1520 10
90 1477 153 1518 non
181 1458 306 1528 babent,
345 1461 415 1538 quia
443 1459 559 1520 nriutim
586 1467 704 1520 sonant
753 1459 826 1520 Nam
855 1463 886 1521 in
914 1478 988 1522 sono
1017 1477 1083 1520 sese
1111 1461 1305 1522 contundunt
1349 1464 1392 1522 Vt

89 1563 161 1622 uir.
206 1561 269 1622 lloc
297 1561 363 1622 loco
392 1578 498 1621 sonurn
521 1579 539 1639 y
561 1560 693 1622 Graecae
717 1561 836 1623 uidetur
859 1561 970 1624 babere
992 1570 1022 1622 et
1050 1561 1118 1622 ideo
1147 1580 1254 1642 purum
1284 1581 1389 1623 sonum

89 1680 152 1723 nort
177 1661 273 1729 babet,
298 1661 346 1724 uel
369 1663 457 1745 etiam
480 1663 626 1723 ‘intimus’
649 1681 742 1724 sonus
764 1662 880 1734 dieitur,
904 1665 971 1744 quia
995 1665 1173 1726 commixtus
1196 1663 1391 1724 uideturexi

90 1773 123 1826 et
145 1783 179 1833 ιι,
204 1765 287 1843 quasi
309 1765 346 1824 sit
368 1768 446 1826 u'er
471 1782 528 1826 una
551 1770 636 1844 parte
660 1773 690 1826 et
706 1765 716 1824 i
733 1784 767 1826 ex
791 1765 899 1835 altera,
925 1771 957 1825 ut
978 1784 1013 1826 ex
1037 1765 1095 1826 illis
1115 1783 1193 1826 unus
1216 1783 1307 1827 sonus
1330 1766 1387 1827 lor·

91 1875 202 1941 metor,
230 1866 281 1946 qui
303 1867 426 1926 intimus
448 1866 525 1926 idest
547 1865 662 1927 medius
684 1865 859 1947 appellatur,
887 1868 954 1945 quia
978 1883 1034 1928 nec
1060 1869 1100 1927 ita
1128 1884 1203 1947 pure
1230 1875 1329 1937 sonat,
1360 1875 1392 1928 ut

55 1966 190 2032 osclum
212 1985 231 2027 u
253 1973 304 2028 aut
331 1965 427 2028 solum
456 1968 480 2036 i,
510 1967 588 2028 unde
618 1976 648 2028 et
674 1987 767 2030 sonus
793 1987 813 2030 u
842 1967 996 2031 contundit
1022 1979 1127 2029 sonum
1151 1969 1170 2029 i.
1214 1955 1389 2048 Optimus.

90 2069 126 2128 ln
150 2069 209 2152 boc
228 2069 318 2148 etiam
342 2087 435 2130 sonus
455 2071 466 2128 i
488 2070 643 2131 contundit
666 2089 694 2130 u.
740 2072 861 2150 Antiqui
890 2070 969 2132 enirn
991 2077 1131 2150 optumus
1151 2087 1307 2150 pessumus
1330 2089 1391 2131 ma·

90 2189 200 2233 numus
222 2168 394 2232 scribebant
416 2179 446 2232 et
467 2187 572 2234 sonum
588 2173 640 2252 qui
656 2180 721 2234 erat
736 2174 815 2233 inter
832 2190 849 2232 u
866 2181 896 2233 et
910 2173 919 2232 i
935 2169 1139 2252 proferebant
1184 2171 1270 2235 lluoc
1292 2180 1392 2236 autem

91 2273 168 2334 baec
189 2289 244 2352 per
266 2273 275 2332 i
297 2271 469 2334 scribuntur
491 2281 581 2353 atque
602 2275 808 2353 proteruntur.
845 2273 924 2353 Ergo
946 2273 1004 2334 boc
1028 2274 1196 2352 exemplum
1212 2273 1317 2348 Donati
1333 2273 1391 2335 lam

91 2393 149 2454 pro
173 2373 264 2436 nibilo
287 2373 423 2436 babetur.
468 2373 580 2436 Extra
602 2393 708 2456 quarn
731 2375 899 2444 formam,
928 2373 1003 2436 idest
1025 2374 1198 2454 qualitatem
1221 2382 1252 2436 et
1273 2374 1390 2437 babitu·
1404 2403 1449 2450 ιιι,
1464 2402 1488 2443 n

53 2502 78 2542 ao
91 2477 210 2546 dinem,
232 2477 263 2536 io
286 2493 344 2555 qua
366 2475 497 2537 medium
520 2495 626 2538 sonum
650 2477 746 2540 babet
793 2472 806 2559 ll
826 2473 914 2561 1461<
939 2474 1016 2547 Quid
1032 2483 1077 2537 est
1099 2477 1137 2538 ui
1160 2475 1226 2538 Non
1241 2484 1288 2538 eet
1302 2494 1391 2538 uoca-

90 2579 143 2648 lis,
168 2580 237 2659 quia
260 2579 325 2638 eius
346 2578 508 2657 potentiam
532 2595 591 2639 uon
619 2579 724 2651 babet,
761 2579 840 2640 idest
866 2597 923 2640 nec
951 2577 1011 2640 duo
1041 2586 1174 2659 tempora
1204 2577 1308 2651 babet,
1342 2585 1393 2640 ant

90 2698 202 2750 unum;
231 2678 309 2757 quod
339 2680 477 2757 congruit
504 2677 665 2742 trocalibus.
711 2681 883 2743 consonans
910 2688 1008 2742 autem
1037 2700 1096 2742 noo
1126 2688 1170 2744 est
1192 2679 1392 2760 praecedente

90 2781 186 2844 altera
214 2788 407 2842 consonante.
453 2781 551 2853 Quare
580 2800 652 2861 ergo
679 2781 837 2845 scribitur?
881 2782 918 2844 Vt
938 2781 1104 2862 pleniorem
1132 2782 1239 2844 reddat
1260 2780 1392 2862 syllabae
1482 2793 1494 2812 ·

91 2902 210 2944 sonum.
256 2882 407 2962 Digamma
430 2879 529 2944 littera
553 2891 597 2945 est
615 2884 693 2963 apud
710 2885 839 2947 Graecos
862 2884 976 2946 duabus
997 2886 1122 2964 gemmis
1143 2892 1292 2955 constans,
1316 2883 1393 2944 idest

53 3011 78 3050 aa
91 3005 129 3046 ex
153 2983 269 3046 duabus
291 2983 409 3056 litteris,
434 3002 493 3048 una
516 2984 656 3048 uidelicet
677 3003 768 3066 super
789 2985 912 3050 alteram
933 2989 1046 3068 posita,
1070 3005 1146 3068 quae
1168 2992 1227 3047 ῑιιιι
1251 2987 1391 3066 pinguem

91 3105 201 3149 sonum
224 3085 323 3148 reddit
344 3088 420 3168 apud
444 3089 588 3158 Graecos,
611 3106 701 3168 quam
723 3096 752 3149 et
774 3107 793 3150 u
817 3105 985 3152 consonans
1008 3088 1086 3170 apud
1109 3087 1238 3149 Latinos.
1282 3087 1393 3166 Figura

90 3192 193 3267 itaque
225 3187 303 3252 illius
335 3189 484 3268 digamma
519 3198 653 3251 uocatur.
697 3190 832 3252 Potestas
859 3209 934 3275 uero
961 3189 1096 3252 eiusdem
1124 3207 1181 3250 uau
1213 3190 1391 3261 nominatur,

90 3310 183 3372 quam
206 3291 384 3370 accipientes
406 3292 503 3354 Latini
525 3299 691 3373 posuerunt
712 3309 802 3373 super
825 3311 845 3353 u
867 3299 1097 3361 consonantem,
1127 3298 1158 3351 et
1185 3291 1256 3352 lacit
1278 3310 1296 3352 u
1320 3309 1392 3353 coo·

89 3411 203 3455 sonans
225 3393 303 3474 apud
327 3411 394 3465 nos,
418 3394 497 3473 quod
513 3394 660 3474 digamma
675 3393 752 3475 apud
767 3394 912 3464 Graecos,
937 3403 967 3455 et
982 3393 1039 3455 boc
1053 3401 1098 3454 est
1113 3391 1191 3473 quod
1206 3395 1262 3454 ait:
1286 3393 1448 3472 bulon-1,
1464 3425 1488 3464 1⁸

53 3495 208 3561 aoscilieet
230 3514 247 3556 u
270 3499 461 3567 consonanti,
496 3495 802 3576 solet'digamma
831 3495 985 3566 ascribi,
1019 3495 1097 3557 idest
1130 3496 1287 3573 assignari,
1322 3498 1392 3575 quia

92 3601 160 3660 eins
182 3606 358 3678 potestatem
382 3598 471 3660 babet
493 3600 523 3660 in
545 3597 603 3660 boo
626 3597 700 3660 loco.
746 3599 788 3660 vt
810 3617 942 3661 seruus
965 3597 1103 3677 uulgus.
1149 3597 1260 3659 Seruus
1283 3595 1449 3678 diciturne,
1464 3629 1488 3670 19

91 3719 107 3760 a
133 3700 299 3762 seruando:
322 3701 385 3780 ipse
408 3702 525 3780 estqui
548 3702 580 3763 io
603 3699 681 3762 bello
704 3707 807 3782 eaptus
828 3709 966 3763 seruatur
989 3699 1025 3763 ad
1048 3701 1149 3762 uitam.
1188 3698 1297 3778 Vulgus
1319 3699 1392 3761 dici·

92 3811 144 3864 tur
167 3803 337 3882 promiscua
365 3802 538 3874 multitudo,
569 3805 656 3882 qnasi
684 3804 836 3866 uoluntate
866 3823 973 3884 uagus,
1002 3823 1038 3864 eo
1061 3801 1140 3882 quod
1168 3819 1246 3864 unus
1267 3801 1393 3882 quisque

91 3922 153 3983 quo
177 3904 326 3966 desiderat
352 3907 460 3984 pergit.
504 3904 622 3967 Nami
651 3906 837 3978 litteram,
867 3907 951 3990 quasi
979 3905 1110 3967 diceret:
1141 3902 1226 3966 multi
1253 3905 1393 3982 negantl

92 4091 324 4101 ...-.—-—--

162 4231 179 4279 3
203 4227 282 4278 Verbi
301 4229 383 4293 gratia
400 4243 459 4279 emo
477 4225 540 4296 eta]
566 4229 599 4280 In
622 4233 735 4295 margine
757 4233 884 4282 oddibrm:
912 4243 961 4296 ego
980 4245 994 4278 e
1012 4228 1129 4280 similiter
1149 4225 1249 4292 syllaba
1270 4237 1310 4278 est
1376 4230 1394 4278 4

93 4311 186 4361 grecos
257 4299 347 4347 betam
366 4307 449 4347 autem
469 4298 494 4346 ·i·
563 4295 676 4363 blioeo]
697 4298 771 4360 limo,
789 4300 839 4348 nisi
854 4299 976 4364 praefers
994 4297 1071 4360 luno,
1095 4297 1164 4362 quod
1179 4297 1252 4361 opud
1267 4296 1394 4347 Donatum

92 4373 140 4415 eat.
214 4367 243 4414 ll
263 4380 277 4428 y
297 4379 372 4430 grece
441 4368 473 4416 ta
491 4365 525 4415 sit
543 4381 576 4414 tttt
663 4369 695 4417 19
714 4368 807 4416 niclrilo
893 4369 926 4418 23
944 4365 1058 4429 syllabae
1075 4360 1179 4428 sonum]
1201 4363 1283 4414 quta
1299 4367 1350 4415 iata
1367 4367 1393 4414 in

91 4437 208 4498 morptne
226 4433 356 4484 audomar
373 4433 437 4484 liceo
454 4435 664 4498 conglutinationis
680 4435 782 4500 forcipe
800 4436 890 4486 misere
912 4437 1039 4485 mutilata:
1068 4434 1134 4482 euim
1158 4431 1214 4482 loco
1238 4432 1281 4482 ubl
1303 4447 1388 4483 u....

92 4513 199 4552 arautem
218 4501 284 4551 habe
290 4537 398 4552 .......
404 4511 413 4551 ι
431 4501 501 4551 latini
520 4502 689 4553 scri....itur
706 4503 836 4568 digamma
922 4517 968 4569 per
987 4511 1014 4551 ut
1031 4500 1131 4566 signifi.
1142 4537 1148 4549 .
1159 4510 1231 4552 ‚etur
1248 4501 1319 4563 quod
1337 4500 1392 4550 eius

91 4569 245 4636 dignm...
268 4579 420 4636 potestatem
439 4569 472 4619 lta
478 4607 552 4621 .....
558 4585 573 4619 a
591 4569 634 4620 nbi
653 4581 721 4621 essct
743 4585 886 4631 ....nnns,
904 4577 931 4620 et
948 4573 974 4620 in
995 4572 1109 4634 margine
1131 4566 1266 4632 inferiori:
1296 4567 1394 4634 Repre-

92 4637 213 4689 beuditnr
231 4637 273 4688 bio
292 4635 406 4688 Donatus
424 4653 440 4687 a
457 4637 609 4701 quibusdam
628 4653 707 4701 quare
724 4639 872 4705 digammon
885 4639 979 4688 dixerit
990 4637 1067 4700 quasi
1083 4636 1224 4696 declinans,
1236 4651 1293 4686 cum
1308 4637 1394 4686 omnia

93 4707 201 4758 nomina
217 4705 358 4758 litterarum
377 4705 564 4757 indeclinabilia
582 4707 635 4756 siut
652 4715 704 4756 tam
722 4707 792 4773 apud
810 4721 901 4773 grecos
919 4720 995 4770 quarn
1014 4705 1084 4771 apud
1102 4704 1204 4755 latinos.
1283 4705 1318 4756 et
1334 4719 1393 4770 gre-

93 4790 139 4826 cos
207 4777 241 4827 26
259 4788 351 4843 grecos
419 4776 452 4826 27
470 4775 610 4840 dggnmma
677 4775 711 4826 29
727 4776 867 4842 dygamrna
935 4777 969 4826 ³0
986 4774 1124 4840 dpgamma
1136 4773 1239 4837 ascribi,
1251 4787 1392 4838 cupersan:

93 4861 116 4896 s.
136 4845 204 4912 apud
222 4857 317 4910 grecos
384 4846 418 4895 at
436 4857 495 4892 nam
513 4845 538 4893 ·l·
554 4841 639 4893 littera
