3390 5444
621 351 833 406 Bnssnnnsts.
1321 351 1381 415 139

89 541 176 600 trium
198 557 342 617 generum
366 549 423 601 est:
447 539 658 600 diciturenim
682 540 730 601 ‘tu
753 541 819 600 uir’
842 546 890 602 ‘tu
914 539 1037 602 mulier’
1061 549 1089 602 et
1112 545 1156 602 ‘tu
1178 541 1381 620 mancipium’.
1471 531 1474 538 ’

90 639 207 702 Nullum
236 649 334 702 antem
363 657 527 719 pronomen
556 641 721 721 epicoenon
748 641 827 703 idest
853 641 1054 722 promiscuum
1083 641 1133 703 nel
1161 643 1308 702 incertum
1336 643 1382 702 in·

91 743 217 803 ueniter.
264 741 384 804 Numeri
406 745 617 822 pronominum
640 751 713 821 quot
733 745 820 806 sunt?
855 744 935 805 idest
956 743 1031 813 duo:
1055 744 1229 823 singularis,
1254 750 1285 805 ut
1308 746 1381 812 iste;

90 842 224 923 pluralis,
247 853 281 907 ut
296 845 354 905 isti.
378 843 450 904 inde
466 843 664 924 Pompeius
686 844 769 906 dicit:
794 844 831 906 ln
853 843 1142 924 pronominibus
1163 853 1249 906 sunt
1271 847 1382 907 etiam

64 946 235 1008 enumeri
263 945 346 1021 duo,
374 946 598 1025 singularis,
628 954 669 1007 ut
696 947 770 1015 bie;
802 945 977 1026 pluralis,
1006 954 1045 1008 ut
1067 947 1112 1008 bi.
1157 927 1249 1008 S'unt
1272 949 1381 1008 etiem

89 1047 232 1108 urrmeri
263 1049 488 1117 communis:
528 1048 710 1126 quomodo
748 1047 908 1108 dicimus
944 1049 980 1109 in
1017 1048 1230 1110 nominibus
1266 1049 1382 1110 nubes

89 1167 220 1210 manus
241 1147 334 1218 dies,
361 1149 416 1210 sie
444 1149 554 1210 etiam
577 1149 613 1210 in
635 1147 926 1230 pronominibus
954 1151 1151 1211 inuenitur
1174 1151 1382 1211 communis

88 1266 262 1312 numerus
284 1251 383 1312 inter
405 1248 635 1329 singularem
659 1258 694 1312 et
715 1249 914 1330 pluralem,
937 1253 1065 1331 utqui:
1089 1251 1188 1313 etde
1210 1267 1280 1312 uno
1303 1268 1382 1331 pos-

89 1370 164 1412 sum
187 1351 318 1412 dicere
340 1352 424 1428 ‘qui
447 1352 522 1413 uir’
545 1361 581 1414 et
602 1355 647 1414 de
668 1350 816 1414 duobus
843 1359 877 1414 et
905 1351 946 1413 de
973 1350 1150 1433 pluribus
1178 1353 1258 1431 ‘qui
1281 1354 1381 1421 uiri’;

56 1455 142 1514 rosio
164 1454 276 1515 etiam
298 1454 409 1530 ‘quae
433 1452 585 1514 mulier’
608 1454 720 1532 ‘quae
742 1453 936 1516 mulieres’
960 1452 1019 1514 uel
1043 1453 1147 1533 ‘quae
1169 1455 1382 1534 mancipia’.

90 1555 203 1615 llicitnr
234 1556 324 1615 etiem
352 1554 447 1616 dualis
474 1571 617 1616 numerus
644 1555 676 1615 in
703 1557 895 1635 pronomine,
923 1563 956 1616 ut
977 1563 1044 1616 uter
1065 1561 1205 1633 uterque,
1234 1556 1286 1617 sed
1310 1555 1383 1618 baec

89 1659 142 1718 olii
162 1656 298 1726 nomina,
326 1653 383 1732 olii
402 1674 476 1717 uero
498 1658 673 1736 pronomina
694 1664 816 1739 propter
838 1656 1060 1718 similitudinem
1087 1655 1292 1730 declinationis
1315 1675 1383 1737 pro·

91 1756 231 1820 tulerunt.

171 1859 299 1938 Figurae
321 1860 530 1939 pronominum
554 1867 627 1941 quot
648 1861 734 1924 sonti
778 1860 841 1921 Hoc
864 1868 910 1922 est
930 1860 1014 1921 duee.
1049 1859 1149 1932 Quae?
1181 1859 1328 1939 Simplex,
1353 1867 1385 1922 ut

58 1979 143 2040 nego
164 1951 216 2023 ille
237 1963 302 2042 ipse
324 1960 374 2021 bic
396 1963 462 2042 quis
484 1968 563 2042 quot
577 1962 683 2042 qualis
729 1962 886 2041 Conposita
908 1963 1084 2042 pronomina
1107 1969 1190 2032 sunt,
1215 1969 1246 2022 ut
1268 1969 1385 2040 egomet

89 2061 217 2142 illeipse,
242 2061 356 2133 hicine,
380 2064 526 2144 quisquis,
551 2063 720 2144 quodpiam,
744 2062 966 2143 qualiscumque
989 2073 1019 2126 et
1040 2071 1149 2125 cetera.
1187 2062 1385 2142 Pompeius

91 2164 126 2226 de
153 2165 249 2243 ligura
277 2168 488 2245 pronominum
511 2173 541 2226 et
562 2165 599 2226 de
621 2165 826 2245 conpositione
853 2166 893 2226 ita
921 2166 1107 2246 pronuntiet:
1138 2165 1232 2226 ‘sicut
1259 2163 1386 2224 diximus

91 2269 119 2326 in
143 2265 330 2338 nominibus,
353 2269 493 2345 qnoniam
516 2283 549 2326 ea
573 2267 708 2336 uomina,
732 2284 809 2345 quae
829 2285 865 2328 ex
881 2265 997 2328 duobus
1019 2267 1211 2328 nominatiuis
1232 2265 1385 2344 conposita

92 2367 212 2438 luerint,
239 2386 275 2430 ex
297 2376 422 2450 utraque
444 2377 528 2448 parte
550 2365 745 2438 declinantur,
768 2376 801 2429 ut
823 2375 943 2448 praetor
964 2367 1096 2430 urbanus
1117 2368 1264 2447 praetoris
1279 2365 1386 2428 urbani

58 2476 119 2531 oet
145 2477 262 2540 cetera,
292 2471 335 2531 sic
363 2488 454 2550 eques
482 2469 633 2531 Romanus
660 2470 766 2550 equitis
794 2471 919 2532 Romani
945 2477 1071 2548 utreque
1098 2477 1184 2549 parte
1213 2467 1385 2538 declinetur,

92 2572 228 2648 quoniam
250 2580 377 2650 utraque
398 2579 483 2651 parte
506 2571 706 2633 nominatiuns
728 2580 789 2641 est;
819 2590 852 2634 ea
874 2589 948 2633 uero
970 2572 1103 2641 nomina,
1134 2587 1209 2648 quae
1232 2589 1269 2630 ex
1292 2570 1386 2631 nomi·

92 2673 188 2734 natiue
203 2680 234 2734 et
249 2673 384 2753 quolibet
405 2673 462 2734 alio
486 2691 557 2735 casu
579 2673 730 2752 conposita
753 2674 876 2744 luerint,
902 2692 936 2735 ea
951 2681 1035 2753 perte
1050 2671 1239 2734 declinantur
1261 2677 1385 2740 tantum,

93 2793 145 2853 que
172 2775 265 2836 luerit
292 2776 493 2836 nominetiuus
522 2792 620 2844 cesus,
654 2783 687 2836 ut
718 2775 886 2856 praelectus
915 2777 1062 2853 equitum,
1095 2772 1233 2835 tribunus
1261 2771 1386 2834 militum

92 2875 151 2937 siue
174 2873 445 2955 tribunusplebis,
476 2875 548 2938 baec
577 2895 613 2937 ex
641 2877 736 2957 prima
765 2887 865 2958 perte,
898 2878 954 2939 hoo
982 2883 1027 2938 est
1050 2895 1085 2937 ex
1108 2875 1305 2943 nominatiuo,
1336 2876 1387 2951 qui

60 2985 135 3038 esest
157 2977 329 3056 praelectus
351 2985 381 3039 et
402 2976 553 3048 tribunus,
577 2975 773 3050 declinantur,
807 2981 940 3059 equitum
968 2984 1065 3040 eutem
1091 2975 1140 3037 uel
1170 2975 1296 3038 militum
1323 2977 1387 3036 siue

94 3078 185 3158 plebis
208 3080 239 3141 iu
263 3081 469 3159 conpositione
496 3078 716 3142 indeclinabilia
744 3088 826 3149 sunu
859 3081 930 3141 item
958 3088 1080 3140 senatus
1113 3077 1295 3140 consultum:
1331 3077 1387 3138 boc

94 3198 197 3242 nomen
226 3181 414 3262 conpositum
443 3183 609 3261 posteriore
628 3189 734 3258 parte,
758 3199 815 3260 qua
838 3183 1040 3243 nominetiuus
1063 3187 1121 3255 est,
1145 3177 1312 3241 consultum
1335 3177 1387 3238 de·

94 3281 232 3352 olinetur,
269 3283 338 3343 iecit
365 3285 444 3344 enim
473 3282 720 3346 senatusconsulti
748 3281 1006 3345 senatusconsulto
1035 3289 1065 3342 et
1092 3279 1217 3361 relique.
1261 3279 1388 3341 Senatus

95 3402 174 3462 ergo,
198 3383 268 3465 quie
292 3391 321 3446 et
342 3386 500 3463 genstiens
523 3394 582 3455 est,
605 3387 648 3447 sic
670 3386 764 3446 currit
785 3402 840 3462 per
863 3401 966 3446 omnes
981 3400 1067 3444 cesus
1081 3383 1144 3444 sine
1166 3381 1387 3445 declinatione’.

61 3485 170 3548 oollaee
192 3487 364 3547 inerenimus
387 3495 416 3548 et
438 3487 468 3547 in
489 3484 730 3566 pronominibus:
753 3495 824 3548 sunt
845 3487 923 3548 enim
947 3486 1138 3565 pronomina,
1162 3501 1238 3562 quae
1261 3490 1388 3563 utraque

157 3674 325 3740 deppcenon
410 3669 594 3739 4Pompeius]
612 3689 639 3736 p.
659 3675 717 3736 200,
737 3674 774 3724 33
843 3673 1025 3722 doommonos
1077 3666 1220 3737 quomodo]
1240 3669 1309 3732 quod
1362 3670 1386 3719 iu

95 3741 209 3790 omuibus
297 3743 440 3805 imegnus
508 3743 567 3792 bet
583 3740 686 3791 duobus
757 3741 788 3791 10
805 3739 845 3789 uel
864 3741 907 3801 qui
925 3736 1058 3806 municipii]
1081 3740 1196 3804 Pompeii
1211 3738 1292 3803 ipeirao
1309 3738 1389 3789 uerbo

94 3811 118 3858 in
133 3807 263 3859 codicibus
279 3812 357 3874 poulo
374 3811 450 3859 aliter
466 3823 495 3859 ee
512 3808 605 3859 debent
623 3823 703 3874 neque
720 3808 891 3868 dubitandum,
910 3809 970 3874 quin
987 3810 1009 3858 ie
1029 3807 1142 3871 Pompeii
1158 3808 1256 3870 codex,
1275 3819 1323 3872 quo
1343 3821 1389 3857 em-

94 3882 195 3941 rerplor
211 3891 273 3927 euru
289 3883 341 3936 eet,
360 3877 473 3927 booltote
489 3879 603 3942 reliquos
619 3877 765 3940 antecedat,
783 3876 818 3938 ef.
830 3877 932 3940 praes..-
950 3875 1001 3926 ‘De
1013 3876 1130 3940 Pompeii
1144 3874 1303 3940 promea·
1318 3876 1389 3926 eodi-

95 3943 179 3994 re'bue’.
215 3943 298 4008 Apud
313 3944 458 4009 Pompeiam
483 3945 561 4008 ipitur
583 3945 646 3995 baec
663 3944 741 3995 dobeo
755 3961 784 4009 p.
803 3945 867 4003 206,
887 3945 924 3994 34
939 3959 1010 4010 nep:
1033 3952 1093 3993 snut
1110 3943 1184 3993 etiem
1202 3943 1301 3991 numeri
1319 3957 1390 3992 com·

96 4012 185 4062 munis.
222 4011 346 4078 Legimus
368 4014 444 4062 etiem
467 4013 493 4062 in
518 4011 677 4074 nominibns3
705 4011 836 4074 quomodo
859 4012 967 4062 dicimus
986 4010 1066 4060 nubes
1084 4009 1153 4070 dies,
1181 4011 1219 4060 sie
1236 4011 1312 4060 etiem
1331 4017 1388 4070 etc,

94 4096 119 4143 p.
131 4083 189 4144 207,
203 4083 236 4131 3:
264 4094 373 4145 possum
391 4079 475 4129 dicere
492 4080 536 4144 qui
554 4079 628 4144 etde
646 4079 746 4130 duobus
765 4089 790 4128 et
807 4080 840 4129 de
856 4079 986 4145 pluribus,
1010 4080 1054 4141 qui
1073 4079 1112 4128 uir
1130 4079 1214 4140 etqui
1238 4078 1301 4139 uiri,
1323 4091 1390 4140 queo

95 4147 180 4198 mulier
197 4158 222 4198 et
239 4161 307 4210 quoe
324 4147 451 4198 mulieres.
521 4149 550 4199 li
570 4145 664 4212 dualis]
681 4149 713 4198 de
729 4146 787 4198 eliis
859 4150 890 4198 16
908 4147 949 4196 bio
966 4139 1007 4196 me'
1058 4143 1208 4212 Pompeius]
1225 4147 1328 4211 paor,
1343 4148 1388 4195 17:

91 4229 149 4282 'nam
166 4215 282 4266 diximus
300 4215 326 4264 in
346 4217 502 4274 nominibus,
521 4217 642 4280 qnoniam
660 4231 690 4265 en
708 4216 820 4274 nomine,
839 4229 906 4278 qune
923 4231 955 4265 ex
972 4215 1074 4265 duobus
1093 4214 1238 4264 nominibus
1256 4213 1390 4278 conposite

96 4295 164 4342 sulit,
191 4298 222 4332 ee
250 4294 322 4348 parte
344 4282 515 4344 declinantur,
542 4297 593 4346 qtae
616 4293 654 4333 est
677 4284 864 4345 nominetiuus;
888 4293 912 4333 et
934 4283 1062 4333 inuenitur
1084 4297 1175 4331 nomen
1194 4281 1265 4344 quod
1283 4292 1391 4344 utraque

95 4361 163 4415 perte
179 4350 334 4404 declinetur:
352 4363 457 4418 praetor
474 4353 586 4401 urbanus
605 4360 711 4414 utreque
729 4361 801 4416 perte
817 4351 969 4416 declinetur,
988 4350 1110 4414 quonium
1128 4359 1235 4412 utreque
1254 4359 1326 4414 parte
1345 4364 1390 4398 no-

97 4419 230 4470 minetiuus
249 4431 296 4473 est.
385 4422 417 4470 12
434 4418 555 4470 declionri
640 4419 674 4470 20
692 4420 770 4482 equiti
860 4421 893 4469 22
912 4419 1071 4470 nominetino
1088 4417 1202 4480 quolibet
1269 4417 1390 4467 declinari

96 4487 126 4537 23
142 4501 232 4548 cossus
318 4489 352 4538 24
369 4487 485 4538 tribunus
503 4487 611 4537 militum
631 4487 746 4537 tribunus
765 4486 871 4537 militum
945 4489 978 4539 25
995 4486 1044 4536 boc
1062 4495 1150 4536 estex
1169 4485 1327 4535 nomineciuo
1345 4485 1390 4547 qui

97 4565 132 4604 est
149 4554 290 4619 praelectus
309 4556 422 4618 equitum
440 4556 557 4606 tribunus
575 4554 682 4605 militum
701 4556 757 4605 siue
774 4555 890 4604 tribunus
912 4555 994 4621 plebis
1016 4553 1078 4603 haec
1100 4569 1132 4603 ex
1150 4554 1233 4620 prime
1251 4561 1324 4618 perte
1342 4552 1391 4602 boo

97 4634 179 4673 estex
198 4623 357 4674 nominetiuo
443 4625 476 4676 26
494 4634 556 4674 sunt
573 4640 620 4675 om.
706 4625 939 4688 superscandens
1005 4621 1164 4672 declinentur
1232 4621 1266 4672 28
1284 4630 1389 4670 sanetus

97 4689 246 4754 consultum,
265 4707 334 4743 corr.
352 4691 474 4742 -consnlti
526 4702 632 4742 sanetus
650 4690 767 4741 consulto
819 4702 926 4741 sanetus
944 4704 1006 4756 ergo
1083 4691 1117 4740 29
1134 4690 1190 4739 sino
1207 4685 1387 4754 declinatione]

98 4757 130 4874 «ἐς
146 4759 177 4808 de
194 4765 249 4810 toto
267 4759 480 4812 cocomarium
500 4761 588 4826 Pomp.
603 4775 630 4823 p.
650 4761 707 4821 trs,
727 4761 745 4809 3
762 4774 817 4825 seq.
886 4761 919 4811 30
937 4759 1004 4808 lineo
1022 4751 1180 4824 iuueuimus]
1199 4757 1235 4819 es.
1257 4757 1344 4822 Pomp.
1361 4771 1390 4821 p.

131 4829 153 4895 l⁴
171 4829 204 4877 21
