3390 5444
562 303 708 358 conteis
727 303 929 358 sunnonem
947 305 990 360 88.

276 491 381 552 lndie
405 492 524 553 mittit
543 490 654 561 ebur,
678 490 809 553 molles
831 509 893 553 sua
916 500 998 553 tura
1022 491 1219 553 Sabaei-—

278 593 455 654 Castorea
479 591 647 654 Eliadum
670 592 812 672 palmas
833 593 968 672 Epirus
991 611 1170 673 equarum

124 695 179 754 ait:
217 693 386 774 ‘Epirus’
416 696 460 774 ¹pi
489 693 597 774 longa
633 705 704 764 est,
742 694 806 756 sed
841 714 857 756 e
888 693 1000 756 habet
1028 703 1233 756 accentum.
1279 694 1422 758 Similiter

123 793 274 875 ‘abyssus'
297 795 479 877 ‘baptisma',
503 815 628 876 quorum
653 794 832 877 paenultima
855 797 1002 877 positione
1025 799 1214 876 cognescitur
1237 815 1302 858 esse
1324 795 1421 878 longa,

98 895 176 956 ssed
208 898 323 959 aeuitur
352 897 619 977 antepaenultima,
649 898 716 977 quia
745 905 870 979 propter
900 899 918 959 lr
943 899 989 961 uel
1014 917 1031 978 y
1053 898 1187 961 aufertur
1214 910 1355 964 accentus
1385 903 1422 964 de

124 997 322 1076 paenultima,
351 1018 408 1061 nec
430 1000 554 1068 mirum,
585 1018 652 1061 eum
676 999 754 1080 apud
778 1019 832 1061 nos
854 1019 971 1080 quoque
994 1000 1168 1081 ‘locupletis
1190 1001 1370 1083 locupletes’
1393 1012 1424 1064 ot

125 1099 294 1180 ‘locupleto
315 1100 496 1182 locupletas'
520 1111 549 1162 et
571 1102 723 1163 ‘asseuero
746 1103 911 1164 asseueras'
935 1104 1109 1182 {perseuero
1131 1107 1321 1182 perseueras’
1345 1109 1423 1168 ‘rra-

124 1201 192 1264 rlioo
215 1203 360 1264 eradices’
383 1204 469 1282 longa
493 1205 530 1264 sit
554 1203 728 1265 naturaliter
749 1201 930 1282 paenultima
949 1213 984 1265 -st
1007 1212 1105 1266 tameu
1129 1193 1251 1285 prepter
1274 1204 1422 1268 euloniam

125 1313 281 1367 accentum
304 1305 394 1366 habet
416 1304 681 1385 antepaenultima,
705 1313 734 1366 et
757 1323 772 1364 e
796 1307 945 1367 contrario
961 1304 1123 1367 ‘calefacis'
1139 1306 1320 1369 ‘leruelaeis’
1344 1313 1422 1369 ‘are-

89 1422 112 1460 n
126 1407 216 1468 iacis'
240 1406 416 1487 ‘tepefacis’
439 1405 604 1468 ‘labelacis'
628 1405 823 1468 ‘madelaeis'
847 1414 1001 1469 accentum
1024 1405 1113 1469 habet
1135 1408 1330 1489 paenultima,
1354 1409 1424 1471 lieet

124 1510 165 1569 sit
186 1505 304 1579 breuis,
333 1517 363 1570 et
384 1526 490 1570 rursus
513 1508 710 1589 ‘aliquando’
734 1508 928 1587 ‘nequando'
952 1509 1131 1588 ‘siquando’
1161 1519 1316 1574 accentum
1341 1521 1424 1573 tenet

124 1608 391 1690 antepaenultima,
415 1608 485 1671 lieet
506 1609 595 1688 longa
617 1611 655 1670 sit
676 1607 867 1690 paenultima.

212 1710 305 1772 Porro
327 1711 405 1792 quod
428 1713 598 1774 accusatiuo
620 1713 702 1773 casui
724 1709 850 1772 uerbum
874 1708 1061 1774 ‘calumnior’
1084 1715 1218 1776 iunctum
1243 1717 1422 1797 repperitur,

124 1812 291 1874 secuudum
319 1813 449 1875 Graecos
477 1814 505 1875 id
535 1811 684 1894 prolatum
713 1820 772 1883 est,
801 1819 933 1874 ceterum
960 1812 1065 1875 Latine
1093 1832 1151 1876 oon
1181 1824 1235 1877 est.
1281 1817 1340 1879 lam
1363 1837 1422 1880 non

89 1929 113 1968 15
126 1913 287 1975 dicendum
311 1914 488 1978 ‘calumnior
510 1916 674 1985 Catonem’,
697 1913 777 1994 quot
801 1914 914 1995 antiqui
937 1914 1076 1976 dicebant
1091 1912 1103 1998 ΙΙ
1118 1913 1195 1990 ibi
1212 1916 1223 2000 i
1239 1917 1348 1986 Latini.
1371 1920 1423 1980 seu

123 2016 305 2078 ‘calumnior
327 2017 452 2086 Catoni,
481 2018 560 2096 quod
584 2025 614 2078 et
635 2017 731 2098 ipsum
754 2018 911 2097 perspicax
935 2025 1039 2079 auctor
1060 2020 1291 2097 Augustinus
1313 2040 1425 2102 super

123 2117 307 2198 psalmum
336 2118 441 2180 Beati
469 2117 692 2179 inmaculati
715 2118 790 2179 dixit
811 2127 840 2178 et
862 2117 971 2179 docuit.
1016 2119 1052 2180 Et
1073 2118 1133 2181 illic
1161 2121 1239 2182 enirn
1262 2121 1426 2184 secundum

126 2220 272 2282 Graecam
302 2219 481 2282 locutionem
511 2219 632 2281 elicitur:
668 2220 723 2284 ‘ne
745 2218 846 2282 tradas
869 2238 916 2280 ure
939 2220 1188 2283 calumniantibus
1211 2224 1277 2284 me'
1301 2232 1330 2284 et
1352 2227 1424 2285 ‘non

125 2323 344 2384 calumniantur
366 2341 414 2384 rne
435 2321 584 2404 superbi?
616 2321 688 2383 Nos
717 2331 816 2384 tamen
846 2321 985 2382 nostratis
1013 2341 1128 2384 morem
1156 2332 1315 2404 sequentes
1345 2325 1425 2386 loeu-

88 2439 112 2477 ευ
127 2423 219 2485 tionis
241 2424 380 2484 elicimus:
404 2424 544 2486 ‘ilremus
566 2441 622 2504 pro
644 2419 894 2486 calumniantibus
917 2421 1024 2486 uobis'.

213 2525 286 2586 illud
310 2545 427 2607 quoque
449 2525 627 2595 notandum,
652 2524 731 2603 quod
754 2525 936 2588 ‘subscribo’
960 2524 1060 2586 datiuo
1076 2527 1219 2604 iungitur,
1238 2535 1269 2588 ut
1285 2535 1329 2588 est
1344 2528 1426 2590 ‘sub-

125 2627 230 2690 scribo
261 2627 415 2708 epistulis’,
449 2629 525 2689 sieut
556 2627 666 2706 legitur
699 2634 729 2688 et
762 2629 796 2689 in
831 2625 1055 2689 canonibus:
1090 2625 1192 2688 ‘huic
1226 2629 1379 2690 rlecreto
1410 2649 1426 2691 a

129 2731 241 2792 nobis
278 2727 504 2810 prouulgato
540 2727 785 2809 subscripsi',
825 2728 904 2809 quorl
938 2728 1005 2790 ideo
1042 2730 1334 2791 commemorandum
1370 2741 1426 2800 est,

126 2835 195 2913 quia
224 2851 291 2894 cum
321 2831 446 2910 simplex
476 2833 572 2910 ipsum
602 2830 727 2893 uerbum
751 2837 781 2890 et
802 2838 900 2890 cetera
930 2832 1045 2901 omnia,
1075 2849 1151 2910 quae
1179 2830 1216 2891 ab
1246 2852 1281 2893 eo
1304 2851 1426 2914 compo·

90 2942 256 3005 suuntur,
291 2933 409 2995 trahant
442 2935 656 3001 accusatiuum‚
687 2940 719 2992 ut
746 2929 845 2992 scribo
873 2930 1031 2993 conscribo
1059 2931 1197 2994 describo
1225 2933 1356 2996 inscribo
1379 2955 1426 2997 re-

126 3037 231 3098 scribo
245 3033 413 3097 transeribu
436 3033 581 3105 ‘librum’,
604 3033 678 3094 liaeo
693 3031 802 3103 solum,
827 3033 901 3094 illest
916 3031 1071 3094 subscribo
1086 3042 1116 3095 et
1131 3035 1304 3114 praescr-tuo
1321 3047 1428 3116 regunt

127 3140 279 3208 (latinum,
304 3147 348 3199 ut:
372 3134 557 3216 ‘praescribo
579 3135 645 3196 tilri’
668 3136 698 3196 in
721 3133 879 3196 scribendo
902 3135 1075 3196 contradico
1098 3134 1161 3197 tibi.

215 3239 385 3301 [lillerentia
409 3232 526 3318 qunque
548 3238 627 3298 iuter
650 3237 848 3316 ‘utrumque'
873 3243 901 3296 el
923 3237 1102 3316 ‘uirosque’
1127 3257 1186 3298 non
1209 3258 1315 3319 parurn
1338 3240 1428 3302 debet

127 3341 265 3423 placere,
289 3343 356 3418 quia
380 3337 522 3401 lalluutur
545 3337 585 3398 ilri
609 3336 754 3418 plerique.
799 3337 1088 3416 ‘Vterque-(licitur
1111 3338 1147 3400 de
1175 3340 1291 3402 duobus
1314 3349 1426 3404 tantum

90 3443 317 3520 colrominilrus,
345 3442 498 3520 ‘utrique’
528 3458 601 3502 uero
629 3441 666 3501 (le
695 3439 812 3501 duobus
841 3448 891 3500 aut
919 3439 955 3500 de
977 3438 1112 3519 pluribus
1135 3460 1170 3502 ex
1194 3451 1319 3522 utraque
1342 3453 1427 3524 parte
1461 3429 1465 3436 ’

127 3546 249 3627 positis,
275 3554 304 3606 et
327 3546 472 3622 ‘uterque
495 3543 593 3604 uenit'
618 3551 648 3603 et
669 3544 798 3620 ‘utrique
822 3549 993 3603 uerreruut’.
1038 3541 1097 3602 Sed
1121 3551 1219 3604 tamen
1244 3563 1349 3606 uerum
1373 3557 1427 3616 est,

126 3647 207 3730 quoii
231 3647 358 3708 subiecit
389 3647 484 3725 ipse:
520 3643 629 3705 ‘liaeo
660 3643 806 3725 quidem
841 3642 1025 3704 distincta
1058 3652 1158 3717 sunt,
1194 3645 1257 3706 sed
1291 3647 1428 3710 iterum

127 3750 356 3810 auctoritate
373 3749 536 3809 'confusa
558 3750 666 3808 sunt'.
1434 3743 1437 3748 ’

215 3851 350 3912 ‘vador’
380 3869 455 3913 uero
484 3850 560 3911 lrlest
587 3848 645 3910 liele
672 3848 753 3918 dico,
788 3848 855 3928 quia
890 3845 1075 3909 subobscura
1097 3848 1194 3928 glossa
1225 3859 1283 3918 est,
1312 3850 1430 3931 planius

90 3953 323 4035 seponendum
347 3969 466 4013 censeo.
511 3949 632 4012 ‘Varlor’
655 3951 733 4011 irlest
754 3951 812 4012 fide
836 3950 918 4019 ilico,
942 3948 1000 4010 lroc
1015 3959 1061 4012 est
1076 3960 1184 4012 memet
1203 3952 1299 4030 ipsum
1323 3952 1429 4013 uadem

128 4056 167 4117 do
192 4053 240 4117 uel
263 4057 293 4115 in
316 4053 517 4115 uadimonium
540 4053 635 4114 tratlo.

200 4329 211 4376 1
233 4321 319 4392 ludin]
341 4326 420 4390 Verp.
440 4325 532 4390 Georp,
553 4324 569 4374 1
586 4326 621 4372 57
704 4324 838 4373 leesrore
855 4322 982 4374 aeliselum
1001 4322 1100 4388 palmes
1118 4323 1205 4388 epirus
1224 4339 1348 4388 equarum
1368 4324 1431 4391 (pro

129 4410 233 4446 eeorr.
252 4397 279 4458 a)
382 4397 398 4446 3
417 4389 522 4459 Epirus]
542 4390 661 4442 Serotm:
685 4388 753 4439 Saue
770 4391 857 4456 epiros
876 4389 970 4440 Graece
989 4390 1124 4456 protertur,
1145 4391 1212 4441 unde
1231 4393 1305 4442 etiem
1324 4411 1338 4444 e
1355 4394 1432 4445 lrabet

128 4474 273 4514 occentum.
307 4460 372 4512 Nam
391 4463 417 4510 ei
431 4461 549 4511 Latinum
569 4469 637 4508 esset
655 4457 763 4524 Epirus,
783 4459 808 4523 pi
827 4458 931 4508 liaberet
949 4469 1092 4519 accentum,
1110 4458 1171 4521 qtria
1193 4459 1337 4526 longeest.
1415 4465 1432 4514 9

754 4551 789 4580 mo
1197 4541 1240 4582 sub

130 4601 272 4676 penultimo
358 4601 390 4649 14
407 4599 457 4647 iem
477 4611 544 4646 nune
628 4597 662 4645 23
680 4595 889 4644 oomnrerautlunr
976 4597 1009 4646 2ss
1027 4595 1077 4644 lroc
1093 4593 1177 4660 solum
1196 4597 1313 4648 r-sertte
1398 4601 1430 4650 st

129 4731 154 4766 et
173 4677 286 4784 ritrprqne
305 4727 427 4766 rrerrerunt
511 4717 544 4767 32
563 4713 622 4777 Quis
639 4715 673 4764 sit
691 4715 733 4764 illc
751 4714 839 4778 (ἕρπ’,
863 4713 967 4776 difficile
986 4714 1053 4763 dictu
1071 4721 1123 4777 est3
1146 4721 1218 4765 certe
1236 4732 1286 4766 non
1304 4723 1343 4766 est
1360 4717 1432 4768 Pris-

128 4789 227 4836 cianus.
299 4787 332 4836 ct
348 4785 421 4850 glosn

154 4885 253 4928 uun.
266 4893 319 4928 ur.
332 4885 414 4928 suern
1198 4871 1229 4920 12
