3432 5444
795 200 824 307 su

412 361 451 413 tn
469 359 608 412 nonnrr
626 359 719 411 anns
737 360 785 410 or
804 333 1072 456 sdesnmsuvu.
1322 376 1380 423 cxr

101 547 228 610 uidelicet
250 555 280 609 et
301 549 458 609 maiorem:
489 550 635 610 minorem
664 547 699 610 ad
729 568 838 630 pucros
860 548 1065 620 instruendos,
1089 550 1231 610 maiorem
1255 549 1291 609 ad
1314 567 1382 629 per·

101 652 239 712 lectiores.
285 650 382 712 tttnor
405 668 478 712 uero
494 650 549 712 sub
572 652 805 730 interrogatione
828 659 856 712 et
871 652 1065 732 responsione
1089 651 1243 730 conposita
1267 658 1384 732 estque

101 755 227 830 congruit
255 753 367 832 pueris.
411 751 504 814 llaior
533 743 606 813 uero
635 752 768 814 obsolute
805 762 849 814 est
876 754 1027 833 conposita
1057 755 1124 833 [pria
1154 753 1384 832 perfectioribus

100 855 239 914 conuenit.
283 853 346 914 Edo
368 853 478 914 multos
500 871 605 916 sensus
629 855 731 916 babet:
755 855 873 934 quando
896 853 1041 932 equaliter
1057 855 1221 915 declinatur
1244 854 1299 914 edo
1322 855 1385 916 edis

100 956 162 1026 edit,
185 957 329 1034 significat
351 958 483 1034 parturio
507 958 571 1018 siue
595 959 738 1026 iulormo,
767 956 845 1017 unde
873 955 1050 1017 Sedulius
1073 959 1137 1034 (op.
1158 958 1265 1033 poscit.
1289 956 1342 1017 lib.
1368 957 1386 1016 I

99 1068 159 1118 tona.
191 1059 233 1118 l’I
249 1076 284 1134 p.
303 1065 364 1118 460
385 1061 414 1118 F
432 1060 479 1118 ed.
498 1057 610 1135 Bon.).·
632 1059 759 1120 Edidit
782 1067 817 1120 ot
839 1077 961 1120 serum
985 1058 1182 1138 suspendit
1204 1057 1246 1118 ad
1271 1057 1382 1119 ubera

99 1167 222 1222 natum.
268 1157 391 1230 Quando
415 1160 593 1240 inequaliter
615 1161 670 1222 edo
693 1179 724 1221 es
747 1169 800 1231 est,
825 1162 971 1240 significat
993 1159 1149 1222 manduco.

174 1259 309 1337 Remigii
332 1279 407 1323 uero
429 1261 630 1338 expositionis
651 1265 708 1324 boc
730 1271 773 1324 est
790 1261 982 1340 prinm'pium
1002 1263 1030 1336 s.
1056 1269 1128 1323 25⁶:

61 1377 201 1429 borneti-⁰22⁵
238 1363 371 1424 Partes
393 1364 579 1426 orationis
601 1375 686 1427 sunt
708 1373 807 1426 octo:
837 1383 967 1428 nomen
991 1372 1060 1429 etc.
1083 1399 1122 1408 —
1148 1365 1382 1425 interiectio.

175 1464 344 1526 Notandum
368 1467 518 1544 inprimis,
547 1467 624 1546 quod
649 1469 778 1528 maiores
800 1466 852 1528 bas
874 1475 974 1546 partes
997 1465 1160 1526 maioribus
1183 1474 1212 1526 et
1234 1466 1385 1529 intellectu

98 1567 264 1630 tortioribus
288 1566 415 1628 Donatus
439 1570 629 1648 conscripsit;
661 1568 909 1647 quemadmodum
940 1569 1018 1630 enim
1047 1570 1192 1630 minorem
1222 1569 1384 1630 editionem

98 1671 189 1728 roinus
217 1668 454 1747 intelligentibus
482 1670 502 1729 i·
531 1673 631 1750 pueris
658 1670 713 1732 sub
750 1672 983 1749 interrogatione
1012 1672 1096 1750 pueri
1129 1677 1158 1731 et
1190 1672 1385 1750 responsione

98 1771 221 1849 magistri
252 1770 414 1840 ordinauit,
445 1773 483 1832 ita
508 1771 583 1832 banc
607 1771 789 1834 auctioribus
815 1771 986 1834 doctoribus
1009 1775 1073 1833 sinc
1097 1770 1154 1832 ulla
1177 1774 1234 1832 iarn
1257 1773 1383 1833 interro·

98 1874 208 1950 gatione
232 1871 281 1933 uel
304 1875 499 1952 responsione
522 1875 697 1954 composuit.
742 1873 799 1946 Qui
826 1876 910 1951 quasi
938 1875 995 1935 iam
1024 1873 1162 1936 roborato
1184 1875 1303 1952 ingenio
1326 1891 1384 1934 non
1416 1871 1419 1876 '

97 1973 258 2051 indigentes
281 1975 514 2054 interrogatione
537 1992 590 2053 per
612 1995 644 2036 se
667 1993 742 2053 quoe
765 1975 869 2036 uolunt
889 1974 989 2054 legere
1012 1985 1042 2068 et
1062 1975 1229 2054 intelligere
1245 1986 1378 2054 possunt.

99 2076 171 2138 llanc
194 2081 284 2138 etiam
310 2077 478 2138 decorando
501 2078 564 2138 suis
587 2075 782 2138 circumdedit
804 2076 852 2137 bic
874 2078 1056 2138 ornamentis
1078 2075 1114 2138 ab
1137 2075 1264 2139 bumane
1281 2097 1304 2136 s.
1323 2079 1383 2138 uite

98 2178 232 2257 qualitate
255 2178 334 2239 illam
360 2179 557 2240 conformans.
602 2171 702 2240 Primo
729 2181 808 2240 enim
839 2179 875 2240 de
900 2198 988 2250 uoce,
1017 2177 1123 2240 deinde
1146 2179 1184 2239 de
1206 2178 1317 2248 littera,
1347 2177 1383 2238 de

97 2279 207 2352 sillaba,
232 2281 270 2342 de
293 2279 436 2360 podibus,
460 2280 497 2342 do
520 2282 612 2352 tonis,
636 2281 672 2342 de
694 2279 844 2361 partibus,
874 2280 909 2342 ad
935 2279 1129 2354 ultimum-de
1153 2282 1231 2342 uitiis
1253 2281 1380 2360 scripsit.
1401 2321 1406 2332 ,

98 2381 189 2444 lnians
212 2385 295 2444 terrim
319 2369 384 2444 curn
407 2385 551 2452 nascitur,
581 2385 678 2463 primo
707 2402 810 2444 uocem
838 2385 903 2443 sine
930 2401 1020 2444 seusu
1049 2384 1170 2452 emittit,
1198 2391 1300 2463 postea
1326 2385 1382 2442 iam

97 2481 237 2564 loquendo
262 2484 355 2545 uerba
378 2486 501 2564 profert,
525 2503 600 2565 quae
616 2483 719 2565 procul
736 2483 825 2545 dubio
842 2481 947 2544 litteris
963 2493 993 2546 et
1008 2483 1121 2546 sillabis
1144 2491 1288 2554 constant,
1313 2503 1380 2544 cum

98 2589 180 2648 rectis
203 2569 338 2666 pedibus
355 2586 495 2648 incedere
517 2587 635 2666 incipit;
664 2595 695 2648 at
722 2595 876 2665 postquam
907 2589 964 2647 iam
988 2585 1134 2665 loquendo
1157 2595 1187 2646 et
1208 2585 1384 2646 ambulando

98 2685 260 2758 roboratur,
285 2691 412 2768 partium
435 2707 500 2749 mox
525 2689 659 2750 doctrina
684 2685 811 2769 (dict'na)
835 2687 987 2749 imbuitur.
1033 2687 1105 2748 Corn
1129 2695 1226 2748 autem
1251 2689 1381 2766 aliquan·

99 2788 183 2850 tulum
212 2789 387 2859 roboratur,
416 2792 581 2852 Latinitatis
609 2809 710 2852 amore
745 2800 849 2870 captus
878 2787 925 2851 uel
954 2787 1036 2866 loqui
1064 2788 1173 2869 aliquid
1204 2790 1307 2850 Latine
1336 2789 1382 2850 ucl

17 2955 18 2958 ,
98 2889 205 2954 dictare
228 2891 347 2971 gaudet.
394 2893 453 2954 Sed
475 2893 542 2974 quia
566 2892 696 2953 nondum
721 2895 818 2952 estin
850 2900 913 2953 arte
935 2891 1100 2971 perlectus,
1128 2892 1255 2952 incurrit
1279 2890 1383 2951 barbo·

17 2981 18 2998 ³
99 2994 214 3055 rismum
238 2997 257 3055 i·
283 2997 313 3054 in
337 2994 473 3056 dictando
498 2993 545 3056 uel
569 2993 717 3074 loquendo
739 2995 843 3055 uitium
867 2994 945 3059 iacit.
983 2991 1067 3062 Ouod
1089 2991 1218 3054 dedecus
1235 3012 1301 3054 cunr
1325 2995 1383 3053 iam

17 3105 18 3112 ’
98 3098 215 3158 cautiori
239 3096 328 3158 oculo
351 3097 468 3158 nouerit
491 3096 658 3166 declarare,
688 3115 812 3158 securus
835 3094 942 3157 abhinc
966 3093 1085 3173 (adbinc
1106 3097 1184 3174 cod.)
1208 3094 1384 3172 eligantibus

99 3197 191 3258 uerbis
214 3200 279 3260 siue
302 3198 462 3260 dictatione
484 3199 646 3260 sententias
668 3210 762 3258 ornat.
807 3196 958 3269 Quidam
982 3196 1060 3256 lrunc
1081 3197 1216 3258 ordinem
1233 3215 1291 3258 oon
1308 3199 1384 3256 reci-

100 3300 175 3376 piunt
198 3319 234 3361 ex
258 3309 357 3381 parte:
387 3319 453 3362 uam
476 3308 543 3381 post
571 3309 671 3381 partes
692 3307 809 3380 ponunt
834 3299 924 3380 pedes
947 3307 977 3360 et
999 3307 1086 3361 tonos
1108 3317 1176 3360 cum
1200 3297 1384 3359 barbarismo

100 3409 181 3480 atquc
204 3404 315 3464 ceteris
338 3403 429 3474 uitiis,
460 3403 528 3480 quia
557 3403 644 3482 pueri
666 3404 762 3481 primo
786 3401 898 3463 litteras
927 3410 956 3462 et
978 3399 1097 3462 sillabas
1118 3400 1257 3462 iubentur
1280 3419 1384 3479 agnos-

100 3521 171 3574 cere,
194 3503 303 3566 deinde
326 3513 424 3584 partes
447 3521 626 3584 componere
654 3502 770 3565 illarum
800 3523 875 3582 quac
903 3504 1040 3582 componi
1070 3511 1131 3564 tum
1159 3501 1270 3563 babere
1292 3505 1385 3582 perti-

101 3607 169 3666 ciam
192 3607 262 3684 (lep.
274 3605 354 3679 sort.
372 3603 549 3686 illarumque
566 3608 811 3686 compositionum
828 3605 939 3666 babere
960 3606 1105 3685 peritiam)
1130 3604 1237 3684 quibus
1260 3607 1385 3682 coguitis

105 3711 216 3770 trondna
233 3706 405 3770 sillabarum
422 3715 451 3768 et
466 3717 641 3770 accentuum
659 3709 726 3777 t⁸³e;
751 3709 835 3782 (fort.
853 3707 1022 3786 ceteraque)
1048 3715 1079 3768 ot
1100 3705 1220 3768 sedulus
1244 3705 1383 3785 (cedulus)

103 3808 187 3870 discat
202 3810 298 3871 donec
313 3809 350 3870 ad
366 3810 422 3871 lroc
438 3811 594 3890 perueniat
610 3818 641 3868 ut
655 3813 727 3871 sciat
744 3811 837 3871 uitare
854 3809 1070 3870 barbarismum
1083 3827 1150 3870 cum
1166 3810 1273 3870 ceteris
1289 3810 1383 3868 uiciis.

66 3919 209 3974 lunenses
232 3911 280 3972 Ex
304 3912 379 3972 biis
401 3921 485 3974 sunt
508 3913 576 3974 due
599 3947 639 3956 —
663 3930 793 3972 nomen
818 3921 853 3974 et
875 3911 1038 3975 uerbum.
1084 3909 1265 3989 Principales
1288 3921 1386 3989 partes

104 4015 201 4074 merito
224 4013 350 4076 dicende
374 4021 429 4076 etc.

178 4115 349 4192 desinitque
369 4114 402 4176 in
424 4117 501 4176 llaec
522 4118 615 4178 uerbo
633 4115 663 4190 f.
688 4114 760 4176 30⁶:
1208 4187 1211 4195 ¹

68 4219 387 4280 conmonuemus
409 4219 445 4278 in
469 4219 742 4279 interiectione
764 4203 860 4278 cert'i
876 4233 1045 4279 essenon
1069 4225 1225 4296 possunt
1246 4227 1284 4278 ut
1306 4219 1386 4278 lere

104 4317 134 4376 iu
160 4320 248 4380 aliis
277 4318 433 4381 uocibus
461 4338 550 4400 quas
577 4319 797 4382 inconditas
824 4321 1046 4384 inuenimus.
1095 4319 1128 4380 ln
1161 4320 1226 4381 aliis
1260 4319 1384 4400 trocibus

104 4417 121 4475 i·
141 4421 169 4480 in
192 4421 257 4482 aliis
279 4419 415 4502 partibus
436 4422 500 4482 siue
524 4421 704 4483 dictionibus
732 4439 754 4483 s.
785 4421 921 4482 barbaris
944 4429 973 4482 et
994 4423 1161 4502 peregrinis
1185 4441 1260 4501 quae
1282 4425 1385 4485 incon·

106 4519 158 4582 dite
178 4521 316 4584 dicuntur
338 4524 358 4583 i·
381 4525 567 4602 inconposite
589 4526 656 4602 quia
679 4522 798 4585 illorum
820 4523 939 4603 regulas
965 4523 1011 4584 uel
1035 4533 1175 4584 accentus
1196 4527 1384 4604 ignoramus:

107 4621 185 4684 ‘lere’
208 4635 304 4687 autem
328 4625 402 4686 dicit
423 4627 490 4705 quia
513 4642 638 4703 quorum
663 4627 801 4688 noticiam
824 4625 968 4688 babemus
991 4633 1023 4686 ut
1038 4627 1147 4688 cristus
1163 4628 1273 4700 scimus
1297 4645 1385 4705 quem

108 4735 249 4789 accentrrm
273 4726 411 4798 habeant,
435 4727 483 4790 uel
506 4727 608 4789 aliter:
639 4727 737 4790 nullus
765 4737 904 4789 accentus
933 4738 1032 4789 certus
1060 4711 1105 4788 est
1127 4729 1157 4789 in
1181 4731 1386 4790 interiectione

109 4835 136 4886 ut
155 4827 215 4888 iero
237 4830 266 4889 in
289 4827 353 4890 aliis
376 4829 500 4892 uocibus
522 4831 590 4911 quia
613 4849 747 4911 quaeque
770 4849 843 4911 gens
866 4850 932 4916 sups
957 4831 1045 4894 babet
1068 4833 1289 4894 interiectiones
1310 4851 1388 4914 quae
