3412 5452
245 308 315 356 CLII
794 293 986 344 PROBIANA.

246 503 317 546 non
349 501 386 543 sc
417 483 517 543 luxui
547 500 665 558 nautae
699 483 861 544 incrtiae
895 483 1206 562 corrumpendum
1235 483 1350 553 dedit,
1386 485 1464 554 sed,
1500 493 1545 545 ut

247 606 321 648 uros
349 586 472 664 geatis
499 583 606 644 iilius
634 593 703 652 cst,
733 584 892 646 iaculari
921 588 1096 664 auctitare
1127 605 1236 647 cursu
1266 577 1343 648 cura
1366 586 1540 666 aequali-

247 688 312 748 bus
341 694 504 755 certare,
537 693 571 746 et
603 705 680 746 cum
709 689 829 747 earnis
857 685 977 766 gloria
1009 689 1189 755 anteiret,
1223 688 1394 750 omnibus
1426 707 1544 751 carus

247 793 355 859 ussc',
379 806 434 866 pra
458 807 508 856 ea,
538 786 617 868 qtred
642 795 684 848 et:
714 791 758 848 ‘ut
786 808 850 850 mos
877 791 972 868 gentis
1001 789 1080 850 iiiios
1103 797 1156 858 est,
1184 790 1365 852 iaculabatar
1389 791 1544 872 equitabat

248 913 337 954 cursu
360 910 427 951 attat
457 888 629 970 aequalibus
658 889 808 960 certabat,
838 899 868 952 et
894 911 960 952 cunr
990 893 1085 952 omnis
1112 891 1205 971 gioria
1232 894 1371 962 anteiret,
1401 893 1579 972 carnibuss

249 1004 345 1055 tamea
369 1012 457 1054 carus
480 995 564 1054 crat.'

315 1169 330 1213 2
354 1163 457 1213 iaculari
485 1164 591 1224 erptitari
618 1164 731 1224 equitare
757 1179 860 1212 sursunt
887 1180 933 1211 cau
962 1165 1094 1226 equalibus
1121 1175 1215 1214 certare
1238 1175 1263 1214 et
1285 1183 1332 1215 cou
1356 1169 1439 1216 amuis
1457 1167 1544 1232 gioria

247 1233 338 1283 ιιιΤιιυι
406 1233 422 1282 5
440 1247 541 1280 ῡιιιιιιιιιι
560 1231 743 1293 coaequalibus
796 1241 820 1280 et
838 1247 886 1279 cau
906 1232 988 1280 oruuis
1008 1233 1088 1295 gloria
1108 1231 1197 1282 afferet

335 1405 424 1476 Quem
449 1404 543 1464 Probi
561 1405 656 1463 locum
680 1403 820 1463 Diomedi
835 1410 963 1478 praesto
980 1404 1093 1478 faisse,
1123 1423 1190 1465 cnm
1213 1423 1249 1464 ea
1269 1407 1434 1482 scribebat,
1462 1423 1548 1480 ariae

246 1529 277 1586 p.
303 1515 369 1577 31],
397 1515 415 1566 i
438 1523 499 1580 seq.
523 1508 563 1566 K.
585 1506 734 1580 loquutur,
759 1507 819 1564 iam
841 1507 911 1566 oiim
932 1515 1000 1565 erat
1021 1509 1210 1582 intellectum,
1234 1507 1276 1582 ef.
1296 1509 1425 1568 Keitium
1434 1507 1547 1584 praes.

246 1627 376 1688 pramm.
402 1610 464 1668 Lat.
490 1609 547 1668 aot.
571 1607 648 1668 IIII
661 1625 695 1683 p.
720 1606 823 1667 XXII
840 1616 869 1667 et
889 1609 1003 1668 sebolia
1027 1609 1193 1669 Bernensio
1217 1609 1325 1686 praes.
1346 1628 1378 1686 p.
1404 1617 1469 1686 727,
1495 1618 1546 1679 22,

250 1731 327 1791 quae
349 1711 468 1786 quidem
491 1712 636 1769 sententia
659 1711 837 1770 arabanticis
861 1711 952 1771 Probi
978 1713 1076 1772 uerbis
1102 1713 1230 1787 repertis
1257 1713 1365 1788 optime
1384 1715 1548 1784 firmatur:

249 1833 319 1877 nam
343 1814 512 1874 Diomedem
533 1814 681 1888 pleraque
702 1829 742 1872 ea
766 1813 861 1872 Probo
884 1815 968 1873 nulia
987 1811 1058 1884 fere
1079 1816 1328 1874 transmutatione
1345 1813 1437 1887 saeta
1458 1821 1546 1874 tran-

250 1920 406 1994 scripsisse
427 1916 522 1976 nidos.
569 1915 664 1989 Atque
686 1932 721 1974 eo
742 1917 809 1976 toea
818 1932 968 1991 perquam
984 1917 1242 1984 memorabilem,
1266 1919 1296 1974 ia
1313 1924 1381 1976 arte
1397 1917 1551 1977 tarnensi

146 2082 151 2093 ,
246 2021 435 2098 praecedere
458 2018 674 2078 Geminiani
693 2020 791 2078 iocum
810 2035 842 2094 p.
871 2024 936 2092 774,
964 2025 1001 2076 25
1024 2019 1170 2078 Charisii:
1193 2016 1255 2077 iioc
1278 2017 1441 2086 scietutuar,
1464 2018 1548 2098 ιμιοιΙ

254 2129 371 2183 steteras
393 2120 570 2181 inituitiuum
595 2117 672 2198 (-iuc
695 2120 771 2198 eod.)
801 2138 855 2199 pro
883 2119 1042 2179 indicatiuo
1071 2119 1242 2198 imperfecta
1272 2119 1336 2198 (pra
1366 2121 1549 2182 iudicatione

252 2221 404 2304 impersb),
428 2228 459 2281 at
483 2221 725 2282 Comiaianus
748 2220 831 2282 dicit:
857 2221 1025 2281 ‘Praeterea
1047 2219 1199 2282 dicebatur
1217 2257 1253 2264 —
1273 2225 1411 2300 cognosci
1426 2227 1548 2303 putcst’,

253 2335 345 2402 atque
366 2327 451 2400 sequi
470 2325 601 2384 eiusdem
624 2325 794 2384 Geminiani
813 2329 1006 2399 excerptam:

339 2427 397 2488 Cur
426 2425 594 2485 inueniurus
623 2443 711 2506 saepe
740 2426 769 2484 in
800 2425 948 2484 historicis
975 2423 1059 2485 libris
1086 2425 1201 2505 passiua
1230 2427 1371 2487 infinitiua
1397 2427 1424 2486 ia
1448 2445 1489 2494 er,
1514 2436 1552 2486 ut.

256 2531 373 2608 ‘legier’
397 2528 571 2605 ‘mergier'i
615 2525 693 2596 iiico,
718 2527 795 2606 quad
819 2527 917 2587 carnia
940 2527 1086 2588 infinitiua
1109 2529 1234 2607 passius,
1258 2548 1333 2608 quac
1358 2527 1444 2606 (qttod
1466 2531 1550 2606 cod.)

256 2633 333 2714 apud
357 2651 411 2692 nos
433 2629 521 2691 hodie
543 2631 572 2689 ia
596 2631 605 2688 i
628 2629 766 2691 desinunt
789 2630 878 2706 (diss-
900 2628 989 2708 eod),
1014 2627 1091 2709 apud
1108 2639 1225 2691 ueteres
1248 2631 1276 2690 iu
1301 2649 1333 2690 er
1350 2630 1549 2690 torruiuabau-

256 2747 314 2804 tur,
339 2740 370 2794 ut
393 2732 633 2794 Comiaiauus
657 2732 743 2793 dicit:
765 2731 813 2792 ‘Vt
828 2741 924 2791 autent
940 2767 982 2773 --
998 2730 1055 2809 legi
1071 2731 1178 2792 audiri'
1196 2761 1237 2782 =
1254 2734 1369 2793 Charis.
1381 2751 1415 2808 p.
1436 2739 1499 2806 175,
1522 2741 1549 2791 2.

340 2837 419 2896 Huic
441 2836 556 2895 addam
579 2837 671 2895 atium
693 2835 787 2896 Probi
806 2837 903 2895 locum
925 2851 965 2893 aa
987 2837 1096 2894 artium
1119 2837 1264 2896 institutis
1285 2843 1474 2912 excerptum,
1498 2839 1556 2910 qni

256 2941 322 3000 cod.
350 2945 404 2996 123
421 2937 452 3010 s.
478 2933 510 2994 2ὁ
531 2943 618 2996 extat
639 2939 738 2997 mediis
766 2938 932 2997 nominibus
961 2939 1042 2997 edito
1063 2939 1239 3005 correctior,
1262 2947 1294 2997 nt
1316 2939 1464 3012 intepram
1486 2940 1553 2998 eins

256 3045 442 3118 scripturam
462 3055 635 3116 proponere
655 3056 715 3099 aaa
738 3040 911 3112 dubitarim,
931 3057 966 3116 p.
991 3045 1037 3107 ao,
1063 3045 1098 3098 to
1120 3041 1166 3099 K:
1204 3091 1206 3096 .

344 3143 417 3202 item
442 3139 602 3201 Probus:
627 3140 744 3201 uocales
767 3147 836 3200 suat
858 3138 954 3200 littere
978 3157 1101 3201 numero
1125 3161 1142 3200 ιι
1166 3160 1220 3220 pru
1243 3161 1274 3200 se
1298 3141 1487 3220 proteruntur
1512 3140 1549 3199 11

258 3267 272 3306 a
294 3243 438 3306 rracaiutie
461 3262 515 3304 suc
539 3249 570 3302 ut
592 3251 662 3322 pute
681 3240 719 3303 13
741 3243 903 3303 misceatur
927 3241 1069 3302 eibeiatur
1093 3250 1125 3302 ut
1148 3242 1245 3323 [pum]
1270 3263 1318 3303 aa.
1333 3291 1340 3303 .
1355 3245 1439 3303 ,uio
1463 3243 1490 3302 iu
1514 3263 1551 3301 aa

262 3368 299 3408 ue
323 3367 359 3408 ae
381 3364 417 3406 au
441 3346 471 3404 ui
494 3352 524 3404 ct
546 3352 645 3406 cetera
692 3341 731 3404 14
754 3363 855 3406 earum
879 3344 955 3420 istest
978 3343 1123 3404 uacaiiuar
1149 3353 1217 3404 tuac
1240 3345 1328 3424 (quae
1349 3348 1447 3407 media
1469 3353 1549 3418 sunt,

259 3453 326 3512 eod.
350 3451 455 3526 omisit)
508 3443 547 3508 15
571 3455 602 3506 ut
625 3448 696 3506 iuua
719 3446 824 3524 uulgus
846 3445 895 3506 uel
918 3446 1036 3523 quando
1089 3444 1127 3507 16
1150 3445 1303 3507 uocalibus
1325 3465 1382 3507 am.
1427 3448 1552 3524 iungan-

262 3561 310 3613 tur
334 3561 365 3611 ut
387 3551 464 3612 uatis
486 3545 624 3626 trocheis
654 3546 693 3610 18
715 3551 793 3608 inter
816 3567 848 3609 se
865 3547 983 3609 uocales
999 3551 1092 3628 accipi
1107 3547 1235 3609 debeant
1284 3545 1320 3608 19
1342 3547 1480 3618 Oueritur
1496 3548 1554 3607 bac

264 3671 419 3715 incitemus
462 3649 504 3711 20
525 3653 668 3731 praeponi
692 3649 846 3712 subiuncta
869 3660 898 3710 et
920 3652 983 3731 ipse
1004 3650 1123 3712 uocales
1145 3650 1284 3712 uidentur
1307 3659 1338 3711 ut
1361 3659 1429 3732 pute
1451 3651 1554 3711 iuncto

263 3757 330 3816 ioco
360 3755 551 3815 consonantis
580 3762 610 3813 et
638 3772 713 3814 ιι...
743 3751 809 3813 ioca
838 3753 950 3815 uocalis
978 3755 1120 3832 accipitur
1150 3763 1181 3814 ut
1205 3753 1266 3814 itui.
1313 3753 1385 3812 item
1408 3753 1459 3812 hui
1482 3761 1554 3812 tuac

267 3859 368 3935 rititptc
396 3875 475 3917 nuuc
505 3874 522 3915 ιι
533 3901 729 3916 ..........
764 3856 998 3917 consideratur·
1021 3857 1063 3915 sic
1097 3862 1141 3915 est
1174 3858 1253 3915 iuxta
1288 3862 1402 3915 ceteras
1434 3853 1554 3914 uocales

264 3960 336 4020 aiias
359 3961 368 4017 i
391 3965 421 4019 et
443 3977 460 4017 u
484 3957 517 4016 iit
525 4003 658 4018 .......
686 3963 910 4037 praeponuntur
939 3965 972 4017 ut
993 3958 1023 4017 ui
1045 3959 1269 4018 consonantium
1294 3956 1399 4017 haberi
1421 3955 1552 4016 iudicau-

263 4074 312 4122 tur
336 4063 359 4122 si
383 4079 455 4120 uera
478 4059 610 4120 subiecta
638 4101 794 4121 ........
802 4078 837 4119 cc
860 4060 1020 4138 finguntur.

832 4294 914 4360 Cae.
937 4293 983 4360 ΙΙ.

287 4431 346 4506 1111Ι
366 4430 497 4496 Pactu
520 4429 736 4494 NOTAaVM
760 4429 918 4496 OODIOE
943 4429 1164 4496 BERNENSI
1187 4429 1539 4496 MAROANOVANO.

350 4589 490 4648 Codicum
515 4590 770 4649 atlarcnnoaanae
790 4591 941 4666 spitapae,
965 4595 1109 4663 quotquot
1130 4593 1253 4662 extant,
1278 4591 1407 4648 omnium
1428 4596 1457 4647 et
1478 4592 1556 4648 anii-

266 4693 435 4764 quissimam
467 4700 497 4748 et
530 4695 672 4765 optimum
705 4709 767 4751 esse
795 4691 977 4752 bonnensem
1001 4691 1029 4748 B
1053 4697 1092 4748 42
1120 4707 1187 4750 cum
1217 4691 1401 4750 Mommsena
1432 4701 1558 4750 auctora

268 4794 398 4851 Grarrrm.
417 4793 483 4852 Lat.
502 4795 551 4852 IV
563 4809 596 4868 p.
615 4799 679 4852 iet.
701 4799 756 4850 eto
778 4797 855 4852 iuter
871 4797 954 4853 uiros
976 4793 1079 4852 doctas
1100 4800 1227 4866 comici,
1252 4809 1310 4852 non
1334 4795 1439 4852 inatile
1460 4795 1557 4852 uisum
1614 4857 1616 4862 ,
