<?xml version="1.0" encoding="UTF-8"?>
<!DOCTYPE html PUBLIC "-//W3C//DTD XHTML 1.0 Transitional//EN"
    "http://www.w3.org/TR/xhtml1/DTD/xhtml1-transitional.dtd">
<html xmlns="http://www.w3.org/1999/xhtml" xml:lang="en" lang="en">
 <head>
  <title>
</title>
<meta http-equiv="Content-Type" content="text/html;charset=utf-8" />
  <meta name='ocr-system' content='tesseract 3.04.00' />
  <meta name='ocr-capabilities' content='ocr_page ocr_carea ocr_par ocr_line ocrx_word'/>
</head>
<body>
  <div class='ocr_page' id='page_1' title='image "./grammaticilatin00hagagoog_0503.png"; bbox 0 0 3394 5448; ppageno 0'>
   <div class='ocr_carea' id='block_1_1' title="bbox 501 317 1396 436">
    <p class='ocr_par' dir='ltr' id='par_1_1' title="bbox 501 317 1396 436">
     <span class='ocr_line' id='line_1_1' title="bbox 501 317 1396 436; baseline 0.012 -11"><span class='ocrx_word' id='word_1_1' title='bbox 501 375 539 426; x_wconf 84' lang='lat' dir='ltr'><strong>m</strong></span> <span class='ocrx_word' id='word_1_2' title='bbox 558 373 642 428; x_wconf 87' lang='lat' dir='ltr'><strong>non.</strong></span> <span class='ocrx_word' id='word_1_3' title='bbox 662 317 789 424; x_wconf 69' lang='lat' dir='ltr'><strong>luiba</strong></span> <span class='ocrx_word' id='word_1_4' title='bbox 807 372 986 424; x_wconf 80' lang='lat' dir='ltr'><strong>unionum.</strong></span> <span class='ocrx_word' id='word_1_5' title='bbox 1335 371 1396 436; x_wconf 84' lang='lat'><strong>241</strong></span> 
     </span>
    </p>
   </div>
   <div class='ocr_carea' id='block_1_2' title="bbox 56 559 1502 4000">
    <p class='ocr_par' dir='ltr' id='par_1_2' title="bbox 56 559 1502 4000">
     <span class='ocr_line' id='line_1_2' title="bbox 67 559 1399 625; baseline -0.002 -1"><span class='ocrx_word' id='word_1_6' title='bbox 67 559 71 565; x_wconf 80' lang='grc'><strong>’</strong></span> <span class='ocrx_word' id='word_1_7' title='bbox 97 563 226 624; x_wconf 84' lang='lat' dir='ltr'><strong>Manes</strong></span> <span class='ocrx_word' id='word_1_8' title='bbox 249 562 389 624; x_wconf 89' lang='lat' dir='ltr'><strong>dicuntur</strong></span> <span class='ocrx_word' id='word_1_9' title='bbox 411 564 527 624; x_wconf 89' lang='lat' dir='ltr'><strong>animae</strong></span> <span class='ocrx_word' id='word_1_10' title='bbox 549 572 737 625; x_wconf 86' lang='lat' dir='ltr'><strong>mortuorum</strong></span> <span class='ocrx_word' id='word_1_11' title='bbox 760 561 809 624; x_wconf 92' lang='lat' dir='ltr'><strong>uel</strong></span> <span class='ocrx_word' id='word_1_12' title='bbox 832 563 872 623; x_wconf 91' lang='lat' dir='ltr'><strong>dii</strong></span> <span class='ocrx_word' id='word_1_13' title='bbox 894 561 1071 625; x_wconf 79' lang='lat' dir='ltr'><strong>infernales:</strong></span> <span class='ocrx_word' id='word_1_14' title='bbox 1096 564 1243 624; x_wconf 73' lang='lat' dir='ltr'><strong>‘manum’</strong></span> <span class='ocrx_word' id='word_1_15' title='bbox 1259 559 1399 622; x_wconf 89' lang='lat' dir='ltr'><strong>dicebant</strong></span> 
     </span>
     <span class='ocr_line' id='line_1_3' title="bbox 99 663 1399 745; baseline -0.002 -20"><span class='ocrx_word' id='word_1_16' title='bbox 99 666 218 744; x_wconf 80' lang='lat' dir='ltr'>antiqui</span> <span class='ocrx_word' id='word_1_17' title='bbox 241 663 367 734; x_wconf 92' lang='lat' dir='ltr'><strong>bonurn,</strong></span> <span class='ocrx_word' id='word_1_18' title='bbox 391 665 460 726; x_wconf 91' lang='lat' dir='ltr'><strong>inde</strong></span> <span class='ocrx_word' id='word_1_19' title='bbox 483 665 594 727; x_wconf 82' lang='lat' dir='ltr'><strong>‘mane’</strong></span> <span class='ocrx_word' id='word_1_20' title='bbox 617 668 712 745; x_wconf 90' lang='lat' dir='ltr'><strong>prima</strong></span> <span class='ocrx_word' id='word_1_21' title='bbox 735 685 804 745; x_wconf 88' lang='lat' dir='ltr'><strong>pars</strong></span> <span class='ocrx_word' id='word_1_22' title='bbox 826 666 901 736; x_wconf 89' lang='lat' dir='ltr'><strong>diei,</strong></span> <span class='ocrx_word' id='word_1_23' title='bbox 924 665 994 726; x_wconf 89' lang='lat' dir='ltr'><strong>binc</strong></span> <span class='ocrx_word' id='word_1_24' title='bbox 1017 666 1105 725; x_wconf 89' lang='lat' dir='ltr'><strong>etiam</strong></span> <span class='ocrx_word' id='word_1_25' title='bbox 1127 682 1182 744; x_wconf 91' lang='lat' dir='ltr'><strong>per</strong></span> <span class='ocrx_word' id='word_1_26' title='bbox 1196 663 1399 724; x_wconf 86' lang='lat' dir='ltr'><strong>catantilrasin</strong></span> 
     </span>
     <span class='ocr_line' id='line_1_4' title="bbox 99 764 1400 847; baseline -0.002 -20"><span class='ocrx_word' id='word_1_27' title='bbox 99 769 122 826; x_wconf 92' lang='lat' dir='ltr'><strong>i·</strong></span> <span class='ocrx_word' id='word_1_28' title='bbox 146 768 407 846; x_wconf 87' lang='lat' dir='ltr'><strong>percontrarium</strong></span> <span class='ocrx_word' id='word_1_29' title='bbox 431 768 568 828; x_wconf 78' lang='lat' dir='ltr'><strong>‘manes’</strong></span> <span class='ocrx_word' id='word_1_30' title='bbox 593 767 740 837; x_wconf 86' lang='lat' dir='ltr'><strong>dicuntur,</strong></span> <span class='ocrx_word' id='word_1_31' title='bbox 771 786 806 828; x_wconf 90' lang='lat' dir='ltr'><strong>eo</strong></span> <span class='ocrx_word' id='word_1_32' title='bbox 829 766 907 847; x_wconf 91' lang='lat' dir='ltr'><strong>quod</strong></span> <span class='ocrx_word' id='word_1_33' title='bbox 932 783 991 828; x_wconf 91' lang='lat' dir='ltr'><strong>non</strong></span> <span class='ocrx_word' id='word_1_34' title='bbox 1013 774 1082 827; x_wconf 90' lang='lat' dir='ltr'><strong>sunt</strong></span> <span class='ocrx_word' id='word_1_35' title='bbox 1103 765 1184 826; x_wconf 88' lang='lat' dir='ltr'><strong>boni.</strong></span> <span class='ocrx_word' id='word_1_36' title='bbox 1229 764 1400 836; x_wconf 81' lang='lat' dir='ltr'><strong>Quirites</strong></span> 
     </span>
     <span class='ocr_line' id='line_1_5' title="bbox 98 867 1399 947; baseline -0.001 -19"><span class='ocrx_word' id='word_1_37' title='bbox 98 869 243 930; x_wconf 89' lang='lat' dir='ltr'><strong>dicuntur</strong></span> <span class='ocrx_word' id='word_1_38' title='bbox 266 870 429 930; x_wconf 86' lang='lat' dir='ltr'><strong>Romania</strong></span> <span class='ocrx_word' id='word_1_39' title='bbox 452 868 577 939; x_wconf 88' lang='lat' dir='ltr'><strong>Quirino</strong></span> <span class='ocrx_word' id='word_1_40' title='bbox 599 870 619 928; x_wconf 89' lang='lat' dir='ltr'><strong>i·</strong></span> <span class='ocrx_word' id='word_1_41' title='bbox 642 888 657 930; x_wconf 90' lang='lat' dir='ltr'><strong>a</strong></span> <span class='ocrx_word' id='word_1_42' title='bbox 683 869 823 937; x_wconf 85' lang='lat' dir='ltr'><strong>llomolo,</strong></span> <span class='ocrx_word' id='word_1_43' title='bbox 854 871 904 945; x_wconf 87' lang='lat' dir='ltr'><strong>qui</strong></span> <span class='ocrx_word' id='word_1_44' title='bbox 928 875 957 928; x_wconf 88' lang='lat' dir='ltr'><strong>et</strong></span> <span class='ocrx_word' id='word_1_45' title='bbox 978 869 1043 947; x_wconf 86' lang='lat' dir='ltr'><strong>ipse</strong></span> <span class='ocrx_word' id='word_1_46' title='bbox 1071 867 1179 928; x_wconf 91' lang='lat' dir='ltr'><strong>dicitnr</strong></span> <span class='ocrx_word' id='word_1_47' title='bbox 1201 885 1217 928; x_wconf 89' lang='lat' dir='ltr'><strong>a</strong></span> <span class='ocrx_word' id='word_1_48' title='bbox 1241 869 1355 947; x_wconf 82' lang='lat' dir='ltr'><strong>‘quiri&#39;</strong></span> <span class='ocrx_word' id='word_1_49' title='bbox 1378 868 1399 927; x_wconf 88' lang='lat' dir='ltr'><strong>i·</strong></span> 
     </span>
     <span class='ocr_line' id='line_1_6' title="bbox 66 968 1400 1051; baseline 0.003 -26"><span class='ocrx_word' id='word_1_50' title='bbox 66 971 204 1041; x_wconf 73' lang='lat' dir='ltr'><strong>olrasta,</strong></span> <span class='ocrx_word' id='word_1_51' title='bbox 234 989 322 1051; x_wconf 88' lang='lat' dir='ltr'><strong>quam</strong></span> <span class='ocrx_word' id='word_1_52' title='bbox 346 987 465 1048; x_wconf 81' lang='lat' dir='ltr'><strong>semper</strong></span> <span class='ocrx_word' id='word_1_53' title='bbox 487 971 517 1031; x_wconf 94' lang='lat' dir='ltr'><strong>in</strong></span> <span class='ocrx_word' id='word_1_54' title='bbox 540 989 629 1032; x_wconf 90' lang='lat' dir='ltr'><strong>manu</strong></span> <span class='ocrx_word' id='word_1_55' title='bbox 659 971 810 1050; x_wconf 78' lang='lat' dir='ltr'><strong>portabat:</strong></span> <span class='ocrx_word' id='word_1_56' title='bbox 840 972 969 1048; x_wconf 80' lang='lat' dir='ltr'><strong>‘qrriris’</strong></span> <span class='ocrx_word' id='word_1_57' title='bbox 994 971 1072 1030; x_wconf 87' lang='lat' dir='ltr'><strong>enim</strong></span> <span class='ocrx_word' id='word_1_58' title='bbox 1101 968 1200 1048; x_wconf 88' lang='lat' dir='ltr'><strong>lingua</strong></span> <span class='ocrx_word' id='word_1_59' title='bbox 1222 969 1400 1030; x_wconf 87' lang='lat' dir='ltr'><strong>Sabinorum</strong></span> 
     </span>
     <span class='ocr_line' id='line_1_7' title="bbox 97 1070 1399 1151; baseline 0.001 -20"><span class='ocrx_word' id='word_1_60' title='bbox 97 1071 186 1133; x_wconf 89' lang='lat' dir='ltr'><strong>hasta</strong></span> <span class='ocrx_word' id='word_1_61' title='bbox 209 1081 343 1134; x_wconf 87' lang='lat' dir='ltr'><strong>uocatur.</strong></span> <span class='ocrx_word' id='word_1_62' title='bbox 388 1072 459 1132; x_wconf 82' lang='lat' dir='ltr'><strong>Pax</strong></span> <span class='ocrx_word' id='word_1_63' title='bbox 488 1070 680 1151; x_wconf 78' lang='lat' dir='ltr'><strong>singulariter</strong></span> <span class='ocrx_word' id='word_1_64' title='bbox 708 1071 881 1134; x_wconf 90' lang='lat' dir='ltr'><strong>declinatur.</strong></span> <span class='ocrx_word' id='word_1_65' title='bbox 927 1072 1000 1133; x_wconf 90' lang='lat' dir='ltr'><strong>Nam</strong></span> <span class='ocrx_word' id='word_1_66' title='bbox 1025 1074 1049 1132; x_wconf 91' lang='lat' dir='ltr'><strong>si</strong></span> <span class='ocrx_word' id='word_1_67' title='bbox 1073 1071 1217 1132; x_wconf 88' lang='lat' dir='ltr'><strong>diuiditur</strong></span> <span class='ocrx_word' id='word_1_68' title='bbox 1239 1090 1311 1151; x_wconf 82' lang='lat' dir='ltr'><strong>pan,</strong></span> <span class='ocrx_word' id='word_1_69' title='bbox 1341 1070 1399 1132; x_wconf 91' lang='lat' dir='ltr'><strong>dis·</strong></span> 
     </span>
     <span class='ocr_line' id='line_1_8' title="bbox 98 1167 1398 1252; baseline -0.001 -18"><span class='ocrx_word' id='word_1_70' title='bbox 98 1173 204 1235; x_wconf 90' lang='lat' dir='ltr'><strong>cordia</strong></span> <span class='ocrx_word' id='word_1_71' title='bbox 227 1177 294 1236; x_wconf 89' lang='lat' dir='ltr'><strong>erit.</strong></span> <span class='ocrx_word' id='word_1_72' title='bbox 339 1173 413 1236; x_wconf 88' lang='lat' dir='ltr'><strong>Lux</strong></span> <span class='ocrx_word' id='word_1_73' title='bbox 436 1173 582 1244; x_wconf 90' lang='lat' dir='ltr'><strong>similiter,</strong></span> <span class='ocrx_word' id='word_1_74' title='bbox 600 1193 667 1236; x_wconf 90' lang='lat' dir='ltr'><strong>nam</strong></span> <span class='ocrx_word' id='word_1_75' title='bbox 690 1177 716 1236; x_wconf 89' lang='lat' dir='ltr'><strong>si</strong></span> <span class='ocrx_word' id='word_1_76' title='bbox 738 1174 897 1244; x_wconf 90' lang='lat' dir='ltr'><strong>diuidatur‚</strong></span> <span class='ocrx_word' id='word_1_77' title='bbox 922 1174 1064 1235; x_wconf 79' lang='lat' dir='ltr'><strong>tenebrae</strong></span> <span class='ocrx_word' id='word_1_78' title='bbox 1087 1167 1204 1252; x_wconf 80' lang='lat' dir='ltr'><strong>semper</strong></span> <span class='ocrx_word' id='word_1_79' title='bbox 1228 1172 1398 1236; x_wconf 85' lang='lat' dir='ltr'><strong>manebunt</strong></span> 
     </span>
     <span class='ocr_line' id='line_1_9' title="bbox 97 1274 1502 1356; baseline -0.003 -20"><span class='ocrx_word' id='word_1_80' title='bbox 97 1275 167 1336; x_wconf 82' lang='lat' dir='ltr'><strong>Lux</strong></span> <span class='ocrx_word' id='word_1_81' title='bbox 191 1274 336 1337; x_wconf 85' lang='lat' dir='ltr'><strong>dicituro</strong></span> <span class='ocrx_word' id='word_1_82' title='bbox 360 1275 484 1345; x_wconf 87' lang='lat' dir='ltr'><strong>luendo,</strong></span> <span class='ocrx_word' id='word_1_83' title='bbox 509 1277 529 1337; x_wconf 92' lang='lat' dir='ltr'><strong>i·</strong></span> <span class='ocrx_word' id='word_1_84' title='bbox 553 1295 569 1338; x_wconf 89' lang='lat' dir='ltr'><strong>a</strong></span> <span class='ocrx_word' id='word_1_85' title='bbox 591 1276 762 1355; x_wconf 88' lang='lat' dir='ltr'><strong>purgando,</strong></span> <span class='ocrx_word' id='word_1_86' title='bbox 787 1294 822 1337; x_wconf 90' lang='lat' dir='ltr'><strong>eo</strong></span> <span class='ocrx_word' id='word_1_87' title='bbox 844 1276 923 1356; x_wconf 86' lang='lat' dir='ltr'><strong>quod</strong></span> <span class='ocrx_word' id='word_1_88' title='bbox 946 1282 1053 1356; x_wconf 87' lang='lat' dir='ltr'><strong>purgat</strong></span> <span class='ocrx_word' id='word_1_89' title='bbox 1074 1275 1223 1337; x_wconf 88' lang='lat' dir='ltr'><strong>tenebras.</strong></span> <span class='ocrx_word' id='word_1_90' title='bbox 1271 1274 1399 1336; x_wconf 88' lang='lat' dir='ltr'><strong>llalen·</strong></span> <span class='ocrx_word' id='word_1_91' title='bbox 1414 1293 1463 1342; x_wconf 76' lang='lat' dir='ltr'><strong>aaa,</strong></span> <span class='ocrx_word' id='word_1_92' title='bbox 1478 1294 1502 1332; x_wconf 81' lang='lat' dir='ltr'><strong>er</strong></span> 
     </span>
     <span class='ocr_line' id='line_1_10' title="bbox 99 1377 1400 1457; baseline 0.002 -21"><span class='ocrx_word' id='word_1_93' title='bbox 99 1377 170 1436; x_wconf 89' lang='lat' dir='ltr'><strong>dae</strong></span> <span class='ocrx_word' id='word_1_94' title='bbox 193 1377 332 1439; x_wconf 87' lang='lat' dir='ltr'><strong>dicuntur·</strong></span> <span class='ocrx_word' id='word_1_95' title='bbox 360 1377 515 1457; x_wconf 79' lang='lat' dir='ltr'><strong>pluraliter</strong></span> <span class='ocrx_word' id='word_1_96' title='bbox 537 1398 553 1440; x_wconf 91' lang='lat' dir='ltr'><strong>a</strong></span> <span class='ocrx_word' id='word_1_97' title='bbox 577 1379 681 1440; x_wconf 76' lang='lat' dir='ltr'><strong>‘kalo&#39;</strong></span> <span class='ocrx_word' id='word_1_98' title='bbox 704 1380 724 1437; x_wconf 93' lang='lat' dir='ltr'><strong>i·</strong></span> <span class='ocrx_word' id='word_1_99' title='bbox 750 1396 834 1440; x_wconf 91' lang='lat' dir='ltr'><strong>uoco.</strong></span> <span class='ocrx_word' id='word_1_100' title='bbox 879 1378 953 1439; x_wconf 88' lang='lat' dir='ltr'><strong>Nam</strong></span> <span class='ocrx_word' id='word_1_101' title='bbox 982 1378 1121 1438; x_wconf 87' lang='lat' dir='ltr'><strong>sacerdos</strong></span> <span class='ocrx_word' id='word_1_102' title='bbox 1149 1377 1260 1439; x_wconf 87' lang='lat' dir='ltr'><strong>Romae</strong></span> <span class='ocrx_word' id='word_1_103' title='bbox 1283 1378 1400 1456; x_wconf 86' lang='lat' dir='ltr'><strong>Capito·</strong></span> 
     </span>
     <span class='ocr_line' id='line_1_11' title="bbox 56 1475 1401 1560; baseline 0.006 -26"><span class='ocrx_word' id='word_1_104' title='bbox 56 1477 176 1538; x_wconf 73' lang='lat' dir='ltr'><strong>solium</strong></span> <span class='ocrx_word' id='word_1_105' title='bbox 202 1475 323 1560; x_wconf 69' lang='lat' dir='ltr'><strong>1l163il</strong></span> <span class='ocrx_word' id='word_1_106' title='bbox 348 1479 511 1541; x_wconf 85' lang='lat' dir='ltr'><strong>ascendens</strong></span> <span class='ocrx_word' id='word_1_107' title='bbox 534 1489 577 1541; x_wconf 93' lang='lat' dir='ltr'><strong>tot</strong></span> <span class='ocrx_word' id='word_1_108' title='bbox 600 1480 714 1542; x_wconf 90' lang='lat' dir='ltr'><strong>uicibus</strong></span> <span class='ocrx_word' id='word_1_109' title='bbox 743 1479 903 1554; x_wconf 83' lang='lat' dir='ltr'><strong>clamabat,</strong></span> <span class='ocrx_word' id='word_1_110' title='bbox 932 1487 1004 1559; x_wconf 90' lang='lat' dir='ltr'><strong>quot</strong></span> <span class='ocrx_word' id='word_1_111' title='bbox 1033 1479 1097 1541; x_wconf 88' lang='lat' dir='ltr'><strong>dies</strong></span> <span class='ocrx_word' id='word_1_112' title='bbox 1126 1479 1277 1542; x_wconf 87' lang='lat' dir='ltr'><strong>restabant</strong></span> <span class='ocrx_word' id='word_1_113' title='bbox 1307 1497 1401 1558; x_wconf 90' lang='lat' dir='ltr'><strong>usque</strong></span> 
     </span>
     <span class='ocr_line' id='line_1_12' title="bbox 98 1579 1401 1662; baseline 0.002 -24"><span class='ocrx_word' id='word_1_114' title='bbox 98 1579 139 1639; x_wconf 88' lang='lat' dir='ltr'><strong>ad</strong></span> <span class='ocrx_word' id='word_1_115' title='bbox 167 1579 233 1640; x_wconf 90' lang='lat' dir='ltr'><strong>idus</strong></span> <span class='ocrx_word' id='word_1_116' title='bbox 260 1583 281 1641; x_wconf 91' lang='lat' dir='ltr'><strong>i·</strong></span> <span class='ocrx_word' id='word_1_117' title='bbox 312 1580 488 1644; x_wconf 87' lang='lat' dir='ltr'><strong>diuisionem</strong></span> <span class='ocrx_word' id='word_1_118' title='bbox 518 1584 645 1653; x_wconf 90' lang='lat' dir='ltr'><strong>mensis,</strong></span> <span class='ocrx_word' id='word_1_119' title='bbox 675 1591 704 1644; x_wconf 90' lang='lat' dir='ltr'><strong>et</strong></span> <span class='ocrx_word' id='word_1_120' title='bbox 731 1581 861 1645; x_wconf 89' lang='lat' dir='ltr'><strong>dicebat:</strong></span> <span class='ocrx_word' id='word_1_121' title='bbox 903 1581 987 1642; x_wconf 75' lang='lat' dir='ltr'><strong>‘kalo</strong></span> <span class='ocrx_word' id='word_1_122' title='bbox 1016 1580 1116 1642; x_wconf 84' lang='lat' dir='ltr'><strong>balo&#39;:</strong></span> <span class='ocrx_word' id='word_1_123' title='bbox 1151 1582 1217 1642; x_wconf 87' lang='lat' dir='ltr'><strong>ideo</strong></span> <span class='ocrx_word' id='word_1_124' title='bbox 1248 1579 1401 1662; x_wconf 89' lang='lat' dir='ltr'><strong>pluraliter</strong></span> 
     </span>
     <span class='ocr_line' id='line_1_13' title="bbox 99 1678 1400 1746; baseline 0.003 -6"><span class='ocrx_word' id='word_1_125' title='bbox 99 1678 301 1743; x_wconf 85' lang='lat' dir='ltr'><strong>declinantur.</strong></span> <span class='ocrx_word' id='word_1_126' title='bbox 347 1683 541 1746; x_wconf 89' lang='lat' dir='ltr'><strong>Nundinae</strong></span> <span class='ocrx_word' id='word_1_127' title='bbox 570 1684 711 1745; x_wconf 88' lang='lat' dir='ltr'><strong>dicontur</strong></span> <span class='ocrx_word' id='word_1_128' title='bbox 734 1685 930 1744; x_wconf 85' lang='lat' dir='ltr'><strong>mercationes</strong></span> <span class='ocrx_word' id='word_1_129' title='bbox 953 1702 968 1744; x_wconf 91' lang='lat' dir='ltr'><strong>a</strong></span> <span class='ocrx_word' id='word_1_130' title='bbox 991 1683 1085 1744; x_wconf 86' lang='lat' dir='ltr'><strong>uerbo</strong></span> <span class='ocrx_word' id='word_1_131' title='bbox 1107 1684 1271 1744; x_wconf 76' lang='lat' dir='ltr'><strong>‘nundinor</strong></span> <span class='ocrx_word' id='word_1_132' title='bbox 1293 1683 1400 1744; x_wconf 91' lang='lat' dir='ltr'><strong>nundi-</strong></span> 
     </span>
     <span class='ocr_line' id='line_1_14' title="bbox 100 1783 1400 1866; baseline 0.002 -24"><span class='ocrx_word' id='word_1_133' title='bbox 100 1785 196 1844; x_wconf 88' lang='lat' dir='ltr'><strong>naris&#39;</strong></span> <span class='ocrx_word' id='word_1_134' title='bbox 219 1785 238 1842; x_wconf 92' lang='lat' dir='ltr'><strong>i·</strong></span> <span class='ocrx_word' id='word_1_135' title='bbox 262 1801 379 1845; x_wconf 86' lang='lat' dir='ltr'><strong>mercor</strong></span> <span class='ocrx_word' id='word_1_136' title='bbox 409 1788 564 1855; x_wconf 75' lang='lat' dir='ltr'><strong>mercariS,</strong></span> <span class='ocrx_word' id='word_1_137' title='bbox 598 1794 626 1847; x_wconf 87' lang='lat' dir='ltr'><strong>et</strong></span> <span class='ocrx_word' id='word_1_138' title='bbox 657 1788 724 1866; x_wconf 91' lang='lat' dir='ltr'><strong>quia</strong></span> <span class='ocrx_word' id='word_1_139' title='bbox 756 1783 892 1866; x_wconf 90' lang='lat' dir='ltr'><strong>pluribus</strong></span> <span class='ocrx_word' id='word_1_140' title='bbox 926 1785 1031 1846; x_wconf 89' lang='lat' dir='ltr'><strong>diebus</strong></span> <span class='ocrx_word' id='word_1_141' title='bbox 1064 1783 1304 1854; x_wconf 86' lang='lat' dir='ltr'><strong>celebrabantur,</strong></span> <span class='ocrx_word' id='word_1_142' title='bbox 1333 1785 1400 1846; x_wconf 90' lang='lat' dir='ltr'><strong>ideo</strong></span> 
     </span>
     <span class='ocr_line' id='line_1_15' title="bbox 99 1884 1399 1967; baseline 0.001 -22"><span class='ocrx_word' id='word_1_143' title='bbox 99 1903 223 1966; x_wconf 85' lang='lat' dir='ltr'><strong>semper</strong></span> <span class='ocrx_word' id='word_1_144' title='bbox 250 1884 405 1965; x_wconf 86' lang='lat' dir='ltr'><strong>pluraliter</strong></span> <span class='ocrx_word' id='word_1_145' title='bbox 433 1887 606 1952; x_wconf 87' lang='lat' dir='ltr'><strong>elleruntur.</strong></span> <span class='ocrx_word' id='word_1_146' title='bbox 657 1887 791 1948; x_wconf 86' lang='lat' dir='ltr'><strong>Feriae</strong></span> <span class='ocrx_word' id='word_1_147' title='bbox 825 1887 963 1948; x_wconf 90' lang='lat' dir='ltr'><strong>dicuntur</strong></span> <span class='ocrx_word' id='word_1_148' title='bbox 990 1907 1007 1947; x_wconf 91' lang='lat' dir='ltr'><strong>a</strong></span> <span class='ocrx_word' id='word_1_149' title='bbox 1036 1887 1139 1957; x_wconf 89' lang='lat' dir='ltr'><strong>lando,</strong></span> <span class='ocrx_word' id='word_1_150' title='bbox 1170 1889 1238 1967; x_wconf 87' lang='lat' dir='ltr'><strong>quia</strong></span> <span class='ocrx_word' id='word_1_151' title='bbox 1269 1887 1342 1948; x_wconf 89' lang='lat' dir='ltr'><strong>deos</strong></span> <span class='ocrx_word' id='word_1_152' title='bbox 1370 1890 1399 1946; x_wconf 95' lang='lat' dir='ltr'><strong>in</strong></span> 
     </span>
     <span class='ocr_line' id='line_1_16' title="bbox 58 1988 1400 2069; baseline 0.004 -27"><span class='ocrx_word' id='word_1_153' title='bbox 58 1988 255 2047; x_wconf 69' lang='lat' dir='ltr'><strong>recreatione</strong></span> <span class='ocrx_word' id='word_1_154' title='bbox 284 1988 386 2049; x_wconf 84' lang='lat' dir='ltr'><strong>murrdi</strong></span> <span class='ocrx_word' id='word_1_155' title='bbox 415 1989 501 2049; x_wconf 83' lang='lat' dir='ltr'><strong>dixit:</strong></span> <span class='ocrx_word' id='word_1_156' title='bbox 532 1991 600 2050; x_wconf 70' lang='lat' dir='ltr'><strong>‘liat</strong></span> <span class='ocrx_word' id='word_1_157' title='bbox 622 1990 699 2054; x_wconf 87' lang='lat' dir='ltr'><strong>liat&#39;.</strong></span> <span class='ocrx_word' id='word_1_158' title='bbox 743 1989 813 2050; x_wconf 91' lang='lat' dir='ltr'><strong>ldco</strong></span> <span class='ocrx_word' id='word_1_159' title='bbox 844 1988 997 2069; x_wconf 87' lang='lat' dir='ltr'><strong>pluraliter</strong></span> <span class='ocrx_word' id='word_1_160' title='bbox 1026 1989 1166 2050; x_wconf 90' lang='lat' dir='ltr'><strong>dicontur</strong></span> <span class='ocrx_word' id='word_1_161' title='bbox 1194 1990 1300 2058; x_wconf 84' lang='lat' dir='ltr'><strong>leriae,</strong></span> <span class='ocrx_word' id='word_1_162' title='bbox 1330 1989 1400 2050; x_wconf 89' lang='lat' dir='ltr'><strong>licet</strong></span> 
     </span>
     <span class='ocr_line' id='line_1_17' title="bbox 98 2087 1399 2169; baseline 0.002 -21"><span class='ocrx_word' id='word_1_163' title='bbox 98 2087 226 2149; x_wconf 86' lang='lat' dir='ltr'><strong>abusiue</strong></span> <span class='ocrx_word' id='word_1_164' title='bbox 260 2089 374 2149; x_wconf 90' lang='lat' dir='ltr'><strong>dicatur</strong></span> <span class='ocrx_word' id='word_1_165' title='bbox 407 2091 519 2169; x_wconf 73' lang='lat' dir='ltr'><strong>‘prima</strong></span> <span class='ocrx_word' id='word_1_166' title='bbox 550 2093 641 2152; x_wconf 90' lang='lat' dir='ltr'><strong>leria’</strong></span> <span class='ocrx_word' id='word_1_167' title='bbox 671 2090 817 2152; x_wconf 76' lang='lat' dir='ltr'><strong>‘secunda</strong></span> <span class='ocrx_word' id='word_1_168' title='bbox 846 2092 950 2155; x_wconf 88' lang='lat' dir='ltr'><strong>leria&#39;.</strong></span> <span class='ocrx_word' id='word_1_169' title='bbox 1001 2088 1225 2169; x_wconf 84' lang='lat' dir='ltr'><strong>Orradrigae,</strong></span> <span class='ocrx_word' id='word_1_170' title='bbox 1260 2091 1399 2166; x_wconf 89' lang='lat' dir='ltr'><strong>dicuntur</strong></span> 
     </span>
     <span class='ocr_line' id='line_1_18' title="bbox 98 2189 1397 2272; baseline 0.004 -24"><span class='ocrx_word' id='word_1_171' title='bbox 98 2189 211 2268; x_wconf 88' lang='lat' dir='ltr'><strong>qulbus</strong></span> <span class='ocrx_word' id='word_1_172' title='bbox 241 2199 381 2270; x_wconf 86' lang='lat' dir='ltr'><strong>quattuor</strong></span> <span class='ocrx_word' id='word_1_173' title='bbox 412 2194 480 2270; x_wconf 92' lang='lat' dir='ltr'><strong>equi</strong></span> <span class='ocrx_word' id='word_1_174' title='bbox 515 2191 706 2272; x_wconf 88' lang='lat' dir='ltr'><strong>copulantur,</strong></span> <span class='ocrx_word' id='word_1_175' title='bbox 735 2192 822 2272; x_wconf 81' lang='lat' dir='ltr'><strong>bigae</strong></span> <span class='ocrx_word' id='word_1_176' title='bbox 856 2211 929 2254; x_wconf 87' lang='lat' dir='ltr'><strong>uero</strong></span> <span class='ocrx_word' id='word_1_177' title='bbox 963 2191 1071 2272; x_wconf 89' lang='lat' dir='ltr'><strong>quibus</strong></span> <span class='ocrx_word' id='word_1_178' title='bbox 1105 2191 1172 2256; x_wconf 78' lang='lat' dir='ltr'><strong>dito.</strong></span> <span class='ocrx_word' id='word_1_179' title='bbox 1224 2192 1397 2271; x_wconf 90' lang='lat' dir='ltr'><strong>Nuptiae,</strong></span> 
     </span>
     <span class='ocr_line' id='line_1_19' title="bbox 99 2290 1398 2374; baseline 0.003 -23"><span class='ocrx_word' id='word_1_180' title='bbox 99 2290 259 2372; x_wconf 88' lang='lat' dir='ltr'><strong>pluraliter</strong></span> <span class='ocrx_word' id='word_1_181' title='bbox 282 2292 483 2363; x_wconf 90' lang='lat' dir='ltr'><strong>declinantur,</strong></span> <span class='ocrx_word' id='word_1_182' title='bbox 513 2311 548 2354; x_wconf 88' lang='lat' dir='ltr'><strong>eo</strong></span> <span class='ocrx_word' id='word_1_183' title='bbox 578 2294 656 2374; x_wconf 91' lang='lat' dir='ltr'><strong>quod</strong></span> <span class='ocrx_word' id='word_1_184' title='bbox 680 2293 721 2353; x_wconf 93' lang='lat' dir='ltr'><strong>ibi</strong></span> <span class='ocrx_word' id='word_1_185' title='bbox 744 2294 802 2354; x_wconf 90' lang='lat' dir='ltr'><strong>duo</strong></span> <span class='ocrx_word' id='word_1_186' title='bbox 824 2293 1011 2372; x_wconf 89' lang='lat' dir='ltr'><strong>copulantur.</strong></span> <span class='ocrx_word' id='word_1_187' title='bbox 1058 2293 1214 2372; x_wconf 89' lang='lat' dir='ltr'><strong>Scopae,</strong></span> <span class='ocrx_word' id='word_1_188' title='bbox 1244 2294 1398 2373; x_wconf 90' lang='lat' dir='ltr'><strong>pluraliter</strong></span> 
     </span>
     <span class='ocr_line' id='line_1_20' title="bbox 98 2392 1397 2474; baseline 0.005 -22"><span class='ocrx_word' id='word_1_189' title='bbox 98 2392 251 2464; x_wconf 88' lang='lat' dir='ltr'><strong>dicuntur,</strong></span> <span class='ocrx_word' id='word_1_190' title='bbox 276 2413 311 2455; x_wconf 86' lang='lat' dir='ltr'><strong>eo</strong></span> <span class='ocrx_word' id='word_1_191' title='bbox 327 2395 404 2473; x_wconf 85' lang='lat' dir='ltr'><strong>quod</strong></span> <span class='ocrx_word' id='word_1_192' title='bbox 422 2413 457 2455; x_wconf 80' lang='lat' dir='ltr'><strong>ex</strong></span> <span class='ocrx_word' id='word_1_193' title='bbox 474 2395 573 2456; x_wconf 89' lang='lat' dir='ltr'><strong>multis</strong></span> <span class='ocrx_word' id='word_1_194' title='bbox 588 2397 682 2474; x_wconf 86' lang='lat' dir='ltr'><strong>uirgis</strong></span> <span class='ocrx_word' id='word_1_195' title='bbox 704 2403 855 2456; x_wconf 90' lang='lat' dir='ltr'><strong>constant:</strong></span> <span class='ocrx_word' id='word_1_196' title='bbox 881 2396 1028 2474; x_wconf 85' lang='lat' dir='ltr'><strong>‘scopare&#39;</strong></span> <span class='ocrx_word' id='word_1_197' title='bbox 1052 2396 1178 2456; x_wconf 90' lang='lat' dir='ltr'><strong>dicimus</strong></span> <span class='ocrx_word' id='word_1_198' title='bbox 1194 2397 1397 2474; x_wconf 88' lang='lat' dir='ltr'><strong>pauimentum</strong></span> 
     </span>
     <span class='ocr_line' id='line_1_21' title="bbox 56 2493 1396 2575; baseline 0.004 -23"><span class='ocrx_word' id='word_1_199' title='bbox 56 2513 235 2560; x_wconf 78' lang='lat' dir='ltr'><strong>eouerrere.</strong></span> <span class='ocrx_word' id='word_1_200' title='bbox 271 2493 465 2570; x_wconf 89' lang='lat' dir='ltr'><strong>†Scalineon</strong></span> <span class='ocrx_word' id='word_1_201' title='bbox 494 2498 596 2558; x_wconf 88' lang='lat' dir='ltr'><strong>dicunt</strong></span> <span class='ocrx_word' id='word_1_202' title='bbox 623 2498 729 2558; x_wconf 88' lang='lat' dir='ltr'><strong>Graeci</strong></span> <span class='ocrx_word' id='word_1_203' title='bbox 759 2495 928 2575; x_wconf 86' lang='lat' dir='ltr'><strong>gradatum,</strong></span> <span class='ocrx_word' id='word_1_204' title='bbox 962 2496 1031 2556; x_wconf 92' lang='lat' dir='ltr'><strong>inde</strong></span> <span class='ocrx_word' id='word_1_205' title='bbox 1060 2497 1182 2557; x_wconf 88' lang='lat' dir='ltr'><strong>scalae</strong></span> <span class='ocrx_word' id='word_1_206' title='bbox 1205 2517 1220 2557; x_wconf 91' lang='lat' dir='ltr'><strong>a</strong></span> <span class='ocrx_word' id='word_1_207' title='bbox 1243 2497 1396 2575; x_wconf 82' lang='lat' dir='ltr'><strong>gradibus,</strong></span> 
     </span>
     <span class='ocr_line' id='line_1_22' title="bbox 99 2596 1500 2678; baseline 0.002 -21"><span class='ocrx_word' id='word_1_208' title='bbox 99 2615 137 2657; x_wconf 92' lang='lat' dir='ltr'><strong>eo</strong></span> <span class='ocrx_word' id='word_1_209' title='bbox 162 2597 240 2675; x_wconf 90' lang='lat' dir='ltr'><strong>quod</strong></span> <span class='ocrx_word' id='word_1_210' title='bbox 264 2616 298 2658; x_wconf 85' lang='lat' dir='ltr'><strong>ex</strong></span> <span class='ocrx_word' id='word_1_211' title='bbox 316 2596 415 2660; x_wconf 88' lang='lat' dir='ltr'><strong>moltis</strong></span> <span class='ocrx_word' id='word_1_212' title='bbox 433 2598 520 2678; x_wconf 90' lang='lat' dir='ltr'><strong>lignis</strong></span> <span class='ocrx_word' id='word_1_213' title='bbox 543 2605 688 2664; x_wconf 88' lang='lat' dir='ltr'><strong>constant.</strong></span> <span class='ocrx_word' id='word_1_214' title='bbox 733 2599 817 2666; x_wconf 87' lang='lat' dir='ltr'><strong>Pus,</strong></span> <span class='ocrx_word' id='word_1_215' title='bbox 841 2597 1050 2660; x_wconf 86' lang='lat' dir='ltr'><strong>indeclinabile</strong></span> <span class='ocrx_word' id='word_1_216' title='bbox 1073 2606 1131 2666; x_wconf 86' lang='lat' dir='ltr'><strong>est,</strong></span> <span class='ocrx_word' id='word_1_217' title='bbox 1156 2598 1273 2678; x_wconf 89' lang='lat' dir='ltr'><strong>qnando</strong></span> <span class='ocrx_word' id='word_1_218' title='bbox 1296 2607 1398 2678; x_wconf 89' lang='lat' dir='ltr'><strong>putre·</strong></span> <span class='ocrx_word' id='word_1_219' title='bbox 1412 2619 1500 2669; x_wconf 51' lang='lat' dir='ltr'><strong>arcus</strong></span> 
     </span>
     <span class='ocr_line' id='line_1_23' title="bbox 98 2687 1397 2781; baseline 0.003 -23"><span class='ocrx_word' id='word_1_220' title='bbox 98 2699 201 2758; x_wconf 88' lang='lat' dir='ltr'><strong>dinem</strong></span> <span class='ocrx_word' id='word_1_221' title='bbox 232 2700 278 2760; x_wconf 87' lang='lat' dir='ltr'><strong>nel</strong></span> <span class='ocrx_word' id='word_1_222' title='bbox 307 2702 530 2780; x_wconf 86' lang='lat' dir='ltr'><strong>corruptionem</strong></span> <span class='ocrx_word' id='word_1_223' title='bbox 560 2703 694 2781; x_wconf 88' lang='lat' dir='ltr'><strong>corporis</strong></span> <span class='ocrx_word' id='word_1_224' title='bbox 716 2701 872 2778; x_wconf 76' lang='lat' dir='ltr'><strong>significat.</strong></span> <span class='ocrx_word' id='word_1_225' title='bbox 918 2687 1043 2768; x_wconf 77' lang='lat' dir='ltr'><strong>Virus,</strong></span> <span class='ocrx_word' id='word_1_226' title='bbox 1073 2699 1182 2762; x_wconf 80' lang='lat' dir='ltr'><strong>(licitur</strong></span> <span class='ocrx_word' id='word_1_227' title='bbox 1209 2718 1397 2762; x_wconf 90' lang='lat' dir='ltr'><strong>uenenuma</strong></span> 
     </span>
     <span class='ocr_line' id='line_1_24' title="bbox 99 2800 1399 2881; baseline 0.002 -21"><span class='ocrx_word' id='word_1_228' title='bbox 99 2802 130 2860; x_wconf 90' lang='lat' dir='ltr'><strong>ui</strong></span> <span class='ocrx_word' id='word_1_229' title='bbox 155 2809 185 2861; x_wconf 91' lang='lat' dir='ltr'><strong>et</strong></span> <span class='ocrx_word' id='word_1_230' title='bbox 208 2810 252 2861; x_wconf 89' lang='lat' dir='ltr'><strong>est</strong></span> <span class='ocrx_word' id='word_1_231' title='bbox 275 2800 493 2864; x_wconf 89' lang='lat' dir='ltr'><strong>indeclinabile.</strong></span> <span class='ocrx_word' id='word_1_232' title='bbox 539 2806 689 2872; x_wconf 77' lang='lat' dir='ltr'><strong>durum,</strong></span> <span class='ocrx_word' id='word_1_233' title='bbox 714 2803 822 2864; x_wconf 87' lang='lat' dir='ltr'><strong>dicitur</strong></span> <span class='ocrx_word' id='word_1_234' title='bbox 846 2802 882 2864; x_wconf 92' lang='lat' dir='ltr'><strong>ab</strong></span> <span class='ocrx_word' id='word_1_235' title='bbox 906 2819 977 2863; x_wconf 91' lang='lat' dir='ltr'><strong>aura</strong></span> <span class='ocrx_word' id='word_1_236' title='bbox 999 2804 1052 2861; x_wconf 91' lang='lat' dir='ltr'><strong>i·a</strong></span> <span class='ocrx_word' id='word_1_237' title='bbox 1074 2803 1249 2881; x_wconf 89' lang='lat' dir='ltr'><strong>splendore:</strong></span> <span class='ocrx_word' id='word_1_238' title='bbox 1276 2801 1345 2864; x_wconf 87' lang='lat' dir='ltr'><strong>inde</strong></span> <span class='ocrx_word' id='word_1_239' title='bbox 1369 2813 1399 2864; x_wconf 91' lang='lat' dir='ltr'><strong>et</strong></span> 
     </span>
     <span class='ocr_line' id='line_1_25' title="bbox 98 2902 1398 2984; baseline 0 -20"><span class='ocrx_word' id='word_1_240' title='bbox 98 2921 209 2964; x_wconf 84' lang='lat' dir='ltr'><strong>atrrora</strong></span> <span class='ocrx_word' id='word_1_241' title='bbox 232 2902 340 2964; x_wconf 87' lang='lat' dir='ltr'><strong>dicitur</strong></span> <span class='ocrx_word' id='word_1_242' title='bbox 363 2907 459 2983; x_wconf 90' lang='lat' dir='ltr'><strong>prima</strong></span> <span class='ocrx_word' id='word_1_243' title='bbox 482 2923 551 2984; x_wconf 88' lang='lat' dir='ltr'><strong>pars</strong></span> <span class='ocrx_word' id='word_1_244' title='bbox 574 2905 643 2971; x_wconf 90' lang='lat' dir='ltr'><strong>diei.</strong></span> <span class='ocrx_word' id='word_1_245' title='bbox 687 2909 905 2982; x_wconf 76' lang='lat' dir='ltr'><strong>Argentum,</strong></span> <span class='ocrx_word' id='word_1_246' title='bbox 929 2903 1042 2964; x_wconf 86' lang='lat' dir='ltr'><strong>Graece</strong></span> <span class='ocrx_word' id='word_1_247' title='bbox 1066 2905 1202 2984; x_wconf 81' lang='lat' dir='ltr'><strong>argyrion</strong></span> <span class='ocrx_word' id='word_1_248' title='bbox 1226 2904 1398 2969; x_wconf 89' lang='lat' dir='ltr'><strong>dicitur.—</strong></span> 
     </span>
     <span class='ocr_line' id='line_1_26' title="bbox 57 3003 1398 3086; baseline 0.004 -25"><span class='ocrx_word' id='word_1_249' title='bbox 57 3022 84 3061; x_wconf 80' lang='lat' dir='ltr'><strong>ae</strong></span> <span class='ocrx_word' id='word_1_250' title='bbox 99 3003 173 3066; x_wconf 87' lang='lat' dir='ltr'><strong>Olea</strong></span> <span class='ocrx_word' id='word_1_251' title='bbox 197 3013 226 3066; x_wconf 88' lang='lat' dir='ltr'><strong>ct</strong></span> <span class='ocrx_word' id='word_1_252' title='bbox 248 3004 325 3066; x_wconf 91' lang='lat' dir='ltr'><strong>oliua</strong></span> <span class='ocrx_word' id='word_1_253' title='bbox 353 3005 476 3067; x_wconf 91' lang='lat' dir='ltr'><strong>arbores</strong></span> <span class='ocrx_word' id='word_1_254' title='bbox 503 3015 586 3075; x_wconf 76' lang='lat' dir='ltr'><strong>sunt:</strong></span> <span class='ocrx_word' id='word_1_255' title='bbox 616 3007 714 3068; x_wconf 88' lang='lat' dir='ltr'><strong>oleum</strong></span> <span class='ocrx_word' id='word_1_256' title='bbox 739 3015 767 3068; x_wconf 89' lang='lat' dir='ltr'><strong>et</strong></span> <span class='ocrx_word' id='word_1_257' title='bbox 789 3004 1004 3072; x_wconf 81' lang='lat' dir='ltr'><strong>olinunridem</strong></span> <span class='ocrx_word' id='word_1_258' title='bbox 1028 3013 1097 3068; x_wconf 88' lang='lat' dir='ltr'><strong>sunt</strong></span> <span class='ocrx_word' id='word_1_259' title='bbox 1119 3008 1139 3066; x_wconf 93' lang='lat' dir='ltr'><strong>i·</strong></span> <span class='ocrx_word' id='word_1_260' title='bbox 1163 3006 1271 3086; x_wconf 85' lang='lat' dir='ltr'><strong>liquor.</strong></span> <span class='ocrx_word' id='word_1_261' title='bbox 1315 3005 1398 3066; x_wconf 85' lang='lat' dir='ltr'><strong>Tri·</strong></span> 
     </span>
     <span class='ocr_line' id='line_1_27' title="bbox 97 3107 1499 3188; baseline 0.003 -21"><span class='ocrx_word' id='word_1_262' title='bbox 97 3107 228 3176; x_wconf 89' lang='lat' dir='ltr'><strong>ticum,</strong></span> <span class='ocrx_word' id='word_1_263' title='bbox 252 3107 359 3169; x_wconf 89' lang='lat' dir='ltr'><strong>dicitur</strong></span> <span class='ocrx_word' id='word_1_264' title='bbox 381 3127 396 3167; x_wconf 93' lang='lat' dir='ltr'><strong>a</strong></span> <span class='ocrx_word' id='word_1_265' title='bbox 421 3109 554 3174; x_wconf 88' lang='lat' dir='ltr'><strong>terendo.</strong></span> <span class='ocrx_word' id='word_1_266' title='bbox 597 3108 775 3178; x_wconf 87' lang='lat' dir='ltr'><strong>Ordeum,</strong></span> <span class='ocrx_word' id='word_1_267' title='bbox 799 3107 906 3168; x_wconf 88' lang='lat' dir='ltr'><strong>dicitur</strong></span> <span class='ocrx_word' id='word_1_268' title='bbox 928 3125 1023 3186; x_wconf 89' lang='lat' dir='ltr'><strong>genus</strong></span> <span class='ocrx_word' id='word_1_269' title='bbox 1046 3109 1142 3172; x_wconf 76' lang='lat' dir='ltr'><strong>larris</strong></span> <span class='ocrx_word' id='word_1_270' title='bbox 1186 3113 1308 3178; x_wconf 75' lang='lat' dir='ltr'><strong>Arma,</strong></span> <span class='ocrx_word' id='word_1_271' title='bbox 1334 3107 1499 3188; x_wconf 67' lang='lat' dir='ltr'><strong>plumeae</strong></span> 
     </span>
     <span class='ocr_line' id='line_1_28' title="bbox 98 3207 1396 3290; baseline 0 -20"><span class='ocrx_word' id='word_1_272' title='bbox 98 3207 204 3270; x_wconf 89' lang='lat' dir='ltr'><strong>raliter</strong></span> <span class='ocrx_word' id='word_1_273' title='bbox 218 3208 413 3278; x_wconf 88' lang='lat' dir='ltr'><strong>declinantur,</strong></span> <span class='ocrx_word' id='word_1_274' title='bbox 430 3211 496 3290; x_wconf 89' lang='lat' dir='ltr'><strong>quia</strong></span> <span class='ocrx_word' id='word_1_275' title='bbox 514 3210 603 3271; x_wconf 92' lang='lat' dir='ltr'><strong>multa</strong></span> <span class='ocrx_word' id='word_1_276' title='bbox 619 3211 804 3289; x_wconf 88' lang='lat' dir='ltr'><strong>significant;</strong></span> <span class='ocrx_word' id='word_1_277' title='bbox 821 3210 926 3270; x_wconf 70' lang='lat' dir='ltr'><strong>‘arma’</strong></span> <span class='ocrx_word' id='word_1_278' title='bbox 943 3213 1022 3271; x_wconf 90' lang='lat' dir='ltr'><strong>enim</strong></span> <span class='ocrx_word' id='word_1_279' title='bbox 1038 3218 1183 3272; x_wconf 88' lang='lat' dir='ltr'><strong>uocantur</strong></span> <span class='ocrx_word' id='word_1_280' title='bbox 1201 3213 1396 3272; x_wconf 88' lang='lat' dir='ltr'><strong>instrumenta</strong></span> 
     </span>
     <span class='ocr_line' id='line_1_29' title="bbox 97 3310 1396 3389; baseline 0 -19"><span class='ocrx_word' id='word_1_281' title='bbox 97 3310 191 3372; x_wconf 93' lang='lat' dir='ltr'><strong>boum</strong></span> <span class='ocrx_word' id='word_1_282' title='bbox 215 3319 244 3370; x_wconf 89' lang='lat' dir='ltr'><strong>et</strong></span> <span class='ocrx_word' id='word_1_283' title='bbox 266 3312 420 3389; x_wconf 87' lang='lat' dir='ltr'><strong>pistorum.</strong></span> <span class='ocrx_word' id='word_1_284' title='bbox 466 3312 590 3373; x_wconf 86' lang='lat' dir='ltr'><strong>Nostros</strong></span> <span class='ocrx_word' id='word_1_285' title='bbox 614 3314 700 3374; x_wconf 89' lang='lat' dir='ltr'><strong>etiam</strong></span> <span class='ocrx_word' id='word_1_286' title='bbox 724 3311 815 3372; x_wconf 90' lang='lat' dir='ltr'><strong>libros</strong></span> <span class='ocrx_word' id='word_1_287' title='bbox 838 3329 919 3372; x_wconf 88' lang='lat' dir='ltr'><strong>arma</strong></span> <span class='ocrx_word' id='word_1_288' title='bbox 943 3329 1094 3373; x_wconf 84' lang='lat' dir='ltr'><strong>uocemue.</strong></span> <span class='ocrx_word' id='word_1_289' title='bbox 1140 3312 1212 3373; x_wconf 87' lang='lat' dir='ltr'><strong>lude</strong></span> <span class='ocrx_word' id='word_1_290' title='bbox 1235 3313 1396 3372; x_wconf 88' lang='lat' dir='ltr'><strong>armarium</strong></span> 
     </span>
     <span class='ocr_line' id='line_1_30' title="bbox 97 3411 1397 3492; baseline 0.001 -20"><span class='ocrx_word' id='word_1_291' title='bbox 97 3412 209 3473; x_wconf 87' lang='lat' dir='ltr'><strong>dicitnr</strong></span> <span class='ocrx_word' id='word_1_292' title='bbox 231 3411 328 3481; x_wconf 87' lang='lat' dir='ltr'><strong>locus,</strong></span> <span class='ocrx_word' id='word_1_293' title='bbox 358 3412 407 3474; x_wconf 92' lang='lat' dir='ltr'><strong>ubi</strong></span> <span class='ocrx_word' id='word_1_294' title='bbox 430 3413 594 3492; x_wconf 86' lang='lat' dir='ltr'><strong>spiritualia</strong></span> <span class='ocrx_word' id='word_1_295' title='bbox 618 3432 699 3475; x_wconf 88' lang='lat' dir='ltr'><strong>arma</strong></span> <span class='ocrx_word' id='word_1_296' title='bbox 723 3415 903 3477; x_wconf 90' lang='lat' dir='ltr'><strong>conduntur.</strong></span> <span class='ocrx_word' id='word_1_297' title='bbox 949 3413 1108 3482; x_wconf 84' lang='lat' dir='ltr'><strong>lloenia,</strong></span> <span class='ocrx_word' id='word_1_298' title='bbox 1139 3414 1277 3474; x_wconf 91' lang='lat' dir='ltr'><strong>dicuntur</strong></span> <span class='ocrx_word' id='word_1_299' title='bbox 1301 3415 1397 3474; x_wconf 88' lang='lat' dir='ltr'><strong>muni-</strong></span> 
     </span>
     <span class='ocr_line' id='line_1_31' title="bbox 56 3513 1394 3585; baseline 0.004 -16"><span class='ocrx_word' id='word_1_300' title='bbox 56 3513 196 3573; x_wconf 85' lang='lat' dir='ltr'><strong>aotiones</strong></span> <span class='ocrx_word' id='word_1_301' title='bbox 229 3515 391 3578; x_wconf 86' lang='lat' dir='ltr'><strong>ciuitatum.</strong></span> <span class='ocrx_word' id='word_1_302' title='bbox 443 3515 622 3585; x_wconf 78' lang='lat' dir='ltr'><strong>Floralia,</strong></span> <span class='ocrx_word' id='word_1_303' title='bbox 657 3517 684 3575; x_wconf 89' lang='lat' dir='ltr'><strong>i·</strong></span> <span class='ocrx_word' id='word_1_304' title='bbox 717 3515 789 3575; x_wconf 89' lang='lat' dir='ltr'><strong>lesta</strong></span> <span class='ocrx_word' id='word_1_305' title='bbox 818 3514 922 3576; x_wconf 83' lang='lat' dir='ltr'><strong>Florae</strong></span> <span class='ocrx_word' id='word_1_306' title='bbox 955 3515 1042 3584; x_wconf 90' lang='lat' dir='ltr'><strong>deae,</strong></span> <span class='ocrx_word' id='word_1_307' title='bbox 1078 3517 1232 3576; x_wconf 89' lang='lat' dir='ltr'><strong>ministrae</strong></span> <span class='ocrx_word' id='word_1_308' title='bbox 1261 3515 1394 3583; x_wconf 88' lang='lat' dir='ltr'><strong>Veneris,</strong></span> 
     </span>
     <span class='ocr_line' id='line_1_32' title="bbox 95 3615 1397 3697; baseline -0.002 -21"><span class='ocrx_word' id='word_1_309' title='bbox 95 3616 184 3676; x_wconf 87' lang='lat' dir='ltr'><strong>cuius</strong></span> <span class='ocrx_word' id='word_1_310' title='bbox 211 3615 284 3676; x_wconf 89' lang='lat' dir='ltr'><strong>lesta</strong></span> <span class='ocrx_word' id='word_1_311' title='bbox 314 3616 425 3677; x_wconf 81' lang='lat' dir='ltr'><strong>trernali</strong></span> <span class='ocrx_word' id='word_1_312' title='bbox 454 3627 587 3697; x_wconf 89' lang='lat' dir='ltr'><strong>tempore</strong></span> <span class='ocrx_word' id='word_1_313' title='bbox 616 3615 822 3685; x_wconf 89' lang='lat' dir='ltr'><strong>celebrabant,</strong></span> <span class='ocrx_word' id='word_1_314' title='bbox 857 3615 973 3694; x_wconf 77' lang='lat' dir='ltr'><strong>ornando</strong></span> <span class='ocrx_word' id='word_1_315' title='bbox 1002 3617 1091 3677; x_wconf 88' lang='lat' dir='ltr'><strong>liores</strong></span> <span class='ocrx_word' id='word_1_316' title='bbox 1185 3625 1213 3676; x_wconf 89' lang='lat' dir='ltr'><strong>et</strong></span> <span class='ocrx_word' id='word_1_317' title='bbox 1241 3616 1397 3695; x_wconf 88' lang='lat' dir='ltr'><strong>pluraliter</strong></span> 
     </span>
     <span class='ocr_line' id='line_1_33' title="bbox 96 3715 1395 3798; baseline 0.001 -22"><span class='ocrx_word' id='word_1_318' title='bbox 96 3715 294 3787; x_wconf 87' lang='lat' dir='ltr'><strong>declinantur,</strong></span> <span class='ocrx_word' id='word_1_319' title='bbox 324 3720 392 3797; x_wconf 89' lang='lat' dir='ltr'><strong>quia</strong></span> <span class='ocrx_word' id='word_1_320' title='bbox 421 3717 522 3780; x_wconf 89' lang='lat' dir='ltr'><strong>multis</strong></span> <span class='ocrx_word' id='word_1_321' title='bbox 543 3718 661 3779; x_wconf 90' lang='lat' dir='ltr'><strong>uicibus</strong></span> <span class='ocrx_word' id='word_1_322' title='bbox 683 3718 808 3788; x_wconf 89' lang='lat' dir='ltr'><strong>iiebant,</strong></span> <span class='ocrx_word' id='word_1_323' title='bbox 838 3721 859 3779; x_wconf 93' lang='lat' dir='ltr'><strong>i·</strong></span> <span class='ocrx_word' id='word_1_324' title='bbox 883 3719 913 3778; x_wconf 93' lang='lat' dir='ltr'><strong>in</strong></span> <span class='ocrx_word' id='word_1_325' title='bbox 938 3718 1050 3779; x_wconf 90' lang='lat' dir='ltr'><strong>uernali</strong></span> <span class='ocrx_word' id='word_1_326' title='bbox 1074 3725 1217 3798; x_wconf 83' lang='lat' dir='ltr'><strong>tempore.</strong></span> <span class='ocrx_word' id='word_1_327' title='bbox 1264 3719 1395 3778; x_wconf 88' lang='lat' dir='ltr'><strong>Satur·</strong></span> 
     </span>
     <span class='ocr_line' id='line_1_34' title="bbox 96 3816 1455 3900; baseline 0 -21"><span class='ocrx_word' id='word_1_328' title='bbox 96 3816 200 3880; x_wconf 86' lang='lat' dir='ltr'><strong>nalia</strong></span> <span class='ocrx_word' id='word_1_329' title='bbox 228 3820 248 3878; x_wconf 92' lang='lat' dir='ltr'><strong>i·</strong></span> <span class='ocrx_word' id='word_1_330' title='bbox 279 3819 351 3879; x_wconf 83' lang='lat' dir='ltr'><strong>lesia</strong></span> <span class='ocrx_word' id='word_1_331' title='bbox 380 3821 503 3881; x_wconf 83' lang='lat' dir='ltr'><strong>Saturni</strong></span> <span class='ocrx_word' id='word_1_332' title='bbox 531 3829 560 3882; x_wconf 89' lang='lat' dir='ltr'><strong>et</strong></span> <span class='ocrx_word' id='word_1_333' title='bbox 588 3818 742 3898; x_wconf 90' lang='lat' dir='ltr'><strong>pluraliter</strong></span> <span class='ocrx_word' id='word_1_334' title='bbox 772 3819 975 3889; x_wconf 88' lang='lat' dir='ltr'><strong>declinantur,</strong></span> <span class='ocrx_word' id='word_1_335' title='bbox 1006 3823 1073 3897; x_wconf 85' lang='lat' dir='ltr'><strong>quia</strong></span> <span class='ocrx_word' id='word_1_336' title='bbox 1105 3837 1283 3900; x_wconf 85' lang='lat' dir='ltr'><strong>unoquoque</strong></span> <span class='ocrx_word' id='word_1_337' title='bbox 1318 3837 1396 3879; x_wconf 91' lang='lat' dir='ltr'><strong>anno</strong></span> <span class='ocrx_word' id='word_1_338' title='bbox 1453 3893 1455 3897; x_wconf 23' lang='grc' dir='ltr'>Ι</span> 
     </span>
     <span class='ocr_line' id='line_1_35' title="bbox 96 3918 1395 4000; baseline 0 -21"><span class='ocrx_word' id='word_1_339' title='bbox 96 3921 218 3984; x_wconf 84' lang='lat' dir='ltr'><strong>fiebant.</strong></span> <span class='ocrx_word' id='word_1_340' title='bbox 263 3918 466 3992; x_wconf 82' lang='lat' dir='ltr'><strong>‘Vulcanalia’,</strong></span> <span class='ocrx_word' id='word_1_341' title='bbox 489 3924 509 3986; x_wconf 93' lang='lat' dir='ltr'><strong>i.</strong></span> <span class='ocrx_word' id='word_1_342' title='bbox 533 3923 605 3982; x_wconf 88' lang='lat' dir='ltr'><strong>lesta</strong></span> <span class='ocrx_word' id='word_1_343' title='bbox 623 3921 743 3982; x_wconf 86' lang='lat' dir='ltr'><strong>Vulcani</strong></span> <span class='ocrx_word' id='word_1_344' title='bbox 767 3930 796 3982; x_wconf 91' lang='lat' dir='ltr'><strong>et</strong></span> <span class='ocrx_word' id='word_1_345' title='bbox 818 3922 925 3982; x_wconf 89' lang='lat' dir='ltr'><strong>dicitur</strong></span> <span class='ocrx_word' id='word_1_346' title='bbox 947 3921 1095 3984; x_wconf 87' lang='lat' dir='ltr'><strong>Vulcanus</strong></span> <span class='ocrx_word' id='word_1_347' title='bbox 1118 3921 1191 3982; x_wconf 87' lang='lat' dir='ltr'><strong>deos</strong></span> <span class='ocrx_word' id='word_1_348' title='bbox 1213 3921 1290 3999; x_wconf 88' lang='lat' dir='ltr'><strong>ignis</strong></span> <span class='ocrx_word' id='word_1_349' title='bbox 1312 3920 1395 4000; x_wconf 90' lang='lat' dir='ltr'><strong>quasi</strong></span> 
     </span>
    </p>
   </div>
   <div class='ocr_carea' id='block_1_3' title="bbox 94 4073 333 4081">
    <p class='ocr_par' dir='ltr' id='par_1_3' title="bbox 94 4073 333 4081">
     <span class='ocr_line' id='line_1_36' title="bbox 94 4073 333 4081; baseline 0 -1"><span class='ocrx_word' id='word_1_350' title='bbox 94 4075 187 4081; x_wconf 54' lang='grc' dir='ltr'>μ...-</span> <span class='ocrx_word' id='word_1_351' title='bbox 200 4075 216 4080; x_wconf 77' lang='grc'><strong>-</strong></span> <span class='ocrx_word' id='word_1_352' title='bbox 232 4075 237 4080; x_wconf 93' lang='grc'>.</span> <span class='ocrx_word' id='word_1_353' title='bbox 247 4073 333 4080; x_wconf 58' lang='grc' dir='ltr'>...η-...-</span> 
     </span>
    </p>
   </div>
   <div class='ocr_carea' id='block_1_4' title="bbox 95 4174 1395 4446">
    <p class='ocr_par' dir='ltr' id='par_1_4' title="bbox 95 4174 1395 4446">
     <span class='ocr_line' id='line_1_37' title="bbox 95 4174 1394 4242; baseline 0.001 -17"><span class='ocrx_word' id='word_1_354' title='bbox 95 4177 196 4226; x_wconf 80' lang='lat' dir='ltr'><strong>sauciat</strong></span> <span class='ocrx_word' id='word_1_355' title='bbox 213 4176 282 4239; x_wconf 84' lang='lat' dir='ltr'><strong>(cod.</strong></span> <span class='ocrx_word' id='word_1_356' title='bbox 302 4177 420 4240; x_wconf 78' lang='lat' dir='ltr'><strong>sanctior)</strong></span> <span class='ocrx_word' id='word_1_357' title='bbox 443 4191 539 4242; x_wconf 87' lang='lat' dir='ltr'><strong>corpus</strong></span> <span class='ocrx_word' id='word_1_358' title='bbox 562 4177 579 4230; x_wconf 80' lang='lat' dir='ltr'><strong>i.</strong></span> <span class='ocrx_word' id='word_1_359' title='bbox 598 4176 731 4225; x_wconf 74' lang='lat' dir='ltr'><strong>confirmet</strong></span> <span class='ocrx_word' id='word_1_360' title='bbox 754 4177 857 4238; x_wconf 80' lang='lat' dir='ltr'><strong>(Glosso</strong></span> <span class='ocrx_word' id='word_1_361' title='bbox 880 4179 936 4228; x_wconf 86' lang='lat' dir='ltr'><strong>cod.</strong></span> <span class='ocrx_word' id='word_1_362' title='bbox 960 4174 1041 4227; x_wconf 83' lang='lat' dir='ltr'><strong>Bern.</strong></span> <span class='ocrx_word' id='word_1_363' title='bbox 1062 4179 1113 4226; x_wconf 78' lang='lat'><strong>386</strong></span> <span class='ocrx_word' id='word_1_364' title='bbox 1133 4176 1153 4238; x_wconf 80' lang='lat' dir='ltr'><strong>f.</strong></span> <span class='ocrx_word' id='word_1_365' title='bbox 1174 4174 1208 4224; x_wconf 73' lang='lat'><strong>4¹³</strong></span> <span class='ocrx_word' id='word_1_366' title='bbox 1230 4177 1394 4240; x_wconf 68' lang='lat' dir='ltr'><strong>vaurpeina</strong></span> 
     </span>
     <span class='ocr_line' id='line_1_38' title="bbox 95 4243 1395 4310; baseline 0 -18"><span class='ocrx_word' id='word_1_367' title='bbox 95 4243 211 4309; x_wconf 82' lang='lat' dir='ltr'><strong>Sanguis</strong></span> <span class='ocrx_word' id='word_1_368' title='bbox 229 4244 362 4310; x_wconf 81' lang='lat' dir='ltr'><strong>singulare</strong></span> <span class='ocrx_word' id='word_1_369' title='bbox 381 4257 432 4307; x_wconf 84' lang='lat' dir='ltr'><strong>est,</strong></span> <span class='ocrx_word' id='word_1_370' title='bbox 451 4246 570 4308; x_wconf 85' lang='lat' dir='ltr'><strong>quemuis</strong></span> <span class='ocrx_word' id='word_1_371' title='bbox 589 4243 704 4310; x_wconf 86' lang='lat' dir='ltr'><strong>legumus</strong></span> <span class='ocrx_word' id='word_1_372' title='bbox 724 4247 903 4309; x_wconf 83' lang='lat' dir='ltr'><strong>‘sanguinum’</strong></span> <span class='ocrx_word' id='word_1_373' title='bbox 916 4244 1157 4310; x_wconf 82' lang='lat' dir='ltr'><strong>et‘songuioibus’,</strong></span> <span class='ocrx_word' id='word_1_374' title='bbox 1176 4245 1244 4306; x_wconf 91' lang='lat' dir='ltr'><strong>quod</strong></span> <span class='ocrx_word' id='word_1_375' title='bbox 1262 4245 1395 4309; x_wconf 86' lang='lat' dir='ltr'><strong>inproprie</strong></span> 
     </span>
     <span class='ocr_line' id='line_1_39' title="bbox 95 4309 1394 4378; baseline 0 -18"><span class='ocrx_word' id='word_1_376' title='bbox 95 4323 144 4362; x_wconf 85' lang='lat' dir='ltr'><strong>eat.</strong></span> <span class='ocrx_word' id='word_1_377' title='bbox 174 4309 287 4378; x_wconf 88' lang='lat' dir='ltr'><strong>Sanguis</strong></span> <span class='ocrx_word' id='word_1_378' title='bbox 305 4312 398 4363; x_wconf 90' lang='lat' dir='ltr'><strong>dicitur</strong></span> <span class='ocrx_word' id='word_1_379' title='bbox 415 4328 430 4363; x_wconf 86' lang='lat' dir='ltr'><strong>a</strong></span> <span class='ocrx_word' id='word_1_380' title='bbox 448 4314 587 4364; x_wconf 83' lang='lat' dir='ltr'><strong>sanciendo</strong></span> <span class='ocrx_word' id='word_1_381' title='bbox 606 4313 624 4361; x_wconf 94' lang='lat' dir='ltr'><strong>i.</strong></span> <span class='ocrx_word' id='word_1_382' title='bbox 642 4312 844 4363; x_wconf 87' lang='lat' dir='ltr'><strong>oeonflrmaodo</strong></span> <span class='ocrx_word' id='word_1_383' title='bbox 863 4329 893 4363; x_wconf 87' lang='lat' dir='ltr'><strong>eo</strong></span> <span class='ocrx_word' id='word_1_384' title='bbox 912 4313 981 4374; x_wconf 91' lang='lat' dir='ltr'><strong>qnod</strong></span> <span class='ocrx_word' id='word_1_385' title='bbox 999 4314 1108 4362; x_wconf 86' lang='lat' dir='ltr'><strong>sanctiet</strong></span> <span class='ocrx_word' id='word_1_386' title='bbox 1125 4314 1142 4365; x_wconf 90' lang='lat' dir='ltr'><strong>i.</strong></span> <span class='ocrx_word' id='word_1_387' title='bbox 1162 4311 1294 4362; x_wconf 85' lang='lat' dir='ltr'><strong>conllrmet</strong></span> <span class='ocrx_word' id='word_1_388' title='bbox 1311 4313 1394 4361; x_wconf 89' lang='lat' dir='ltr'><strong>bomi-</strong></span> 
     </span>
     <span class='ocr_line' id='line_1_40' title="bbox 95 4379 1297 4446; baseline -0.001 -16"><span class='ocrx_word' id='word_1_389' title='bbox 95 4395 155 4430; x_wconf 87' lang='lat' dir='ltr'><strong>nem</strong></span> <span class='ocrx_word' id='word_1_390' title='bbox 173 4381 213 4430; x_wconf 87' lang='lat' dir='ltr'><strong>uel</strong></span> <span class='ocrx_word' id='word_1_391' title='bbox 232 4382 340 4446; x_wconf 83' lang='lat' dir='ltr'><strong>sanguis</strong></span> <span class='ocrx_word' id='word_1_392' title='bbox 358 4381 450 4432; x_wconf 87' lang='lat' dir='ltr'><strong>dicitnr</strong></span> <span class='ocrx_word' id='word_1_393' title='bbox 468 4397 483 4431; x_wconf 86' lang='lat' dir='ltr'><strong>a</strong></span> <span class='ocrx_word' id='word_1_394' title='bbox 501 4382 628 4432; x_wconf 76' lang='lat' dir='ltr'><strong>alternitate</strong></span> <span class='ocrx_word' id='word_1_395' title='bbox 646 4395 676 4430; x_wconf 89' lang='lat' dir='ltr'><strong>eo</strong></span> <span class='ocrx_word' id='word_1_396' title='bbox 695 4382 764 4444; x_wconf 91' lang='lat' dir='ltr'><strong>quod</strong></span> <span class='ocrx_word' id='word_1_397' title='bbox 783 4382 896 4430; x_wconf 80' lang='lat' dir='ltr'><strong>strauiter</strong></span> <span class='ocrx_word' id='word_1_398' title='bbox 913 4379 1062 4443; x_wconf 78' lang='lat' dir='ltr'><strong>sanciatur.)</strong></span> <span class='ocrx_word' id='word_1_399' title='bbox 1290 4389 1297 4402; x_wconf 79' lang='grc'><em>·</em></span> 
     </span>
    </p>
   </div>
   <div class='ocr_carea' id='block_1_5' title="bbox 166 4479 1394 4590">
    <p class='ocr_par' dir='ltr' id='par_1_5' title="bbox 166 4479 1394 4590">
     <span class='ocr_line' id='line_1_41' title="bbox 166 4479 1394 4589; baseline 0 -54"><span class='ocrx_word' id='word_1_400' title='bbox 166 4479 298 4535; x_wconf 78' lang='lat' dir='ltr'><strong>5¹¹⁰menu</strong></span> <span class='ocrx_word' id='word_1_401' title='bbox 367 4484 382 4533; x_wconf 80' lang='lat' dir='ltr'><strong>&#39;l</strong></span> <span class='ocrx_word' id='word_1_402' title='bbox 400 4483 523 4589; x_wconf 52' lang='grc' dir='ltr'><strong>εἰπιίΙὶἰὲαν,</strong></span> <span class='ocrx_word' id='word_1_403' title='bbox 540 4498 673 4549; x_wconf 64' lang='lat' dir='ltr'><strong>summer.</strong></span> <span class='ocrx_word' id='word_1_404' title='bbox 688 4483 852 4548; x_wconf 84' lang='lat' dir='ltr'><strong>singulariter</strong></span> <span class='ocrx_word' id='word_1_405' title='bbox 864 4483 1004 4534; x_wconf 84' lang='lat' dir='ltr'><strong>declinator</strong></span> <span class='ocrx_word' id='word_1_406' title='bbox 1073 4484 1105 4534; x_wconf 90' lang='lat'><strong>10</strong></span> <span class='ocrx_word' id='word_1_407' title='bbox 1116 4480 1250 4542; x_wconf 81' lang='lat' dir='ltr'><strong>clamabat,</strong></span> <span class='ocrx_word' id='word_1_408' title='bbox 1262 4496 1394 4546; x_wconf 79' lang='lat' dir='ltr'><strong>suprascr.</strong></span> 
     </span>
     <span class='ocr_line' id='line_1_42' title="bbox 490 4561 515 4590; baseline 0 0"><span class='ocrx_word' id='word_1_409' title='bbox 490 4561 515 4590; x_wconf 75' lang='grc' dir='ltr'><strong>ΕΙ</strong></span> 
     </span>
    </p>
   </div>
   <div class='ocr_carea' id='block_1_6' title="bbox 96 4601 1395 4708">
    <p class='ocr_par' dir='ltr' id='par_1_6' title="bbox 96 4601 1395 4708">
     <span class='ocr_line' id='line_1_43' title="bbox 96 4601 1395 4708; baseline -0.002 -56"><span class='ocrx_word' id='word_1_410' title='bbox 96 4602 156 4652; x_wconf 77' lang='lat' dir='ltr'><strong>kalo</strong></span> <span class='ocrx_word' id='word_1_411' title='bbox 173 4601 232 4652; x_wconf 85' lang='lat' dir='ltr'><strong>kalo</strong></span> <span class='ocrx_word' id='word_1_412' title='bbox 332 4605 361 4652; x_wconf 83' lang='lat' dir='ltr'><strong>lt</strong></span> <span class='ocrx_word' id='word_1_413' title='bbox 382 4603 415 4652; x_wconf 89' lang='lat' dir='ltr'><strong>ed</strong></span> <span class='ocrx_word' id='word_1_414' title='bbox 432 4603 559 4663; x_wconf 48' lang='lat' dir='ltr'><strong>igar-lem&amp;</strong></span> <span class='ocrx_word' id='word_1_415' title='bbox 577 4602 638 4667; x_wconf 84' lang='lat' dir='ltr'><strong>(aie)</strong></span> <span class='ocrx_word' id='word_1_416' title='bbox 742 4605 774 4653; x_wconf 89' lang='grc'><strong>13</strong></span> <span class='ocrx_word' id='word_1_417' title='bbox 793 4613 817 4653; x_wconf 87' lang='lat' dir='ltr'><strong>et</strong></span> <span class='ocrx_word' id='word_1_418' title='bbox 834 4605 946 4708; x_wconf 50' lang='lat' dir='ltr'><strong>quma*</strong></span> <span class='ocrx_word' id='word_1_419' title='bbox 966 4604 997 4652; x_wconf 81' lang='lat'><strong>14</strong></span> <span class='ocrx_word' id='word_1_420' title='bbox 1015 4601 1153 4652; x_wconf 81' lang='lat' dir='ltr'><strong>efferuntur</strong></span> <span class='ocrx_word' id='word_1_421' title='bbox 1170 4603 1197 4651; x_wconf 83' lang='lat' dir='ltr'><strong>in</strong></span> <span class='ocrx_word' id='word_1_422' title='bbox 1213 4617 1293 4666; x_wconf 73' lang='lat' dir='ltr'><strong>marg.</strong></span> <span class='ocrx_word' id='word_1_423' title='bbox 1315 4601 1395 4706; x_wconf 63' lang='lat' dir='ltr'><strong>dieitlugr</strong></span> 
     </span>
    </p>
   </div>
   <div class='ocr_carea' id='block_1_7' title="bbox 95 4721 1395 4925">
    <p class='ocr_par' dir='ltr' id='par_1_7' title="bbox 95 4721 1395 4925">
     <span class='ocr_line' id='line_1_44' title="bbox 96 4721 1343 4788; baseline -0.002 -16"><span class='ocrx_word' id='word_1_424' title='bbox 96 4723 161 4784; x_wconf 79' lang='lat' dir='ltr'><strong>diro,</strong></span> <span class='ocrx_word' id='word_1_425' title='bbox 178 4735 312 4787; x_wconf 68' lang='lat' dir='ltr'><strong>comesor.</strong></span> <span class='ocrx_word' id='word_1_426' title='bbox 331 4721 347 4775; x_wconf 88' lang='lat' dir='ltr'><strong>i.</strong></span> <span class='ocrx_word' id='word_1_427' title='bbox 367 4723 407 4772; x_wconf 90' lang='lat' dir='ltr'><strong>uir</strong></span> <span class='ocrx_word' id='word_1_428' title='bbox 424 4731 449 4772; x_wconf 84' lang='lat' dir='ltr'><strong>et</strong></span> <span class='ocrx_word' id='word_1_429' title='bbox 466 4721 561 4772; x_wconf 84' lang='lat' dir='ltr'><strong>lemine</strong></span> <span class='ocrx_word' id='word_1_430' title='bbox 646 4723 767 4788; x_wconf 72' lang='lat' dir='ltr'><strong>aegrest</strong></span> <span class='ocrx_word' id='word_1_431' title='bbox 852 4725 886 4773; x_wconf 80' lang='lat'><strong>23</strong></span> <span class='ocrx_word' id='word_1_432' title='bbox 909 4735 1002 4772; x_wconf 87' lang='lat' dir='ltr'><strong>aurore</strong></span> <span class='ocrx_word' id='word_1_433' title='bbox 1086 4723 1120 4771; x_wconf 77' lang='lat'><strong>24</strong></span> <span class='ocrx_word' id='word_1_434' title='bbox 1137 4735 1212 4787; x_wconf 85' lang='lat' dir='ltr'><strong>grece</strong></span> <span class='ocrx_word' id='word_1_435' title='bbox 1230 4721 1343 4785; x_wconf 82' lang='lat' dir='ltr'><strong>argirion</strong></span> 
     </span>
     <span class='ocr_line' id='line_1_45' title="bbox 95 4784 1395 4856; baseline -0.002 -16"><span class='ocrx_word' id='word_1_436' title='bbox 95 4792 129 4840; x_wconf 77' lang='grc'><strong>26</strong></span> <span class='ocrx_word' id='word_1_437' title='bbox 146 4792 164 4844; x_wconf 86' lang='lat' dir='ltr'><strong>i.</strong></span> <span class='ocrx_word' id='word_1_438' title='bbox 182 4784 280 4856; x_wconf 87' lang='lat' dir='ltr'><strong>liquor]</strong></span> <span class='ocrx_word' id='word_1_439' title='bbox 299 4791 326 4840; x_wconf 83' lang='lat' dir='ltr'><strong>lo</strong></span> <span class='ocrx_word' id='word_1_440' title='bbox 342 4805 436 4855; x_wconf 64' lang='lat' dir='ltr'><strong>morgi</strong></span> <span class='ocrx_word' id='word_1_441' title='bbox 457 4792 543 4841; x_wconf 85' lang='lat' dir='ltr'><strong>omnia</strong></span> <span class='ocrx_word' id='word_1_442' title='bbox 562 4791 665 4841; x_wconf 87' lang='lat' dir='ltr'><strong>nomine</strong></span> <span class='ocrx_word' id='word_1_443' title='bbox 684 4805 750 4853; x_wconf 77' lang='lat' dir='ltr'><strong>quiae</strong></span> <span class='ocrx_word' id='word_1_444' title='bbox 768 4791 799 4839; x_wconf 84' lang='lat' dir='ltr'><strong>ed</strong></span> <span class='ocrx_word' id='word_1_445' title='bbox 819 4805 962 4840; x_wconf 86' lang='lat' dir='ltr'><strong>mensuram</strong></span> <span class='ocrx_word' id='word_1_446' title='bbox 982 4799 1006 4839; x_wconf 90' lang='lat' dir='ltr'><strong>et</strong></span> <span class='ocrx_word' id='word_1_447' title='bbox 1024 4789 1057 4839; x_wconf 87' lang='lat' dir='ltr'><strong>ad</strong></span> <span class='ocrx_word' id='word_1_448' title='bbox 1074 4791 1177 4856; x_wconf 89' lang='lat' dir='ltr'><strong>pondus</strong></span> <span class='ocrx_word' id='word_1_449' title='bbox 1196 4790 1323 4854; x_wconf 83' lang='lat' dir='ltr'><strong>pertinent</strong></span> <span class='ocrx_word' id='word_1_450' title='bbox 1341 4789 1395 4838; x_wconf 89' lang='lat' dir='ltr'><strong>sin·</strong></span> 
     </span>
     <span class='ocr_line' id='line_1_46' title="bbox 96 4857 1120 4925; baseline 0.002 -17"><span class='ocrx_word' id='word_1_451' title='bbox 96 4857 218 4925; x_wconf 86' lang='lat' dir='ltr'><strong>gulariter</strong></span> <span class='ocrx_word' id='word_1_452' title='bbox 236 4857 394 4908; x_wconf 86' lang='lat' dir='ltr'><strong>declinantur</strong></span> <span class='ocrx_word' id='word_1_453' title='bbox 463 4861 496 4912; x_wconf 81' lang='grc'><strong>30</strong></span> <span class='ocrx_word' id='word_1_454' title='bbox 513 4859 647 4910; x_wconf 85' lang='lat' dir='ltr'><strong>ministrae</strong></span> <span class='ocrx_word' id='word_1_455' title='bbox 664 4884 699 4896; x_wconf 89' lang='lat'>-</span> <span class='ocrx_word' id='word_1_456' title='bbox 710 4858 814 4922; x_wconf 87' lang='lat' dir='ltr'><strong>quando</strong></span> <span class='ocrx_word' id='word_1_457' title='bbox 834 4859 922 4909; x_wconf 89' lang='lat' dir='ltr'><strong>liores.</strong></span> <span class='ocrx_word' id='word_1_458' title='bbox 934 4896 939 4908; x_wconf 93' lang='lat'>.</span> <span class='ocrx_word' id='word_1_459' title='bbox 950 4895 973 4910; x_wconf 90' lang='lat'><strong>..</strong></span> <span class='ocrx_word' id='word_1_460' title='bbox 996 4859 1023 4908; x_wconf 82' lang='lat' dir='ltr'><strong>in</strong></span> <span class='ocrx_word' id='word_1_461' title='bbox 1040 4874 1120 4924; x_wconf 81' lang='lat' dir='ltr'><strong>marg.</strong></span> 
     </span>
    </p>
   </div>
   <div class='ocr_carea' id='block_1_8' title="bbox 120 4945 1188 4994">
    <p class='ocr_par' dir='ltr' id='par_1_8' title="bbox 120 4945 1188 4994">
     <span class='ocr_line' id='line_1_47' title="bbox 120 4945 1188 4994; baseline 0 0"><span class='ocrx_word' id='word_1_462' title='bbox 120 4949 217 4994; x_wconf 70' lang='lat' dir='ltr'><strong>Qun.</strong></span> <span class='ocrx_word' id='word_1_463' title='bbox 231 4959 286 4994; x_wconf 75' lang='lat' dir='ltr'><strong>mu.</strong></span> <span class='ocrx_word' id='word_1_464' title='bbox 299 4949 382 4993; x_wconf 70' lang='lat' dir='ltr'><strong>suern</strong></span> <span class='ocrx_word' id='word_1_465' title='bbox 1034 4983 1039 4990; x_wconf 90' lang='lat'><em>.</em></span> <span class='ocrx_word' id='word_1_466' title='bbox 1157 4945 1188 4994; x_wconf 88' lang='grc'><strong>16</strong></span> 
     </span>
    </p>
   </div>
   <div class='ocr_carea' id='block_1_9' title="bbox 0 0 1702 5448">
    <p class='ocr_par' dir='ltr' id='par_1_9' title="bbox 0 0 1702 5448">
     <span class='ocr_line' id='line_1_48' title="bbox 0 0 1702 5448; baseline 0 0"><span class='ocrx_word' id='word_1_467' title='bbox 0 0 1702 5448; x_wconf 95' lang='lat' dir='ltr'><strong> </strong></span> 
     </span>
    </p>
   </div>
  </div>
 </body>
</html>
