3390 5444
320 361 380 425 158
538 361 662 414 sutton
680 361 949 416 EXPOSITIONES
967 364 1017 414 DE
1036 363 1177 416 nouam
1194 363 1397 419 PRIORIBVS.

318 559 416 613 autem
449 552 551 622 lacio’,
574 568 662 611 nemo
695 549 767 610 uicit
793 551 903 612 ‘autem
926 568 981 630 ego
1003 552 1103 614 laeio’.
1149 551 1355 632 ‘Inousque
1384 552 1606 616 Palaemon':

318 671 406 714 nemo
435 652 506 714 dicit
528 657 599 730 ‘que
622 651 711 713 luous
734 651 914 714 Palaemon'.
958 651 1114 725 Quomodo
1142 653 1211 715 illae
1239 672 1359 734 semper
1381 663 1605 735 praeponuntur,

317 756 359 814 sic
382 755 455 814 istae
477 761 544 834 post
566 772 683 833 semper
712 761 877 834 ponuntur;
907 773 983 834 quae
1011 754 1127 816 mediae
1159 763 1243 826 sunt,
1273 764 1302 816 et
1329 759 1467 837 postponi
1496 769 1607 836 possunt

319 853 332 938 ΙΙ
350 857 369 915 ι.
390 853 465 917 148·
482 853 493 938 ΙΙ
510 863 541 917 et
562 841 716 934 anteponi:
745 857 848 935 ‘igitur
870 857 927 918 hoo
951 857 1017 926 lac’,
1046 857 1106 917 ‘lac
1128 857 1246 934 igitur';
1275 855 1390 918 mediae
1413 877 1470 938 pro
1494 858 1606 919 arbitrio

317 957 443 1018 dicentis
465 965 516 1018 aut
537 963 763 1040 praeponuntur
785 965 835 1018 aut
857 965 1090 1037 postponuntur.

770 1092 819 1154 DE
841 1091 1152 1155 PRAEPOSlTIONE.

400 1196 587 1276 Praepositio
615 1201 661 1257 est
687 1213 756 1275 pars
783 1197 926 1256 orationis
954 1194 1045 1266 elicta,
1076 1194 1152 1272 quotl
1183 1196 1213 1256 in
1240 1194 1389 1275 loquendo
1411 1199 1605 1277 praeponitur,

302 1307 350 1359 ·ut
373 1306 444 1378 puta
467 1298 559 1378 ‘apud
582 1299 722 1358 amicum'
744 1315 866 1376 possum
890 1297 1007 1368 dicere·
1025 1297 1165 1357 ‘amicum
1182 1296 1271 1377 apud’
1288 1315 1348 1358 non
1363 1315 1486 1376 possunt
1502 1298 1605 1365 dicero

316 1401 359 1460 sic
387 1399 546 1461 aduersum
577 1400 727 1466 inimicos:
756 1400 837 1459 ‘ante
866 1397 1021 1478 templum’
1050 1398 1132 1468 uico,
1165 1397 1317 1478 ‘templum
1345 1401 1426 1460 ante’
1450 1419 1511 1460 non
1540 1399 1606 1460 dico.

317 1501 359 1561 Eo
381 1502 460 1582 quod
483 1503 512 1563 ln
535 1500 684 1581 loquentlo
706 1501 909 1580 praeponitur,
932 1499 1010 1561 elicta
1027 1499 1219 1578 praepositio.
1259 1500 1415 1561 Praetereo
1430 1502 1606 1580 praepositio
1618 1516 1634 1552 u

317 1621 405 1665 casus
437 1610 519 1665 tenet
550 1603 749 1664 accusatiuunr
782 1611 811 1661 et
839 1599 1012 1663 ablatiuum.
1062 1603 1097 1662 Et
1125 1619 1200 1682 quae
1229 1609 1298 1662 sunt
1325 1605 1488 1663 accusatiui
1516 1620 1605 1671 cnon,

316 1713 431 1767 tantum
453 1723 554 1767 casum
577 1706 780 1766 accusatiuum
803 1710 925 1782 regunt,
960 1712 994 1764 ut
1026 1711 1095 1783 puta
1130 1701 1224 1782 ‘apud
1253 1705 1398 1764 amicos’:
1434 1722 1524 1764 nemo
1546 1703 1608 1763 dicit

315 1806 470 1876 ‘amicis';
501 1814 531 1868 et
559 1822 633 1883 quae
660 1813 730 1865 sunt
757 1803 878 1865 ablatiui
906 1821 1005 1872 casus,
1037 1802 1198 1866 ablatiuum
1228 1802 1325 1866 solum
1353 1813 1476 1884 regunt,
1507 1814 1539 1866 ut
1560 1805 1607 1864 ‘ab

315 1909 469 1970 inimicis’.

401 2009 477 2070 Sunt
508 2008 582 2070 aliae
615 2009 865 2088 praepositiones,
900 2025 976 2084 quae
1010 2007 1151 2069 dicuntur
1185 2008 1314 2069 mediae:
1354 2007 1443 2068 modo
1477 2009 1608 2069 seruiunt
1621 2023 1638 2060 ιι

316 2113 496 2186 accusatum,
521 2110 609 2171 modo
631 2109 771 2171 ablatiuo.
816 2109 852 2170 Et
874 2108 992 2188 quantlo
1015 2108 1125 2170 debent
1147 2111 1263 2169 seruire
1285 2110 1470 2178 anomaliae,
1496 2109 1608 2187 quando

316 2211 462 2273 alslatiuo?
505 2211 670 2292 Aliquando
692 2219 764 2272 tuno
787 2211 970 2280 accusation,
995 2211 1113 2288 qnando
1135 2213 1257 2272 mutatio
1281 2208 1353 2280 loci;
1379 2220 1450 2271 tuuc
1472 2210 1608 2281 ablatiuo,

315 2314 432 2394 quando
459 2314 643 2395 permansio,
674 2319 706 2373 ut
734 2321 803 2392 puta
833 2314 858 2372 si
884 2311 965 2372 dicas
986 2310 1034 2371 ‘eo
1056 2313 1086 2371 in
1109 2311 1229 2379 lorum'‚
1258 2313 1315 2372 uisi
1339 2313 1534 2373 mutationem
1558 2311 1609 2372 loci

315 2415 437 2486 leceris,
471 2416 516 2476 ire
546 2434 605 2476 non
636 2421 730 2494 potes.
780 2413 859 2492 Ergo
886 2413 1005 2493 quando
1029 2414 1152 2474 mulatio
1182 2422 1227 2474 est
1255 2413 1457 2474 accusatiuum
1487 2423 1609 2492 regunt;

315 2517 432 2596 quando
461 2519 647 2597 permansio,
682 2514 843 2576 ablatiuum
859 2533 993 2591 ¹casum:
1029 2532 1087 2574 non
1116 2516 1310 2574 mutationem
1344 2515 1528 2594 significant,
1562 2514 1639 2575 sedeo

314 2616 427 2679 locum:
451 2619 493 2680 ‘in
510 2618 620 2698 templo
635 2619 724 2688 sum',
747 2616 797 2678 ‘in
812 2616 877 2676 loro
899 2617 987 2676 sum'.
1012 2615 1140 2678 Necesse
1155 2624 1209 2687 est,
1226 2622 1266 2686 ut,
1290 2616 1408 2695 quando
1424 2620 1551 2680 mutatio
1566 2619 1609 2685 sit,

315 2727 450 2781 teneatur
472 2721 675 2790 accusatiuus;
698 2716 818 2800 quando
839 2720 990 2779 remansio
1012 2721 1064 2788 sit,
1089 2726 1225 2779 teneatur
1248 2716 1406 2779 ablatiuus.

362 2885 364 2892 ,
399 2822 475 2883 Sunt
506 2821 580 2883 aliae
608 2821 644 2882 Vl
673 2821 924 2901 praepositiones,
958 2838 1033 2900 quae
1066 2837 1226 2900 numquam
1256 2827 1453 2898 segregantur
1483 2820 1522 2881 ab
1550 2819 1610 2882 aliis

315 2922 449 3003 partibus
464 2925 607 2985 orationis
623 2941 719 3004 neque
735 2923 867 3002 separari
883 2930 1017 3001 possunt,
1035 2930 1068 2982 ut
1083 2921 1112 2983 tt
1128 2921 1174 2984 (lis
1189 2940 1222 2982 re
1238 2940 1271 2982 se
1287 2940 1333 2982 am
1350 2939 1416 2982 con.
1456 2921 1608 2984 ‘Conduco

313 3025 398 3086 tioi’:
429 3041 515 3084 nemo
538 3030 636 3104 potest
657 3024 758 3085 (licere
781 3027 855 3084 ‘corr
879 3022 933 3084 tibi
954 3022 1065 3093 duco';
1089 3023 1214 3085 dicimus
1237 3025 1361 3104 ‘recipio
1383 3022 1493 3094 illum'‚
1525 3039 1637 3085 nemea

313 3127 358 3184 ‘re
381 3125 463 3187 illum
487 3127 587 3205 cipio’,
616 3124 739 3186 ‘secubo
762 3126 800 3186 ab
822 3127 896 3200 illo’,
928 3141 1014 3186 nemo
1036 3128 1081 3187 ‘se
1104 3124 1213 3185 abillo
1236 3125 1325 3186 cubo'
1348 3123 1498 3186 similiter.
1545 3123 1609 3185 ldeo

312 3225 451 3286 <licuntur
473 3223 649 3304 loquellares
672 3227 921 3306 praepositiones,
945 3225 1025 3306 quod
1048 3244 1167 3306 semper
1189 3225 1355 3308 loquutioni
1377 3226 1561 3296 adhaerent,
1584 3235 1609 3287 et

313 3334 345 3387 ut
372 3326 592 3406 eloquutionem
621 3328 742 3400 iaciant,
772 3328 947 3408 cuicumque
975 3326 1137 3407 particulae
1160 3328 1321 3390 cohaerent
1342 3347 1475 3408 semper:
1503 3330 1608 3391 ‘reior-

312 3429 438 3491 rnidans’
455 3431 510 3490 erit
524 3430 722 3511 participium,
738 3431 920 3491 ‘reuocetur'
936 3431 992 3491 erit
1008 3448 1128 3491 nomen.
1159 3429 1303 3492 Omnibus
1318 3429 1451 3510 partibus
1467 3433 1606 3512 iungitur,
1677 3417 1678 3498 l

311 3533 351 3591 ita
374 3538 487 3603 tamen,
510 3540 624 3592 utnon
647 3540 826 3613 amputetur.
1617 3547 1636 3585 s
1677 3501 1678 3534 ¹

774 3649 822 3711 DE
844 3649 1146 3712 lNTERlECTlONE.

396 3749 566 3812 Interiectio
589 3759 634 3814 est
656 3769 726 3832 pars
748 3753 900 3824 orationis,
924 3770 999 3833 quae
1022 3769 1139 3813 sensum
1163 3751 1270 3813 mentis
1292 3753 1440 3831 exprimit,
1463 3753 1492 3812 si
1516 3752 1607 3814 laetus

311 3871 348 3914 an
377 3870 450 3921 non,
480 3859 512 3913 ut
538 3853 562 3912 si
585 3852 682 3913 dicam
704 3851 764 3913 lren
786 3853 843 3913 uch
867 3861 940 3914 attat
961 3871 1070 3932 papae;
1100 3852 1249 3922 laetantis,
1273 3860 1306 3913 ut
1328 3853 1419 3922 uach;
1451 3853 1607 3935 aliquoties
1677 3853 1678 3906 ι

311 3954 452 4026 dolentis,
481 3963 512 4016 ut
535 3955 584 4015 olr.
629 3953 665 4014 Et
687 3956 798 4024 omnia,
823 3972 898 4043 quae
921 3954 1043 4015 conlusa
1068 3971 1140 4014 uoce
1162 3955 1356 4030 proteruntur
1378 3954 1414 4016 ad
1438 3958 1607 4035 exprimen·

311 4057 364 4116 tlos
394 4058 525 4117 allectus.
582 4055 652 4116 ltem
681 4056 903 4116 iuter-lectiones
931 4074 991 4116 non
1019 4054 1130 4116 habent
1156 4057 1276 4135 propria
1306 4058 1438 4126 nomina,
1469 4057 1525 4118 sed
1555 4068 1636 4137 pron

310 4159 449 4238 qualitate
481 4157 636 4219 sentientis
670 4159 719 4218 uel
750 4156 878 4218 uolentis
910 4163 1123 4236 agnoscuntur,
1158 4158 1184 4216 si
1212 4163 1262 4217 aut
1289 4155 1391 4218 dolore
1419 4158 1467 4218 uel
1498 4157 1605 4220 laetitia

310 4259 511 4341 proleruutur.

310 4379 537 4388 ——---—-·-——-—-

378 4425 822 4494 llnousque]Verp.Aen.V823
865 4426 1139 4492 tectusquepntemon
1192 4429 1525 4495 aquaedoctuspalemon
1569 4429 1604 4478 ille

309 4499 391 4549 illste
459 4495 539 4562 asic]
560 4496 605 4547 sed
675 4498 706 4547 to
723 4507 840 4562 preterea
894 4497 924 4545 ll
944 4491 1019 4544 noctis
1038 4505 1135 4544 tautum
1153 4493 1198 4546 cosi
1216 4495 1294 4547 accus
1361 4498 1395 4549 20
1412 4497 1529 4548 ublatiuo
1547 4513 1605 4548 casu

309 4569 341 4618 22
355 4562 494 4629 remansio]
509 4564 596 4630 Supra
607 4565 645 4614 bia
658 4565 804 4629 pennensio
816 4565 924 4628 positum
936 4570 1001 4616 eret.
1054 4565 1087 4612 24
1096 4561 1224 4628 conduco]
1244 4565 1288 4615 tibi
1298 4566 1389 4616 addidi
1438 4567 1471 4616 26
1482 4561 1603 4628 dicimos]

309 4638 429 4685 alumnum
481 4636 513 4684 26
532 4633 625 4683 secubo
643 4647 672 4682 se
689 4632 759 4682 illum
778 4633 843 4682 cubo
894 4633 926 4682 27
946 4631 1014 4693 quod
1033 4628 1103 4696 tempi
1154 4631 1277 4682 arllrerent
1322 4644 1347 4682 et
1363 4633 1396 4684 ad
1414 4633 1604 4695 eloquutionem

308 4701 406 4752 iaciunt
456 4704 490 4754 28
506 4700 627 4752 articulos
645 4701 802 4750 colerentur.
822 4697 928 4766 Semper
979 4701 1013 4750 33
1029 4708 1094 4759 atat,
1111 4714 1244 4764 suprascr.
1262 4716 1314 4767 uup
1366 4715 1459 4767 popae,
1470 4717 1605 4767 suprascr.
1677 4697 1678 4746 i

308 4784 379 4820 amre
446 4769 624 4833 assentasse
651 4769 833 4834 exprimendus
860 4767 959 4818 alectus
1028 4768 1060 4817 36
1087 4769 1219 4818 sentientis
1246 4769 1355 4820 uolentis
1381 4781 1563 4835 agnoscuntur
1584 4769 1603 4818 si
1677 4791 1678 4842 q

308 4847 392 4888 autem
411 4836 523 4886 dolorem
543 4837 583 4886 uel
601 4835 730 4886 laetitiam.

838 4905 1073 4912 ————-
