3420 5450
321 366 364 413 XC
622 405 624 410 .
741 351 863 405 SERGII
881 351 1183 404 EXPLANATIONES

319 543 542 602 commentariis
570 547 745 618 excerptam
773 550 801 602 et
828 545 859 602 in
887 543 1054 603 breuiorem
1072 541 1207 615 sormam
1228 543 1386 604 rametam
1408 558 1472 602 csse
1492 544 1605 602 minime

319 647 445 705 credere
461 643 617 720 possimus.
655 646 750 705 Immo
771 645 805 703 ia
821 645 925 719 potius
946 642 1031 704 nobis
1052 646 1244 704 statuentium
1265 652 1324 718 est,
1348 661 1388 704 eu
1409 642 1521 704 eisdem
1536 643 1606 702 Ser·
1700 699 1701 702 ,

321 749 434 806 uianae
455 748 614 807 doctrinae
642 749 763 814 ciuilis,
793 763 833 806 eoo
855 744 960 822 quitus
982 745 1035 821 qui
1053 748 1107 806 suo
1127 735 1199 807 eius
1213 746 1332 807 nomine
1353 744 1607 817 circumferuntur

321 851 529 908 commentarii
546 852 705 924 flicccruul
727 849 769 907 aa
790 864 882 908 unum
904 864 1017 922 omncs,
1047 849 1128 908 hanc
1150 864 1268 923 quoque
1289 855 1385 908 artem
1406 859 1546 908 manasse
1566 859 1606 909 ol·
1700 859 1701 882 ³

319 966 376 1024 que
397 949 442 1009 ita
464 966 617 1022 manasse,
649 957 681 1009 ul
708 948 797 1024 quasi
824 966 877 1010 suo
900 950 1001 1010 Marte
1022 965 1084 1009 rem
1105 958 1233 1024 uereret.
1278 949 1390 1010 Eodem
1413 949 1482 1010 iure
1503 949 1607 1024 Seruio
1700 965 1701 1036 ᾗ

319 1053 404 1127 apuli
430 1052 549 1111 Petrum
582 1049 814 1126 qrammalicum
841 1049 931 1112 leuius
957 1050 1031 1111 libri
1053 1069 1086 1128 p.
1117 1057 1184 1128 toi,
1209 1059 1223 1108 t
1252 1050 1395 1112 tribuitur
1426 1054 1524 1120 locus,
1562 1056 1609 1126 qul

319 1152 446 1213 alsiurule
468 1170 527 1213 non
550 1162 617 1213 erat
638 1161 741 1222 notus;
763 1152 807 1225 cf.
822 1155 911 1212 ctiam
934 1161 1028 1214 artem
1051 1169 1189 1232 anonym.
1207 1152 1300 1214 Bern.
1320 1170 1353 1229 p.
1372 1161 1439 1230 135,
1454 1161 1478 1213 t.
1526 1153 1608 1224 (iuod

319 1253 371 1316 uim
387 1256 520 1329 primum
543 1252 619 1315 milti
640 1255 890 1315 animaduertisse
906 1257 988 1315 uisus
1002 1273 1081 1332 sum,
1105 1263 1197 1315 toturn
1213 1253 1342 1316 libellum
1359 1257 1506 1329 inicorum
1521 1257 1607 1315 cdere

318 1359 418 1416 trullus
439 1357 587 1417 dubitaui.
632 1357 710 1416 Nam
732 1373 912 1431 quamquam
934 1375 972 1416 nc
994 1359 1037 1418 ita
1058 1359 1193 1433 quictem,
1217 1374 1295 1432 quoe
1315 1356 1416 1418 Serui
1435 1361 1509 1436 sint,
1534 1375 1607 1432 quoe

318 1459 442 1519 alianae
463 1462 578 1538 inlata,
608 1477 685 1535 quae
708 1459 746 1519 ait
768 1461 842 1535 ipsis
863 1461 975 1520 artium
996 1460 1194 1536 scriptoribus
1218 1461 1326 1520 adalta
1349 1457 1481 1532 fuerint,
1510 1463 1608 1521 omnia

316 1563 406 1621 certis
435 1561 612 1636 quibusdam
640 1563 825 1635 oraumentis
854 1560 986 1621 discerni
1007 1577 1097 1637 posse
1123 1562 1229 1630 credo,
1258 1569 1357 1621 tomen
1386 1564 1492 1637 aliqua
1519 1573 1607 1639 certe,

317 1680 394 1738 quac
420 1663 540 1739 quidem
569 1665 600 1724 in
628 1666 733 1723 ceteris
760 1662 864 1724 Seruii
889 1665 1113 1724 commentariis
1144 1665 1247 1724 iisdem
1272 1671 1419 1740 concepta
1446 1665 1548 1725 uerbis
1574 1681 1608 1725 oc

316 1767 470 1825 sententiis
510 1765 785 1841 definitionibusque
821 1772 930 1825 ornata
967 1767 1176 1838 inueniuntur,
1217 1765 1325 1827 Seruio
1361 1767 1607 1826 uindicabuntur.

317 1868 453 1928 Ceterum
475 1883 512 1926 ea
535 1882 665 1943 quoque,
694 1869 823 1940 quaein
845 1869 901 1928 tzoc
923 1868 1001 1927 libro
1017 1869 1219 1942 peculiariter
1239 1869 1377 1944 exposita
1404 1876 1487 1950 sunt,
1515 1868 1610 1928 bonne

314 1969 419 2044 sruois
444 1972 537 2044 plena
565 1971 608 2028 ito
636 1985 668 2028 se
694 1970 821 2043 nubent,
857 1978 889 2029 ut
917 1971 1054 2044 uenlecta
1081 1971 1183 2029 iacere
1211 1967 1300 2040 nefas
1332 1970 1483 2030 duxerim.
1532 1970 1609 2030 Nam
1700 1981 1701 1988 ’

317 2074 418 2130 insunt
447 2071 607 2138 nonnulla,
646 2088 723 2146 quae
750 2087 770 2130 a
796 2073 895 2144 nullo,
930 2079 1072 2147 quotquot
1098 2072 1140 2130 aci
1170 2079 1273 2131 nostro
1300 2079 1436 2146 temporo
1464 2073 1611 2132 deuenerc

317 2180 455 2233 auctores
475 2175 682 2247 arammatici,
707 2173 865 2233 obseruata
887 2174 1002 2233 uiciens.
1047 2173 1181 2250 Accedit,
1204 2174 1285 2247 quot
1306 2190 1325 2232 a
1349 2175 1467 2234 Graeco
1489 2175 1609 2236 tramine

316 2275 397 2334 iano
428 2281 524 2334 artem
555 2273 717 2353 scriptam¹
736 2277 785 2335 ucl
809 2292 849 2334 cn
878 2276 994 2335 Graeco
1025 2278 1203 2335 translatam
1235 2292 1298 2336 csse
1328 2277 1414 2336 nouo
1444 2275 1612 2344 fallacibus

317 2378 504 2450 ornamentis
524 2378 598 2436 mitri
619 2377 726 2437 uideor
742 2378 880 2453 probare
896 2393 999 2451 posse,
1023 2379 1067 2436 ilo
1080 2385 1113 2437 ut
1127 2377 1184 2437 ltoc
1199 2393 1316 2452 auoque
1336 2385 1505 2453 spectantes
1528 2382 1612 2440 uiros

316 2480 417 2539 doctos
439 2495 499 2539 non
521 2481 675 2552 iuorolum
702 2496 747 2539 me
773 2480 832 2540 sior·
855 2477 968 2551 fecisse
988 2495 1061 2554 onus
1087 2495 1288 2555 sperauisse
1310 2480 1497 2540 iudicaturos
1520 2490 1612 2557 atque

316 2583 412 2657 ipsum
434 2583 515 2642 illum
537 2584 636 2642 uirum
659 2583 874 2660 doctissimum,
903 2583 954 2641 eui
978 2583 1055 2642 tzaec
1081 2597 1174 2641 sacra
1200 2597 1263 2641 esse
1290 2583 1388 2657 uolui,
1418 2584 1534 2658 quippe
1562 2585 1614 2657 qui

316 2684 451 2744 Dosiltnei
478 2691 573 2743 artem
600 2685 694 2743 multa
717 2701 777 2760 por
808 2685 931 2744 soeculo
966 2685 1131 2758 neolectom
1158 2700 1225 2743 cum
1253 2683 1288 2743 ob
1316 2687 1394 2757 atio,
1424 2692 1486 2746 tum
1514 2685 1553 2745 ob
1580 2687 1613 2746 ici

316 2790 412 2862 instem
435 2789 467 2845 in
489 2787 585 2846 lucem
605 2789 797 2860 protraxerit
804 2833 811 2859 ,
839 2787 921 2861 quoa
945 2786 1002 2846 troc
1030 2801 1146 2861 auoque
1173 2787 1336 2846 rectissime
1361 2793 1507 2848 statueret
1530 2788 1613 2847 nobis

316 2889 528 2947 attendendum
549 2905 627 2964 esse,
650 2905 711 2962 qua
733 2891 853 2949 ratione
876 2889 1006 2963 antiquis
1028 2887 1207 2963 temporibus
1225 2890 1392 2963 pecentino
1406 2905 1545 2950 sermone
1568 2891 1614 2950 usi

316 2993 374 3049 sint
395 2990 458 3050 uiri
478 2991 676 3065 alicnioenae.

886 3223 968 3288 One.
991 3223 1037 3288 II.

318 3342 437 3419 QVAE
459 3341 595 3409 INTER
616 3343 785 3417 LIBRVM
812 3341 1081 3408 BERNENSEM
1103 3341 1159 3407 ΕΤ
1182 3339 1363 3408 SCRIPTA
1386 3341 1611 3410 SERGIANA

741 3444 1020 3511 INTEROEDAT
1041 3443 1184 3510 RATIO.

401 3587 468 3647 Iam
490 3589 589 3663 qualis
610 3591 689 3649 inter
710 3593 805 3650 artem
827 3595 959 3650 nostram
979 3593 1008 3647 et
1022 3586 1125 3661 Seruii
1143 3589 1374 3647 commentarios
1394 3589 1492 3648 etlitos
1513 3586 1611 3649 inter-

316 3690 405 3749 cedat
419 3693 467 3750 uel
480 3687 685 3752 similitudiriis
699 3693 746 3751 uel
761 3691 1008 3751 dissimilitudinis
1021 3691 1118 3768 ratio,
1142 3689 1322 3749 tractatibus
1342 3690 1378 3749 cle
1399 3691 1613 3752 coniunctione

316 3793 395 3851 iuter
415 3808 447 3853 se
468 3793 595 3853 conlutis
613 3801 762 3869 patescet:

977 3874 1102 3957 [Sergii]
1128 3874 1349 3954 explanationes
1372 3877 1401 3936 in
1425 3875 1499 3937 Don.
1522 3876 1612 3938 tint

423 3997 471 4040 nrs
495 3979 653 4040 Bernonsis
675 3979 741 4041 cod.
765 3975 843 4040 207:
1140 3977 1249 4040 codicis
1271 3977 1443 4040 Lauantini:

359 4115 387 4176 p.
414 4095 490 4169 156,
514 4095 650 4160 26—28
680 4099 853 4160 Coniunctio
877 4117 950 4176 pars
1018 4117 1046 4178 p.
1070 4095 1147 4168 515,
1171 4093 1507 4159 36-39001nuncno
1532 4099 1611 4160 diota

317 4203 459 4261 orationis
497 4211 541 4263 est
578 4201 669 4278 dicta,
709 4201 786 4282 quod
824 4203 950 4278 stringat
976 4209 1021 4261 ost
1043 4219 1094 4271 eo,
1121 4200 1375 4278 quodconiungal
1398 4199 1610 4262 elocutionem.

317 4305 482 4364 onnlionem
506 4314 535 4364 ol
557 4313 673 4375 teneat,
696 4313 728 4364 ul
743 4305 768 4364 si
783 4302 864 4364 dicas
883 4307 949 4382 ‘ego
976 4302 1048 4364 Nom
1072 4321 1131 4363 non
1154 4311 1251 4383 potest
1273 4303 1367 4363 oratio
1385 4312 1484 4363 nostru
1501 4303 1612 4365 cohae-

317 4413 347 4465 el
369 4405 420 4466 ills
442 4407 486 4466 irc
509 4404 675 4477 uolumus’;
704 4424 762 4466 non
792 4423 949 4485 possumus
975 4423 1053 4474 tnnc,
1078 4406 1135 4464 nisi
1157 4405 1354 4482 coniungatur
1376 4405 1430 4466 ista
1453 4406 1611 4484 particula.

318 4507 418 4567 dicere
440 4511 508 4586 ‘ogo
530 4506 602 4581 iile',
625 4507 676 4567 sul
699 4509 872 4587 interposita
895 4509 950 4568 ista
977 4514 1008 4567 ut
1030 4508 1054 4567 si
1077 4507 1158 4567 dions
1180 4511 1247 4584 ‘ego
1271 4503 1321 4565 ilie
1337 4508 1460 4575 eamns',
1484 4525 1545 4567 non
1569 4519 1614 4568 cst

316 4609 460 4687 particulo
484 4611 538 4670 ‘ei’
560 4613 724 4672 connexione
747 4612 900 4688 coniungit
922 4618 951 4669 et
977 4627 1088 4670 conexa
1112 4611 1221 4670 onnlio:
1253 4611 1411 4687 interpone
1433 4607 1502 4668 ‘el’:
1544 4611 1613 4688 ‘ego

317 4709 397 4788 ligat.
962 4696 1005 4771 iu
1026 4711 1076 4772 nte
1093 4715 1214 4779 ennius,
1239 4709 1336 4782 uideS,
1360 4729 1418 4791 qno
1434 4712 1523 4772 motio
1540 4732 1612 4774 con-

961 4810 1063 4899 ]iigata
1087 4817 1126 4875 sit
1148 4815 1252 4875 oratio.
