3390 5444
532 377 582 428 na
600 374 739 430 nouam
758 375 962 432 rmomevs.
1332 377 1391 443 157

178 563 334 644 Expletiua
351 563 529 634 coniunctio,
553 583 629 644 quae
644 564 742 626 addita
758 573 853 636 ornat,
877 566 1007 627 detracta
1025 613 1031 628 .
1049 611 1057 627 .
1075 613 1082 626 .
1100 613 1118 638 .,
1141 574 1173 629 ut
1190 575 1235 628 est
1249 569 1273 628 si
1289 567 1392 628 dixero

94 666 143 726 ‘ad
166 665 288 727 domum
312 665 388 726 uade
411 664 535 728 saltim’:
565 666 658 727 ‘uado
681 666 717 728 ad
740 667 875 728 domurn’
899 666 1016 729 ornabit
1044 667 1244 754 eloquutionis
1271 685 1391 730 sensum

94 775 123 828 et
144 767 288 848 ponderis
309 766 419 844 aliquid
443 766 532 828 addet
553 764 682 848 †minus
698 770 727 829 ·i·
743 787 779 830 aa
801 771 825 830 si
848 768 981 830 dixisset:
1006 773 1157 848 ‘magnum
1174 778 1218 832 est
1234 769 1286 831 tibi
1302 772 1390 832 etiam

92 869 201 931 domus
216 877 265 930 tua
280 866 304 950 †
320 878 448 938 tantum,
473 869 544 930 dum
559 873 656 932 omnis
671 879 720 933 tua
736 869 904 932 substantia
919 870 1058 932 distracta
1075 879 1121 932 est
1134 882 1255 952 praeter
1270 872 1391 933 domum

67 975 199 1032 atuam’.

180 1071 311 1134 Causalis
335 1082 394 1144 est,
417 1075 557 1153 quotiens
580 1074 616 1134 de
639 1091 727 1134 causa
751 1073 893 1150 loquitur.
939 1073 1033 1136 Causa
1057 1073 1209 1144 aethaeo,
1234 1077 1272 1135 ‘si
1296 1072 1391 1135 debeo

94 1173 234 1236 occidere
257 1173 356 1244 illum,
379 1183 430 1236 aut
452 1183 485 1236 ut
507 1173 607 1236 tollam
631 1177 658 1234 ei
680 1173 874 1236 hereditatem
899 1186 949 1236 aut
970 1179 1052 1252 quod
1072 1177 1210 1237 inimicus
1233 1176 1305 1236 mibi
1329 1183 1390 1237 est:

92 1275 174 1337 bunc
197 1277 222 1337 si
247 1276 397 1346 occidero,
421 1284 451 1336 et
472 1276 582 1338 carebo
605 1278 747 1338 iuimico’.
771 1276 841 1337 Ideo
864 1275 974 1337 dicitur
996 1277 1132 1349 causalis,
1156 1277 1234 1358 quod
1258 1296 1294 1338 eo
1317 1285 1391 1338 tem·

92 1395 166 1457 pore
189 1379 325 1458 ponitur,
350 1377 469 1454 quando
492 1377 528 1438 de
550 1397 639 1440 causa
661 1378 820 1456 loquimur.

56 1497 79 1536 ιο
178 1477 354 1550 Rationalis,
383 1479 500 1558 quando
528 1479 637 1558 aliquid
666 1478 816 1558 loquimur
844 1479 880 1540 de
908 1482 1034 1541 ratione.
1079 1479 1180 1560 Longe
1208 1482 1288 1542 enim
1311 1479 1390 1541 aliud

91 1588 136 1642 est
158 1599 263 1651 causa,
292 1578 369 1641 aliud
393 1582 482 1651 ratio,
511 1582 589 1642 idest
610 1599 669 1660 quo
692 1580 761 1659 quid
784 1579 938 1662 conpellor
960 1582 1068 1644 lacere.
1114 1583 1207 1644 Causa
1230 1592 1291 1652 est,
1315 1600 1391 1662 quae

90 1701 145 1744 nos
175 1683 265 1743 trahit
291 1681 328 1746 ad
358 1681 534 1744 iaciendum.
579 1681 664 1742 Ratio
687 1688 731 1742 est
754 1681 859 1742 modus
880 1682 1023 1753 faciendi,
1050 1683 1128 1745 idest
1149 1702 1208 1761 pao
1230 1681 1301 1761 quid
1325 1683 1387 1744 etu-

90 1785 203 1854 oiatur,
231 1791 359 1862 utputa
387 1783 535 1845 ‘inimicus
562 1801 647 1844 meus
676 1792 734 1851 est;
767 1782 870 1844 occido
898 1782 980 1844 illurn
1010 1792 1134 1865 propter
1162 1785 1385 1846 hereditatem’:

90 1885 166 1948 haec
197 1903 301 1954 causa;
324 1883 386 1946 ‘sed
410 1883 491 1946 solus
514 1884 609 1946 debeo
632 1883 787 1959 occidere;
811 1902 935 1956 uereor,
958 1887 984 1946 si
1007 1903 1067 1946 non
1088 1889 1169 1948 solus
1191 1884 1286 1948 debeo
1309 1887 1387 1947 occi·
1473 1909 1478 1918 ·

55 1986 180 2058 radere,
206 2004 244 2046 ne
267 1985 504 2065 deprehendar':
528 1984 602 2046 baec
625 2004 684 2046 non
708 2004 813 2056 causa,
837 1986 888 2047 sed
912 1988 988 2048 ratio
1011 1995 1065 2052 est.

176 2087 257 2165 Ergo
279 2087 396 2167 quando
419 2087 457 2147 de
478 2088 594 2148 ratione
609 2086 766 2167 loquimur,
790 2087 964 2149 rationalem
980 2091 1118 2168 ponimus
1134 2089 1389 2159 coniunctionem

91 2189 210 2267 quando
237 2188 274 2249 de
302 2205 405 2259 causa,
440 2188 571 2250 causales
600 2190 835 2252 coniunctiones
885 2189 943 2252 Sed
972 2192 1048 2252 scire
1077 2189 1183 2262 debes,
1214 2190 1292 2271 quod
1322 2190 1391 2252 licet

91 2289 182 2352 nobis
209 2310 264 2371 pro
292 2289 485 2352 rationalibus
512 2289 771 2352 coniunctionibus
794 2291 836 2352 uti
858 2289 1006 2361 causalem
1035 2309 1090 2371 pro
1112 2290 1280 2353 causalibus
1303 2310 1389 2353 num·

91 2409 181 2470 quam
204 2394 247 2452 uti
269 2390 435 2453 rationales.
480 2390 642 2454 Rationalis
665 2400 710 2453 est
731 2393 831 2471 igitur,
861 2391 914 2454 ubi
936 2401 980 2454 est
1001 2381 1092 2462 ratio:
1122 2392 1251 2455 causalis
1274 2402 1332 2463 est,
1363 2395 1389 2454 si

55 2494 142 2556 aoubi
169 2501 217 2555 est
243 2511 348 2562 causa;
375 2491 495 2574 †igitur
522 2501 619 2574 potest
646 2494 718 2574 poni
739 2495 765 2553 si
787 2492 837 2554 ubi
860 2494 885 2554 si
909 2512 967 2555 uon
991 2501 1090 2573 potest
1111 2495 1196 2574 poui;
1224 2494 1315 2572 igitur
1339 2493 1390 2554 ubi

91 2605 134 2657 est
163 2613 267 2666 causa,
297 2595 536 2656 coniunctionem
563 2593 738 2656 rationalem
766 2593 835 2655 non'
855 2603 939 2675 potes
962 2613 1089 2674 ponere:
1121 2595 1247 2674 quodsi
1271 2594 1390 2656 ubiest

91 2699 178 2771 ratio,
201 2695 349 2758 causalem
372 2714 486 2776 ponere
507 2703 601 2777 potes.
639 2696 675 2758 Et
691 2697 800 2777 quare?
835 2695 929 2767 Quod,
953 2696 1071 2775 quaudo
1087 2697 1198 2757 utimur
1213 2695 1250 2757 de
1265 2696 1388 2767 ratione,

90 2801 148 2861 iam
173 2797 336 2879 praecessit
357 2815 461 2866 causa;
490 2798 608 2878 quando
631 2797 667 2858 de
691 2815 777 2859 causa
801 2799 920 2874 utimur,
943 2816 1003 2858 non
1025 2799 1124 2858 statim
1147 2797 1280 2878 sequitur
1302 2799 1389 2858 ratio.

90 2900 263 2980 'Occidam‚
286 2906 319 2961 ut
340 2897 440 2960 tollam
468 2897 687 2971 hereditatem',
717 2917 814 2962 causo
841 2909 899 2968 εεις
928 2901 954 2961 si
983 2907 1080 2961 autem
1109 2899 1189 2960 dico:
1222 2900 1287 2960 ‘sed
1310 2899 1390 2961 solus

54 3001 189 3064 redebeo
216 3000 355 3062 occidere
381 2998 478 3071 illum,
512 3019 551 3062 ne
581 3001 811 3082 deprehendar’‚
845 3002 921 3063 ratio
950 3008 1004 3063 est.
1055 3001 1123 3063 ldeo
1151 3001 1203 3063 ubi
1231 3009 1276 3064 est
1302 3003 1388 3070 ratio,

91 3106 205 3167 utimur
228 3111 257 3164 et
279 3121 381 3171 causa;
413 3101 463 3163 ubi
486 3110 532 3164 est
553 3121 656 3178 causa,
686 3121 745 3164 non
769 3104 867 3164 statim
890 3104 1001 3164 utimur
1022 3103 1153 3174 ratione,
1183 3103 1262 3181 quod
1291 3110 1391 3184 potest

90 3223 179 3267 causa
202 3207 274 3284 poni
297 3205 361 3264 sine
383 3205 515 3275 ratione,
547 3206 622 3266 ratio
645 3213 761 3274 autem,
784 3205 842 3266 nisi
865 3223 950 3266 causa
972 3206 1188 3284 praecesserit,
1210 3223 1271 3266 non
1294 3212 1390 3286 potest

93 3308 160 3370 dici.
178 3341 222 3352 —
244 3305 421 3368 Coniunctio
443 3305 569 3386 simplex
593 3309 702 3377 ‘nam’,
726 3307 879 3388 conposita
901 3309 1064 3386 ‘namque’.
1107 3307 1230 3368 Accedit
1252 3315 1282 3368 et
1304 3307 1388 3368 ordo.

90 3409 168 3470 Sunt
191 3409 430 3479 coniunctiones,
454 3425 529 3487 quae
553 3397 675 3487 semper
695 3417 934 3488 praeponuntur;
958 3455 1050 3471 .....
1066 3417 1136 3470 sunt
1158 3407 1289 3478 mediae,
1312 3426 1389 3488 quae

55 3526 78 3566 ao
93 3527 270 3573 communes
286 3509 434 3571 dicuutur.
458 3491 698 3589 Praeponuntun
715 3517 747 3570 ut
759 3519 804 3570 ast
817 3519 854 3576 at,
869 3520 914 3571 ut:
939 3513 987 3571 ‘at
1000 3517 1107 3590 pater
1123 3510 1387 3589 omnipotens’‚

91 3618 160 3674 ‘ast
183 3616 273 3692 ego’,
297 3611 375 3690 quod
398 3609 529 3672 medium
552 3611 694 3688 numquid
718 3613 865 3690 possimus
887 3611 987 3673 dicere
1008 3595 1104 3690 ‘pater
1126 3619 1157 3674 at
1176 3613 1386 3690 omnipotens’.

90 3717 171 3794 Ergo
194 3719 264 3775 ‘ast’
288 3713 433 3791 numquid
456 3713 589 3776 medium
612 3720 667 3773 est.
712 3711 795 3783 Quae
817 3713 1056 3793 postponuntur?
1092 3713 1198 3774 Autem
1221 3731 1295 3793 que:
1319 3717 1388 3792 ‘ego

159 3901 302 3952 lditracta
320 3909 347 3949 ut
364 3908 404 3949 εει
483 3899 585 3950 tundo
603 3899 687 3949 saltim
756 3895 890 3966 adlomum
909 3899 1010 3949 ornauit
1027 3898 1215 3962 eloquutionem
1284 3899 1390 3951 daddit

90 3971 231 4020 minus·i·
249 3983 280 4018 ac
297 3969 320 4018 si
338 3961 458 4034 dixisset]
484 3966 570 4019 Locro
586 3975 724 4036 corruptus
741 3968 779 4018 t‘tc
793 3967 909 4030 fortcaae
931 3969 1023 4033 reflnpl
1044 3972 1139 4033 posatt:
1164 3965 1301 4034 Expletiua
1325 3983 1389 4018 con·

91 4038 201 4100 iunctio,
219 4050 285 4100 quae
303 4035 390 4086 addita
409 4045 495 4092 ornat.
513 4037 625 4086 detracta
643 4035 748 4099 minuit,
769 4045 795 4083 ut
812 4043 852 4083 εει
869 4035 891 4084 εἰ
909 4035 996 4085 dixero
1015 4035 1060 4085 ‘ad
1072 4035 1176 4085 domum
1196 4035 1261 4085 uade
1279 4035 1388 4086 saltim’:

91 4105 194 4156 ornabit
210 4104 383 4167 eloquutiouis
402 4117 507 4153 sensum
526 4113 551 4153 et
568 4102 689 4168 ponderis
707 4102 805 4165 aliquid
822 4102 912 4162 addet,
939 4103 1051 4153 detracta
1077 4113 1161 4154 autem
1186 4104 1295 4164 minuet,
1318 4119 1348 4154 ac
1366 4106 1389 4155 si

90 4174 202 4224 dixisset
219 4181 268 4225 ete.
303 4172 395 4222 aetiam
446 4172 541 4221 ddum
560 4168 601 4220 orir
647 4170 750 4221 ‘lilium
763 4171 797 4220 ad
809 4169 895 4220 tollam
942 4181 986 4221 out
997 4168 1076 4237 quod]
1096 4167 1125 4224 at*
1175 4170 1273 4222 Rhaec
1315 4168 1388 4238 aaa

92 4235 218 4306 lllaliud]
236 4239 333 4302 aliquid
387 4239 417 4288 11
431 4238 566 4304 conpellim
620 4239 651 4287 12
664 4251 715 4300 quo
728 4235 842 4306 quid]q
897 4240 928 4288 14
940 4237 963 4288 si
976 4253 1026 4288 uon
1040 4238 1119 4289 debeo
1172 4238 1304 4291 lblbaec
1357 4241 1389 4290 to

90 4307 256 4358 rationabiles
273 4305 433 4357 rationabilis
452 4316 491 4356 eet
507 4305 575 4356 idest
591 4307 656 4355 ratio
674 4307 753 4372 igitur
769 4305 880 4356 causalis
899 4315 939 4356 eat
994 4308 1027 4357 20
1044 4307 1123 4372 igitur
1140 4317 1226 4372 potest
1243 4305 1304 4374 eta]
1323 4307 1391 4359 Loel

89 4377 168 4440 foede
186 4377 304 4439 corrupti
323 4389 413 4425 aeneae
430 4375 452 4426 ιε
469 4382 521 4428 eat:
548 4375 627 4440 igitur
649 4373 758 4425 causalia
780 4384 867 4440 potest
887 4375 962 4440 poni,
990 4375 1012 4424 si
1031 4375 1074 4424 ubi
1092 4375 1157 4425 ratio
1176 4386 1229 4442 est,
1257 4376 1389 4426 radorralie

92 4458 167 4504 uero,
187 4445 211 4493 si
227 4443 271 4492 ubi
289 4457 368 4492 causa
386 4451 438 4502 est,
457 4457 507 4492 non
525 4451 611 4508 potest
628 4442 689 4507 poni
792 4444 824 4494 21
847 4439 935 4507 causa]
957 4441 1069 4492 causalis
1137 4443 1313 4493 rationabilem
1336 4459 1388 4492 non

92 4522 178 4577 potest
195 4525 292 4576 ponere
308 4511 353 4574 qui
370 4511 393 4559 si
407 4511 448 4560 ubi
461 4520 500 4560 eat
511 4509 668 4561 rationabilis
721 4511 754 4560 22
773 4521 857 4575 potest
907 4513 940 4561 24
959 4509 1074 4561 occidam
1091 4509 1206 4562 attollam
1224 4511 1387 4562 hereditatem

92 4581 137 4629 sed
155 4578 227 4629 solus
245 4579 326 4629 debeo
346 4578 426 4629 occidi
445 4578 516 4628 illum
534 4593 566 4628 ne
583 4578 761 4645 deprehendar
778 4579 801 4628 si
818 4587 902 4628 autem
915 4579 973 4628 dico
986 4578 1057 4629 solua
1070 4579 1158 4628 occido
1171 4579 1236 4629 ratio
1249 4587 1288 4629 εει
1355 4581 1388 4630 22

93 4645 154 4712 nlai]
174 4647 230 4698 sine
298 4648 332 4698 28
350 4641 473 4713 simplex]
493 4644 548 4696 serit
626 4647 660 4697 29
678 4643 867 4712 proponuntur]
893 4647 957 4698 Post
973 4647 1021 4697 boa
1039 4646 1170 4698 caelatae
1187 4649 1301 4699 addetur·
1329 4658 1390 4698 sunt

92 4731 157 4778 quae
175 4730 279 4782 semper
297 4725 486 4781 postponuntur
502 4717 544 4764 ael
558 4716 638 4764 attolle
655 4717 724 4780 quid.
796 4715 829 4765 30
846 4724 1023 4779 preponuntur
1074 4727 1100 4764 at
1117 4712 1201 4780 pater]
1225 4716 1303 4780 Verrp.
1322 4717 1388 4767 Aen.

97 4784 137 4834 l'I
155 4787 206 4836 592
275 4786 307 4834 al
325 4779 443 4849 aeaego]
472 4783 551 4849 Verp.
570 4783 636 4833 Aen.
655 4783 671 4832 1
690 4785 723 4832 dd
790 4783 822 4832 32
845 4783 968 4846 numquid
987 4782 1099 4833 medium
1117 4781 1167 4848 εει]
1187 4783 1257 4847 quod
1275 4785 1387 4834 medium

93 4863 152 4904 suut
201 4853 287 4904 aulem
308 4867 373 4916 quae
