3400 5450
642 339 883 394 unumunurm.
1373 337 1417 402 49

202 529 433 607 Coniugationes
454 527 615 589 uerborum
638 536 804 598 sentires,
833 528 911 588 idest
933 546 965 587 as
980 545 1012 588 es
1026 529 1068 596 is,
1092 543 1168 604 quae
1191 533 1290 588 tamen
1314 545 1418 588 omnes

112 631 143 690 in
174 629 324 692 secundae
352 647 497 708 personae
526 629 723 692 declinatione
746 631 944 710 requirendae
967 636 1044 690 sunt
1088 626 1261 709 nequitus
1284 629 1309 689 si
1332 648 1363 690 as
1386 631 1417 690 in

112 733 267 792 secundae
302 750 445 810 personae
474 719 632 792 ¹terminata
661 731 751 792 inerit
778 730 991 800 declinatione,
1025 731 1152 810 primam
1181 749 1247 792 esse
1276 731 1416 807 coniuga-

112 835 229 894 tionem
264 835 399 902 noueris,
429 834 454 894 si
483 852 515 893 es
543 835 573 893 in
602 832 735 893 eiusdem
764 830 902 892 similiter
928 849 1075 911 personae
1102 819 1195 894 luerit
1217 831 1418 893 declinatione

85 937 215 1005 slinita,
246 936 406 996 secundam
438 935 676 1012 coniugationem
711 951 776 994 esse
804 948 960 1010 cognosce.
1006 933 1037 994 Si
1066 937 1092 996 is
1118 951 1237 1014 qnoque
1265 934 1295 994 in
1324 935 1419 1012 ipsius

112 1053 264 1114 personae
296 1034 494 1096 declinatione
523 1036 603 1096 linita
631 1035 737 1103 fuerit,
773 1037 889 1096 tertiam
920 1037 1158 1114 coniugationem
1187 1034 1326 1096 similiter
1355 1051 1419 1095 esse

113 1157 174 1198 non
205 1137 332 1200 dubites.
377 1137 436 1198 Sed
465 1145 501 1200 et,
521 1140 548 1198 si
577 1135 730 1215 quodlibet
757 1136 883 1198 uerbum
907 1135 963 1197 snb
985 1139 1099 1217 primae
1122 1155 1267 1216 personae
1289 1135 1418 1199 declina·

113 1241 197 1298 tione
226 1240 426 1317 interrogatus
453 1238 564 1308 lucris,
594 1245 702 1317 quotae
730 1240 948 1317 coniugationis
970 1257 1036 1300 esse
1058 1238 1179 1308 debeat,
1212 1245 1243 1300 tu
1267 1238 1302 1300 ad
1327 1237 1419 1300 decli·

114 1343 269 1406 nationem
304 1340 452 1400 secundae
485 1357 630 1418 personae
660 1337 753 1400 debes
787 1340 962 1411 adtendere,
997 1339 1048 1401 ubi
1071 1358 1191 1402 omnem
1213 1340 1347 1401 eiusdem
1374 1342 1420 1400 rei

77 1458 101 1495 ιο
115 1442 258 1502 ordinem
282 1441 414 1520 praelata
439 1442 551 1521 poteris
573 1440 781 1521 explanatione
804 1459 995 1520 cognoscere.

203 1541 302 1604 Verba
326 1550 424 1606 autem
449 1546 563 1622 primae
586 1543 803 1620 coniugationis
826 1543 899 1604 haec
921 1553 1004 1604 sunt:
1027 1545 1128 1605 ieiuno
1151 1563 1205 1607 oro
1228 1542 1319 1622 nigilo
1335 1559 1421 1620 prae·
1476 1519 1484 1542 ⁰

114 1646 184 1718 iiico
217 1642 352 1724 supplico
386 1645 562 1706 commendo
591 1646 712 1706 insinuo
741 1644 808 1705 nolo
838 1645 874 1705 de
903 1646 1003 1707 uolatu
1033 1645 1119 1708 laudo
1149 1645 1217 1707 letio
1244 1645 1314 1706 lauo
1343 1644 1421 1705 dono

114 1746 243 1807 aedifico
266 1753 336 1807 noto
358 1754 429 1808 nato
451 1765 539 1826 spero
561 1754 607 1807 sto
630 1744 750 1806 ambulo
773 1745 886 1807 labrieo
907 1746 1007 1808 iudico
1029 1747 1129 1826 llagito
1151 1766 1218 1810 amo
1233 1765 1309 1820 uoco
1325 1745 1421 1807 exalto

115 1848 219 1909 exulto
253 1845 364 1908 insulto
398 1855 482 1908 ructo
516 1846 649 1927 persulto
683 1866 817 1926 prouoco
850 1848 962 1927 derogo
990 1848 1102 1927 adrogo
1129 1867 1260 1930 prorogo
1291 1848 1421 1926 subrogo

80 1967 103 2006 ιι
117 1967 265 2030 exaspera
298 1948 393 2010 clamo
426 1936 574 2010 declamo'
594 1950 703 2012 inclino
737 1948 846 2028 napulo
879 1950 1029 2012 iollammo
1063 1949 1178 2029 llagello
1209 1952 1317 2028 sagitto
1346 1949 1422 2011 duro

116 2069 277 2111 murmuro
292 2048 393 2130 pugno
413 2068 531 2130 supero.
572 2050 677 2112 Omnia
701 2050 774 2112 haec
796 2051 889 2114 uerba
913 2053 942 2112 in
966 2052 1255 2130 dne-declinationis
1276 2068 1423 2131 personae

115 2151 269 2213 secundae
291 2170 323 2212 as
339 2150 450 2213 habent
471 2160 501 2213 et
521 2152 589 2213 ideo
611 2154 724 2232 primae
747 2155 964 2232 coniugationis
987 2161 1071 2222 sunt,
1097 2163 1126 2215 et
1148 2171 1352 2234 quaecumque
1375 2151 1423 2212 his

116 2254 227 2314 similia
252 2251 371 2322 luerint,
394 2255 508 2334 primae
531 2255 748 2333 coniugatioois
763 2262 861 2317 erunt.

204 2352 301 2415 Verba
333 2363 430 2416 antem
458 2357 678 2433 coniugationis
706 2357 853 2418 secundae
882 2356 956 2418 haec
985 2367 1068 2419 sunt:
1102 2358 1192 2420 uideo
1219 2357 1312 2420 doceo
1341 2355 1423 2419 caleo

81 2473 228 2517 mmoneo
256 2453 338 2516 soleo
366 2456 477 2536 impleo
500 2458 611 2518 suadeo
634 2456 759 2538 conpleo
781 2457 870 2518 sedeo
892 2461 975 2520 iaceo
998 2477 1079 2538 egeo.
1124 2459 1204 2520 llaec
1227 2462 1307 2521 enim
1331 2456 1423 2520 uerba

119 2577 151 2618 es
178 2556 293 2619 habent
315 2560 345 2618 in
369 2559 427 2620 tine
450 2557 660 2620 declinationis
682 2577 827 2639 personae
849 2560 997 2621 secundae
1020 2559 1141 2621 enideo
1161 2559 1310 2622 secundae
1333 2558 1430 2620 decli-·

118 2661 252 2721 nationis
280 2668 366 2730 sunt,
395 2669 424 2721 et
451 2679 654 2741 quaecumque
688 2659 734 2722 lus
767 2661 875 2722 similia
904 2663 1030 2732 luerint,
1065 2661 1213 2723 secundae
1241 2663 1424 2740 coniugatio-

118 2764 163 2822 nis
185 2768 285 2822 erunt.
604 2773 614 2788 ·

205 2863 327 2924 Tertiae
350 2871 448 2925 autem
472 2864 688 2941 coniugationis
711 2864 803 2926 uerba
827 2865 901 2927 haee
923 2873 1008 2926 sunt:
1031 2863 1099 2943 lego
1122 2885 1158 2925 eo
1180 2865 1227 2925 aio
1250 2881 1324 2944 cogo
1348 2865 1425 2925 (luco

83 2965 198 3026 etacio
235 2983 325 3026 curro
356 2965 425 3027 uolo
453 2964 490 3026 de
520 2964 672 3026 uoluntate
699 2983 754 3044 ago
781 2968 892 3045 aspicio
921 2969 1009 3027 inrno
1038 2964 1149 3046 inpelle
1177 2964 1323 3044 compello
1352 2964 1424 3026 bibo

118 3067 196 3128 uado
221 3065 308 3127 traho
331 3075 411 3147 peto.
456 3067 534 3127 llaec
558 3068 637 3129 enim
661 3065 753 3128 uerba
777 3071 876 3129 omnia
898 3071 925 3128 is
947 3068 1059 3130 habent
1081 3071 1111 3129 in
1135 3069 1193 3130 line
1217 3066 1426 3129 declinationis

120 3186 268 3248 personae
296 3168 444 3230 secundae
467 3177 495 3228 et
517 3169 585 3231 ideo
614 3171 718 3231 tertiae
747 3171 966 3248 coniugationis
989 3178 1075 3240 sunt,
1099 3177 1130 3230 et
1152 3186 1357 3249 quaecumque
1380 3169 1426 3230 his

120 3271 229 3332 similia
254 3270 379 3340 luerint,
404 3271 507 3330 tertiae
530 3271 745 3350 coniugationis
768 3282 866 3332 erunt.

206 3371 325 3432 Genera
343 3371 519 3440 uerborum,
537 3391 611 3452 quae
628 3381 657 3432 et
672 3373 902 3452 significationes
918 3371 1068 3442 dicuntur,
1084 3380 1154 3433 sunt
1169 3375 1312 3451 quinque,
1330 3374 1423 3433 aetina

86 3476 241 3553 upasstua
265 3479 368 3534 neutra
391 3472 571 3554 deponentia
594 3475 771 3535 communia.
810 3474 912 3534 denna
936 3483 1013 3543 sunt,
1037 3491 1111 3552 quae
1133 3475 1163 3533 in
1181 3491 1198 3532 o
1213 3471 1340 3534 litteram
1365 3481 1425 3534 ter-

124 3577 274 3636 minantur
303 3584 333 3636 et
360 3582 481 3653 accepta
505 3593 520 3634 r
542 3573 637 3638 littera
667 3575 780 3636 iaciunt
806 3594 841 3636 ex
872 3595 904 3636 se
932 3577 1065 3654 passiua‚
1096 3582 1129 3635 ut
1153 3575 1219 3635 dico
1243 3575 1327 3635 dicor
1349 3574 1426 3635 duco

123 3677 217 3738 ducor
243 3684 328 3754 porto
352 3687 455 3756 portor
477 3677 642 3754 consrinpo
665 3678 837 3754 confringar
859 3679 948 3737 tuedo
971 3675 1080 3735 laedor.
1120 3675 1239 3736 Passiua
1262 3683 1331 3735 sunt
1351 3693 1427 3752 quae

123 3779 152 3838 in
175 3796 192 3838 r
214 3778 346 3837 litteram
375 3779 572 3838 terminantur
601 3785 631 3839 et
660 3797 693 3839 ea
716 3777 831 3841 sublata
855 3776 984 3840 redeunt
1004 3779 1034 3838 in
1058 3778 1169 3849 aetina,
1197 3785 1231 3840 ut
1254 3775 1338 3836 dicor
1359 3777 1427 3837 dico

125 3895 355 3922 ..--..-l.——-

190 4000 206 4048 2
231 3995 333 4047 Verba:
351 3997 494 4059 dequibus
513 4023 544 4032 -
565 3999 594 4046 ll
615 3996 700 4046 Verba
719 4007 803 4046 autem
822 4013 869 4048 om.
887 3994 914 4043 B
991 3997 1071 4047 'ised
1090 3993 1139 4048 etsi
1158 3992 1191 4061 Α]
1211 3995 1271 4044 An:
1288 3996 1327 4044 sie
1344 4005 1369 4046 et
1385 3997 1426 4046 sil

126 4068 156 4117 10
173 4065 421 4132 explanationema
493 4068 523 4114 11
543 4065 627 4114 Verba
646 4065 711 4113 enim
731 4066 754 4113 A
801 4078 828 4114 ιιι
845 4065 931 4114 ieiuno
951 4077 996 4114 oro
1014 4064 1121 4130 praedio
1141 4063 1225 4129 uigelo
1244 4063 1343 4129 castigo
1362 4078 1426 4129 rogo

125 4134 249 4200 suppleco
268 4133 419 4182 eoriimeodo
439 4134 523 4182 omnio
541 4133 604 4182 hoec
622 4132 700 4182 uerba
717 4132 806 4186 etess
859 4132 1002 4198 predicoA
1073 4133 1104 4182 ta
1122 4131 1342 4182 deolioaelooisss
1396 4134 1427 4182 l'l

125 4216 153 4252 aa
169 4202 291 4252 sillabam
309 4199 330 4250 B
383 4201 571 4266 coniugationie
590 4210 651 4251 sont
668 4199 731 4250 haee
749 4201 831 4251 ethis
849 4199 943 4249 similia
961 4215 1138 4262 quoecumque
1154 4199 1253 4264 primae
1270 4200 1426 4264 coniugatio-

126 4272 165 4320 ois
183 4268 284 4321 snotB
354 4271 386 4319 ta
405 4268 490 4318 Verbo
508 4270 615 4319 enimn
669 4269 795 4319 secundae
813 4267 1043 4333 coniugationisB
1097 4279 1125 4317 ut
1142 4267 1222 4317 doceo
1241 4268 1312 4317 soleo
1331 4267 1427 4334 impleo

126 4339 197 4404 algeo
215 4351 311 4387 moneo
329 4335 416 4387 lerueo
434 4337 504 4386 caleo
524 4350 613 4386 maneo
633 4336 722 4386 uideor
740 4337 836 4387 suadeo
860 4339 936 4386 sedeo
954 4349 1018 4400 egeo
1037 4338 1107 4385 iaceo
1127 4335 1189 4384 llaec
1209 4335 1284 4384 uerba
1303 4351 1331 4384 es
1349 4336 1428 4400 sylla-

127 4405 222 4455 bemB
294 4402 1023 4469 21Vertazettaeo-coniugattomseruntom.13
1110 4403 1245 4453 24Verba
1264 4415 1348 4453 eutem
1366 4418 1428 4453 con-

127 4474 267 4540 iugatiouis
291 4471 421 4522 terciaeB
474 4483 502 4522 ut
524 4473 582 4537 lego
606 4473 663 4522 dico
687 4472 785 4537 ospicio
807 4470 874 4522 secio
896 4486 971 4521 curro
994 4470 1096 4520 conlido
1119 4470 1182 4520 haec
1205 4471 1290 4520 omnia
1309 4471 1387 4520 uerba
1405 4472 1427 4521 ia

127 4543 252 4605 syllabam
270 4540 401 4590 habentB
469 4542 503 4592 25
520 4540 572 4590 libo
591 4543 614 4589 A
665 4539 845 4590 sternacis
899 4553 1074 4603 quaecumque
1091 4538 1131 4588 liis
1150 4539 1244 4588 similia
1263 4549 1323 4588 sunt
1334 4539 1363 4601 B,
1379 4555 1428 4591 om.

128 4617 192 4662 etet
210 4609 301 4660 tertiae
318 4609 507 4674 coniugatioois
526 4617 606 4659 erunt
710 4611 744 4659 30
761 4608 907 4657 communia
928 4607 1082 4674 deponentia
1106 4605 1148 4656 ΑΒ
1209 4608 1293 4656 action
1313 4607 1389 4656 uerba
1409 4607 1428 4655 B

129 4693 192 4740 qnae
210 4694 225 4728 o
244 4677 320 4728 litB
388 4679 421 4729 32
439 4687 528 4742 ponor
545 4675 694 4742 confringar
712 4675 823 4725 ledorA
875 4675 1023 4740 confringar
1040 4674 1215 4726 ledormss
1267 4689 1334 4736 quae
1351 4691 1364 4723 r
1381 4675 1429 4730 lin.

129 4745 148 4795 B
209 4749 244 4798 33
261 4745 435 4796 terminantB
480 4743 619 4795 redientB
672 4753 699 4793 ut
717 4743 788 4793 dicor
806 4745 871 4792 duco
889 4753 979 4808 postor
997 4753 1072 4809 porto
1092 4745 1110 4790 Α
1133 4753 1160 4792 ut
1177 4743 1247 4793 dicor
1264 4742 1322 4792 dieo
1340 4753 1429 4808 portor

129 4823 201 4878 porto
219 4814 302 4864 ducor
317 4812 384 4863 duco
401 4811 422 4861 B

154 4895 248 4938 dm.
260 4905 315 4938 ur.
327 4895 411 4936 svera
1207 4898 1225 4946 4
