3400 5450
316 331 360 398 64
829 327 898 380 xes
918 327 1093 380 xuonxux

318 523 373 582 lroc
397 530 440 582 est
468 519 631 580 secundum
660 519 861 597 superficiem,
897 523 927 576 et
955 513 1102 595 quomodo
1131 512 1294 574 secnudum
1321 530 1458 582 sensum,
1491 510 1549 572 lroc
1569 519 1610 571 est

319 622 483 684 secundum
511 618 705 682 substantiam
735 617 899 697 qualitatis?
950 616 1007 678 lsta
1035 616 1200 678 differentia
1227 622 1281 675 est.
1328 613 1513 693 Vbicumque
1536 617 1607 674 enim

318 726 468 785 inuenitur
491 724 621 784 ‘dictus’
646 723 692 782 uel
718 720 822 780 ‘dicta’
847 718 893 780 uel
916 717 1044 779 ‘dictum
1054 719 1075 786 ’,
1105 717 1239 778 delinitio
1262 718 1327 777 soni
1350 733 1415 778 esse
1438 715 1607 784 ostenditur,

319 836 351 887 ut
373 824 483 886 ‘littera
507 823 584 885 dicta
608 831 654 882 est
676 824 757 900 quasi
782 819 979 908 legilera‚·eo
996 819 1074 897 quod
1091 820 1175 898 quasi
1192 818 1359 896 legentibus
1374 821 1432 878 iter
1455 816 1490 877 ad
1515 815 1607 894 legen·

318 927 386 987 dum
410 925 567 994 ostendit’;
590 925 662 984 item
685 929 751 1002 ‘pes
773 921 868 983 dictus
890 932 948 990 est,
971 939 1029 1000 quo
1052 923 1135 1001 quasi
1160 928 1321 981 metrorum
1344 937 1452 980 cursus
1475 919 1627 982 incedat's

319 1029 367 1088 Sic
390 1030 479 1087 etiam
500 1044 608 1086 nomen
638 1025 790 1085 definitur:
823 1027 950 1082 ‘nomeu
973 1022 1085 1082 dietum
1109 1032 1168 1091 est,
1191 1023 1277 1102 quasi
1298 1027 1454 1092 notamen,
1478 1021 1607 1099 eoquod

319 1129 404 1189 nobis
426 1126 572 1190 uocabulo
595 1145 648 1187 suo
672 1145 720 1187 res
743 1135 826 1186 notas
850 1125 980 1185 eillciat'.
1020 1123 1202 1201 Vbicumque
1224 1133 1322 1184 autem
1347 1124 1503 1184 inuenitur
1519 1123 1549 1182 iu
1564 1121 1607 1181 de·

319 1233 453 1292 linitione
477 1231 555 1298 ‘est',
580 1228 712 1289 delinitio
734 1245 854 1294 sensus,
883 1225 961 1286 idest
988 1223 1138 1305 qualitatis
1160 1243 1224 1285 esse
1246 1224 1477 1298 demonstratur,
1502 1231 1535 1283 ut
1556 1222 1606 1282 ‘lit-

318 1343 381 1394 tera
404 1340 542 1411 estpars
565 1330 684 1389 minima
709 1331 791 1389 uocis
813 1329 1014 1396 articulatae’;
1039 1328 1108 1386 item
1133 1331 1198 1405 ‘pes
1222 1335 1266 1386 est
1287 1323 1467 1404 syliabarum
1491 1332 1523 1385 et
1543 1332 1607 1385 tem·

317 1450 424 1513 porum
452 1437 534 1492 certa
562 1431 781 1494 dinumeratio.’
831 1429 880 1490 Sic
913 1431 1000 1490 etiam
1034 1413 1197 1489 secuudum
1230 1426 1399 1506 qualitatem
1433 1426 1607 1489 substantiae
1619 1445 1636 1482 o

321 1551 428 1596 nomeu
450 1533 606 1594 delinitur:
629 1532 750 1593 ‘nomen
773 1539 818 1592 est
840 1549 907 1611 pars
929 1531 1072 1590 orationis
1095 1549 1161 1590 cum
1185 1546 1255 1591 casu
1278 1547 1387 1610 corpus
1403 1537 1454 1589 aut
1468 1548 1533 1590 rem
1549 1547 1608 1608 pro·

319 1638 383 1717 prie
405 1637 643 1697 comnruniterue
665 1633 856 1712 significans)
887 1632 1011 1704 Quando
1033 1642 1133 1693 autem
1156 1632 1242 1692 dixit:
1266 1637 1387 1695 ‘nonren
1405 1637 1451 1691 est
1467 1649 1536 1710 pars
1550 1649 1607 1690 ora-

310 1740 406 1800 tionis
429 1756 496 1799 cum
519 1755 588 1797 casu
612 1754 721 1815 corpus
743 1742 792 1796 aut
816 1752 880 1795 rem
910 1735 1031 1813 proprie
1059 1735 1295 1794 communiterue
1323 1733 1518 1811 significans’,
1546 1740 1608 1812 quot

318 1819 508 1901 continentur
531 1840 559 1898 in
582 1835 637 1898 bae
660 1836 849 1897 definitione?
887 1835 1035 1912 Quinque.
1078 1834 1178 1905 Quae?
1214 1834 1346 1895 Primum
1370 1834 1515 1905 ostendit,
1538 1832 1608 1911 quod

320 1958 427 2002 nomen
450 1947 555 2000 octaua
577 1957 646 2018 pars
673 1939 815 2000 orationis
844 1947 903 2008 est,
932 1956 1000 1998 cum
1024 1935 1097 1997 dixit
1123 1937 1250 1998 ‘nornen
1277 1945 1324 1997 est
1350 1954 1423 2015 pars
1451 1937 1639 2003 orationis';n

320 2040 463 2104 secundo
478 2040 567 2102 modo
596 2041 736 2110 ostendit,
771 2040 848 2118 quod
876 2037 990 2101 nullum
1018 2056 1126 2100 nomen
1155 2055 1224 2098 casu
1251 2045 1366 2107 careat,
1397 2037 1517 2115 quando
1544 2039 1610 2098 dixit

322 2145 443 2204 ‘nomen
461 2149 589 2221 estpars
605 2144 749 2204 orationis
771 2160 837 2202 cum
854 2142 947 2203 casu'.
976 2140 1079 2202 Tertio
1095 2141 1183 2200 modo
1199 2139 1341 2201 discernit
1356 2158 1467 2201 nomen
1482 2158 1498 2200 a
1515 2137 1608 2207 uerbo,

319 2266 387 2309 cum
421 2245 495 2306 dixit
527 2245 612 2304 ‘cum
636 2249 734 2312 casu',
769 2244 835 2323 quia
868 2240 992 2303 uerbum
1020 2259 1080 2302 uon
1109 2241 1200 2302 babet
1226 2260 1338 2304 casum.
1388 2243 1503 2314 Quarto
1529 2240 1609 2302 modo

321 2348 467 2419 ostendit,
497 2344 575 2424 quod
604 2363 691 2406 omne
719 2363 828 2406 nomen
851 2363 960 2424 corpus
983 2352 1034 2405 aut
1055 2363 1120 2405 reru
1142 2343 1288 2422 significat
1309 2361 1376 2406 cum
1401 2343 1476 2404 dixit
1498 2344 1610 2422 ‘corpus

320 2460 370 2512 aut
391 2467 456 2512 reru
478 2448 600 2528 proprie
623 2448 859 2507 communiterue
881 2446 1072 2524 significans’.
1106 2445 1218 2517 Quinto
1233 2444 1321 2506 modo
1343 2445 1488 2508 discernit
1509 2460 1639 2506 nomena

320 2571 336 2613 a
359 2551 535 2632 pronomine
559 2556 587 2610 et
608 2550 779 2629 participio,
808 2565 882 2627 qnae
905 2545 1016 2607 babent
1037 2565 1153 2622 casum,
1182 2548 1237 2608 sed
1258 2547 1500 2627 corporalitatem
1524 2555 1552 2608 et
1571 2549 1609 2606 in·

320 2650 562 2733 corporalitatem
591 2657 621 2709 et
648 2651 861 2730 proprietatem
890 2657 920 2710 et
947 2646 1174 2728 appellationem
1209 2667 1268 2710 non
1298 2648 1520 2718 demonstrant,
1549 2667 1609 2709 curu

320 2756 395 2816 dixit
415 2756 445 2815 iu
469 2752 640 2814 delinitione
669 2752 798 2812 nominis
820 2754 941 2830 ‘corpus
963 2760 1014 2812 aut
1035 2770 1098 2812 rem
1121 2753 1243 2831 proprie
1265 2753 1504 2812 communiterue
1526 2753 1608 2830 signi·

319 2859 434 2920 ilcans’.
478 2853 597 2917 Nemini
625 2861 697 2932 quot
725 2851 881 2914 accidunt
925 2851 992 2913 Sex.
1029 2852 1128 2924 Quae?
1165 2853 1297 2925 Qualitas
1324 2854 1498 2933 conparatio
1525 2871 1610 2932 germ

321 2975 464 3020 numerus
493 2957 586 3035 figura
615 2972 714 3037 casus,
743 2955 817 3015 haee
847 2961 917 3015 sunt
944 2971 996 3014 sex
1023 2953 1186 3015 accidentia
1217 2957 1357 3016 nominis.
1407 2953 1493 3016 Scire
1520 2967 1639 3015 autema

320 3078 375 3121 uos
402 3059 556 3128 conuenit,
587 3064 660 3135 quot
687 3068 756 3118 suut
785 3055 983 3117 accidentium
1013 3073 1131 3136 genera.
1177 3057 1346 3117 Secundum
1370 3058 1608 3134 augustinum

321 3162 379 3223 tria
401 3167 480 3220 sunt.
526 3157 625 3229 Quae?
669 3158 746 3219 Stant
768 3161 847 3220 euim
871 3157 1056 3229 accedentia,
1087 3176 1161 3236 quae
1183 3157 1329 3221 accedunt
1351 3165 1381 3220 et
1402 3159 1562 3228 recedunt,
1582 3165 1609 3217 ut

321 3262 440 3324 dolores
468 3259 566 3327 leues,
596 3262 647 3339 qui
674 3259 826 3321 saluantur
853 3279 907 3340 per
935 3259 1110 3321 medicinam
1138 3269 1190 3320 aut
1217 3279 1232 3320 a
1261 3259 1317 3320 deo
1345 3267 1499 3322 sanantur.
1543 3259 1609 3320 Suut

322 3362 336 3449 ll
353 3363 404 3426 iol.
421 3358 478 3423 80·
494 3357 505 3442 ΙΙ
522 3360 707 3432 accedentia,
732 3381 808 3442 quae
830 3361 976 3422 accedunt
997 3369 1027 3422 et
1049 3379 1107 3422 non
1130 3361 1287 3432 recedunt,
1317 3369 1350 3422 ut
1371 3362 1499 3423 caecitas
1521 3361 1609 3440 lepro-

320 3468 405 3534 sitas.
438 3464 496 3554 nisi
524 3463 653 3543 perdel
681 3465 823 3525 uirtutem
852 3472 1004 3525 sanantur.
1047 3464 1122 3525 Item
1149 3473 1218 3524 suut
1246 3461 1433 3534 accedentia,
1462 3482 1537 3542 quae
1563 3460 1637 3522 ali-n
1680 3487 1681 3545 q

320 3567 438 3648 quando
466 3564 610 3627 accedunt
638 3573 667 3624 et
690 3562 846 3644 aliquando
875 3563 1035 3633 recedunt,
1063 3565 1138 3624 siout
1165 3567 1325 3644 unicuique
1352 3563 1491 3626 uoluntas
1517 3566 1607 3631 luerit
1680 3551 1681 3634 l

320 3672 397 3730 sicut
419 3666 534 3729 accedit
556 3667 665 3744 frigus:
696 3668 720 3727 si
744 3665 779 3727 ad
801 3668 900 3745 ignem
924 3667 1059 3736 ueneris,
1084 3666 1197 3728 recedit
1220 3667 1330 3746 irigus;
1358 3667 1473 3728 accedit
1494 3665 1545 3728 tibi
1566 3684 1607 3725 ca·

321 3770 380 3832 lor:
404 3771 498 3830 intras
520 3770 549 3828 iu
573 3785 679 3846 aquam
702 3767 855 3845 frigidam,
878 3768 958 3830 calor
979 3767 1102 3829 recedit.
1147 3769 1279 3840 Qualitas
1302 3771 1455 3830 nominum
1479 3767 1607 3849 bipertita
1680 3745 1681 3820 l

322 3880 380 3933 est:
404 3877 456 3932 aut
477 3871 554 3931 enim
578 3870 697 3951 propria
721 3880 792 3932 sunt
814 3871 932 3930 uomina
956 3879 1007 3930 aut
1028 3868 1214 3950 appellatiua.

388 4039 481 4091 tisoni
499 4039 557 4087 soni
599 4038 749 4104 liegiuera
792 4035 897 4103 bitem]
916 4040 964 4088 lter
1007 4037 1139 4090 thomeu
1157 4041 1250 4090 dietum
1270 4035 1318 4105 est]
1336 4040 1556 4106 cfilsiddqd.
1593 4039 1606 4090 7
1680 4051 1681 4104 i

321 4107 414 4157 eltieiet
447 4106 603 4157 ilartieulute
639 4103 1115 4171 llNomenest]rfillonat.p.355‚5
1150 4123 1336 4173 corpnsuuronr
1374 4109 1605 4168 1³2Qunndoaotem
1680 4107 1681 4156 l

321 4173 382 4239 etc]
402 4175 435 4240 cf.
450 4171 557 4240 [Serpit]
572 4179 705 4240 explanat.
719 4177 745 4224 in
758 4177 825 4225 Dora.
837 4191 864 4239 p.
877 4177 936 4237 489,
947 4177 979 4225 31
989 4191 1044 4241 aeq.
1056 4176 1093 4226 K.
1152 4179 1182 4227 13
1194 4187 1341 4226 cuuruterne
1393 4179 1464 4240 quod
1476 4179 1606 4227 continetur
1680 4181 1681 4196 ¹

323 4241 525 4294 ildiillnitioue
559 4259 608 4305 qne
643 4238 816 4307 i'ldlsceruit]
828 4243 908 4292 diruit
959 4242 1100 4293 18cas⁸um
1135 4247 1226 4306 2tquc
1261 4247 1362 4298 sedura.
1407 4247 1607 4296 ‘22demoustm't
1680 4247 1681 4302 l

320 4313 354 4362 23
363 4312 530 4360 cummuniter
540 4327 571 4360 ue
605 4312 639 4360 tt
647 4309 673 4361 Δ
683 4308 795 4371 Nemini,
808 4327 872 4376 quae
882 4313 1001 4374 discipuli
1013 4313 1196 4376 interropuntr's
1204 4314 1355 4376 aipnificntio
1365 4329 1419 4362 cum
1431 4331 1481 4364 aon
1495 4317 1544 4364 uiri
1553 4329 1605 4378 per·
1680 4331 1681 4374 q

319 4395 383 4429 raro
391 4379 487 4444 puerine
494 4395 546 4428 una
554 4395 607 4428 cura
616 4381 732 4443 napotrt
739 4380 919 4444 respondeatis
927 4381 998 4444 eiquo
1009 4383 1130 4430 eteoclem
1138 4383 1268 4430 rarissime
1278 4375 1439 4446 poeitoffl)
1449 4383 1520 4433 nubis
1528 4395 1605 4431 occar-
1680 4375 1681 4400 ³

319 4456 363 4498 rat
374 4449 401 4496 in
412 4447 460 4496 doc
470 4449 576 4511 scripto,
589 4462 644 4496 eam
653 4449 732 4511 piune
744 4453 866 4498 contemtu
877 4462 978 4496 noum
989 4454 1069 4498 sottus
1078 4450 1204 4511 drraeirrrus,
1223 4465 1295 4514 quam
1306 4450 1471 4512 multifarium
1482 4447 1605 4500 inserendo
1680 4453 1681 4472 ³

319 4521 440 4565 tectorum
449 4513 618 4565 beniuolentia
626 4513 703 4566 abuti.
739 4516 808 4578 quod
843 4528 902 4577 que,
913 4516 972 4577 sere
980 4531 1081 4581 semper
1115 4517 1148 4566 26
1159 4531 1290 4565 numerum
1326 4518 1472 4568 accedentia
1505 4519 1606 4568 uenere
1680 4537 1681 4552 r

320 4585 406 4632 denaia
418 4583 443 4631 iu
457 4597 552 4647 genera
585 4583 733 4648 agustinum
777 4583 809 4634 at
823 4593 876 4630 trea
910 4581 1068 4650 accedentia]
1083 4585 1143 4634 Hoc
1155 4587 1210 4635 loco
1222 4592 1248 4634 et
1259 4586 1285 4633 in
1297 4586 1458 4650 sequentibus
1471 4587 1499 4636 ld
1509 4585 1606 4636 uocabu-

320 4655 368 4700 inm
383 4657 527 4715 propterea
544 4654 674 4714 corripere
691 4651 816 4710 dubitaui,
838 4652 907 4716 quod
927 4665 976 4700 non
993 4653 1025 4702 dc
1044 4655 1198 4713 accidendo,
1216 4654 1265 4702 aed
1281 4654 1313 4703 de
1329 4655 1476 4704 accedendo
1493 4657 1605 4719 ropituesc

320 4721 472 4782 scriptorem
483 4720 599 4784 sequenti
610 4719 756 4782 definitione
768 4717 950 4783 conprobatur,
968 4721 1003 4782 cf.
1016 4736 1081 4786 quae
1092 4735 1129 4772 eae
1142 4717 1288 4788 [Clementis
1299 4717 1381 4786 Secti]
1400 4731 1458 4772 orte
1469 4725 1525 4774 cod.
1535 4721 1605 4772 um.
1680 4721 1681 4748 r

321 4785 659 4850 123s0t8teaeeerprtmur.
695 4787 786 4836 redunt
820 4785 955 4835 2Seeeitae
990 4790 1023 4839 33
1032 4785 1146 4846 Qualitas
1156 4785 1220 4856 ete]
1229 4787 1396 4840 Saatllonati
1403 4789 1605 4854 wbap.3t³,t.
