3420 5450
529 347 579 398 DE
597 347 720 400 LIBRIS
739 346 1014 402 Tvmcurtsmvs,

444 480 449 518 1
467 479 472 517 1
487 491 510 518 as

279 531 414 602 lixoipias:
428 479 466 588 ‘ll
475 493 509 587 ειιί
527 549 598 602 quae
617 531 782 600 preterierc,
800 532 901 600 supino

756 611 795 639 6Εο
851 611 888 638 800
922 610 963 638 neo

231 654 261 704 35
280 650 309 704 l'i
328 650 431 706 iaciunt
449 651 517 707 itum
535 659 584 707 aut
602 666 715 706 caruere
734 651 769 707 do
789 677 795 690 ·
813 667 863 706 cen
882 675 888 685 ·
908 659 934 706 te
953 675 958 686 ·
978 657 1093 706 remoto.

643 745 680 774 ceo
725 745 761 774 cco
800 745 837 774 reo
877 732 910 774 leo
947 745 983 773 reo
1032 733 1066 774 leo

277 787 327 842 Sex
346 787 467 844 retinent
485 796 581 844 neutra
600 785 646 856 pla
665 812 671 826 ·
690 803 725 842 no
745 814 750 825 ·
770 803 800 842 ca
820 812 825 822 ·
845 803 880 841 ua
899 815 903 823 ·
924 801 958 854 pa
977 813 983 824 ·
1002 785 1037 842 do
1058 812 1063 823 ·
1082 785 1209 855 supra.*)

132 871 337 933 taessalatcon
356 872 401 938 l:
419 871 493 941 cum)
512 872 558 928 dat
577 873 604 927 ui
623 879 718 941 pateu,
737 871 784 928 dat
801 887 925 941 passum,
943 879 1038 928 torreo
1058 879 1172 927 tostum.

212 978 299 1054 Super
321 995 431 1036 uersum
454 979 545 1036 illum:
568 976 812 1052 ε1,ἰιιιι’(ιι.15).
849 979 942 1036 Omnia
966 979 1048 1036 uerba
1071 979 1205 1036 secundae
1221 979 1420 1052 coniugationis

134 1065 157 1120 in
178 1064 228 1120 deo
250 1065 400 1121 desinentia
429 1065 532 1121 iaciunt
558 1066 737 1139 praeteritum
759 1067 788 1120 in
810 1065 837 1121 ui
861 1065 978 1135 diuisas,
1008 1073 1039 1120 ut
1060 1066 1162 1122 candeo
1189 1065 1286 1122 candui
1314 1072 1423 1138 praeter

134 1150 246 1224 prandeo
269 1149 363 1222 prandi
388 1148 431 1205 uel
454 1165 569 1224 pransus
591 1166 651 1206 sum
674 1158 702 1205 et
724 1151 845 1224 exceptis
868 1149 938 1222 illis,
970 1167 1039 1224 quae
1061 1159 1123 1207 ante
1146 1151 1196 1206 deo
1219 1149 1319 1207 habent
1341 1165 1421 1206 uoca-

132 1236 180 1290 lem
202 1234 362 1290 naturaliter
384 1235 493 1308 longam
516 1235 558 1312 uel
575 1233 708 1306 sillodam,
732 1249 801 1308 quae
816 1236 905 1291 omnia
920 1235 1024 1292 faciunt
1040 1238 1215 1310 praeteritum
1232 1236 1258 1291 in
1275 1238 1296 1290 si
1314 1243 1423 1308 praeter

132 1318 229 1375 strideo
257 1319 334 1375 stridi
365 1328 393 1375 et
420 1321 540 1394 exceptis
568 1320 639 1390 illis,
668 1336 738 1394 quae
767 1317 867 1376 liabent
895 1328 956 1376 ante
977 1321 1013 1376 do
1035 1337 1050 1376 c
1072 1319 1116 1377 uel
1140 1321 1147 1376 i
1170 1328 1324 1395 correptam
1352 1337 1421 1394 quae

131 1403 300 1478 producendo
329 1405 505 1479 penultimam
534 1403 637 1461 iaciunt
665 1405 844 1480 praeteritum
873 1407 901 1462 in
930 1404 972 1478 di,
1002 1414 1031 1462 ut
1059 1407 1138 1462 uideo
1167 1406 1223 1463 uidi
1252 1415 1280 1462 ct
1301 1406 1422 1480 exceptis

132 1491 198 1562 illis,
226 1507 294 1564 quac
322 1491 423 1546 habent
452 1498 513 1546 ante
540 1491 591 1547 deo
615 1506 630 1546 e
652 1490 697 1546 ucl
720 1508 736 1546 o
763 1492 926 1564 interposita
955 1491 1056 1564 liquida
1085 1499 1113 1548 et
1140 1491 1319 1567 praecedente
1348 1500 1421 1547 mata

132 1575 172 1630 uel
195 1592 237 1646 m,
264 1591 334 1648 quae
358 1577 446 1632 omnia
468 1575 608 1648 geminant
629 1575 806 1650 principalem
829 1573 965 1648 sillabam,
994 1584 1024 1632 ut
1048 1577 1147 1633 tondeo
1171 1575 1279 1633 totondi
1302 1578 1421 1651 exceptis

130 1659 286 1733 conpositis.

211 1745 299 1819 Super
320 1762 432 1801 uersum
454 1745 530 1801 illum
554 1745 741 1819 ‘principium'
766 1745 804 1817 (u.
830 1741 874 1817 rt)
899 1744 966 1801 lracc
988 1753 1030 1802 est
1051 1746 1155 1820 regula.

212 1831 296 1886 Omne
329 1831 442 1887 uerbum
470 1829 645 1904 conpositum
674 1847 688 1886 a
719 1830 803 1886 uerbo
831 1832 986 1904 geminante
1015 1829 1191 1904 principalem
1219 1831 1341 1888 sillabam
1369 1847 1424 1887 non

130 1914 250 1988 geminat
273 1911 422 1990 (geminant
443 1912 516 1989 cod.)
540 1915 651 1972 eandem
679 1916 800 1990 exceptis
827 1915 980 1990 conpositis
1008 1915 1040 1972 alr
1070 1917 1131 1971 istis
1154 1923 1288 1990 quattuor
1309 1918 1424 1990 poposci

128 2007 240 2107 deplllsci
266 2037 332 2091 steti
359 2036 434 2091 astiti
461 2034 521 2090 dedi
553 2034 717 2091 circumdedi
739 2034 820 2091 didici
844 2033 967 2092 addidici.
996 2035 1102 2091 'Omnia
1125 2035 1208 2090 uerba
1230 2037 1258 2090 in
1280 2033 1331 2091 deo
1354 2034 1424 2092 desi·

129 2121 217 2175 nentia
243 2120 345 2176 iaciunt
367 2121 544 2194 praeteritum
568 2121 593 2175 in
616 2121 644 2175 ui
668 2119 769 2176 diuisas
785 2127 812 2176 et
827 2136 889 2176 raro
905 2117 1007 2176 liabent
1023 2121 1128 2193 supina.
1166 2119 1217 2175 Sed
1233 2120 1255 2175 si
1277 2123 1304 2176 ιι·
1325 2119 1424 2176 halme-

127 2206 197 2270 rint,
224 2205 389 2277 regulariter
417 2205 520 2261 laciunt
547 2206 575 2259 in
605 2213 671 2260 tum.
716 2206 808 2261 Omnia
837 2203 888 2261 alia
917 2204 999 2261 uerba
1022 2205 1067 2259 uel
1090 2206 1117 2259 in
1140 2207 1164 2260 ai
1187 2204 1231 2261 uel
1255 2205 1282 2259 in
1304 2204 1330 2260 di
1354 2205 1424 2260 desi·

129 2291 219 2346 nentia
249 2290 294 2345 nel
323 2291 488 2362 geminantia
515 2289 691 2363 principalem
715 2289 837 2347 sillabam
860 2290 964 2346 iaciunt
986 2291 1083 2363 supina
1106 2289 1156 2346 deo
1178 2296 1281 2346 mutata
1303 2290 1330 2345 in
1354 2307 1423 2356 snm,

126 2375 235 2443 gaudeo
257 2375 373 2449 intercip
396 2369 457 2448 (sic)
480 2383 507 2432 et
529 2377 538 2430 i
560 2375 682 2432 uocalem
705 2384 792 2432 mutat
814 2375 841 2430 in
863 2383 1058 2431 consonantem
1080 2391 1107 2446 u,
1130 2383 1162 2430 ut
1184 2375 1318 2448 gauisum.
1355 2375 1425 2432 Nota

127 2459 200 2533 quod
230 2469 327 2517 contra
355 2461 477 2534 regulam
504 2459 585 2516 sedeo
615 2461 763 2534 geminauit
788 2477 817 2534 s,
846 2469 877 2516 ut
904 2458 986 2517 sedeo
1015 2476 1131 2517 sessum.
1176 2460 1329 2516 Secundum
1358 2460 1425 2516 hanc

125 2545 249 2618 regulam
271 2545 354 2602 sedeo
376 2553 464 2602 mutat
486 2544 535 2600 deo
558 2547 586 2600 in
609 2562 684 2614 snm,
711 2545 757 2602 sed
781 2553 876 2602 contra
899 2545 1018 2619 regulam
1042 2564 1055 2602 s
1077 2545 1227 2620 gemiuauit
1250 2561 1283 2600 ne
1305 2547 1327 2601 si
1352 2545 1423 2601 dicc-

124 2639 203 2686 retnr
233 2647 341 2702 seeum,
370 2639 533 2704 putarentur
554 2645 616 2687 esse
638 2631 706 2687 dnae
728 2631 862 2687 dictiones
885 2648 915 2687 se
937 2639 966 2686 et
988 2647 1056 2686 aum.
1101 2607 1193 2686 bannia
1218 2630 1300 2686 uerba
1322 2631 1349 2687 in
1372 2646 1424 2703 geo

124 2714 278 2771 desinentia
302 2715 311 2770 l
334 2717 378 2772 ucl
401 2733 416 2770 r
437 2715 614 2772 antecedente
636 2731 687 2787 geo
710 2724 812 2772 mutata
836 2719 863 2772 in
887 2716 909 2771 si
934 2717 1036 2772 iaciunt
1058 2717 1251 2790 praeteritum,
1274 2724 1306 2771 ut
1329 2723 1423 2787 tergeo

123 2803 201 2858 tersi.
247 2801 350 2858 llicitur
372 2811 460 2857 tamen
485 2809 562 2873 tergo
587 2803 688 2874 tergis,
717 2818 772 2858 nou
796 2801 869 2875 quod
892 2820 906 2860 a
929 2800 1039 2874 mulgeo
1063 2800 1200 2874 qnidam
1224 2800 1318 2856 dicunt
1340 2801 1423 2856 multi

123 2903 205 2941 causa
229 2885 409 2955 dillerentiao,
433 2886 495 2960 quia
518 2905 532 2942 a
556 2885 664 2958 mulgeo
687 2885 788 2942 dicitur
810 2886 899 2942 mulsi.
937 2886 1030 2943 Onuria
1054 2885 1136 2941 uerba
1159 2888 1185 2940 in
1207 2902 1257 2959 geo
1273 2886 1424 2941 desinentia

122 2969 214 3027 nocali
230 2971 312 3044 longa
327 2971 370 3027 uel
387 2971 526 3046 dyptongo
542 2969 717 3026 antecedente
732 2988 784 3045 geo
801 2979 906 3027 mutant
922 2972 948 3026 in
964 2970 1006 3042 ri,
1029 2978 1058 3027 ut
1075 2970 1156 3043 lugeo
1178 2969 1232 3026 luxi
1248 2987 1336 3041 augeo
1352 2971 1423 3026 auri.

121 3057 219 3111 Omnia
231 3056 284 3113 alia
301 3056 381 3112 uerba
398 3057 424 3111 in
441 3073 493 3130 geo
508 3056 658 3112 desinentia
675 3073 707 3112 eo
725 3057 750 3112 in
767 3056 794 3112 ui
807 3056 910 3113 diuisas
922 3064 1023 3112 mutata
1040 3049 1051 3133 ll
1067 3074 1093 3130 p.
1108 3055 1179 3128 286,
1193 3055 1244 3111 eol.
1257 3055 1278 3110 ll
1294 3049 1305 3132 ll
1322 3056 1425 3112 laoinnt

120 3143 321 3214 praeteritum,
352 3149 382 3196 nt
409 3143 487 3214 rigeo
516 3142 588 3214 rigni
616 3143 736 3216 exeeptis
764 3141 834 3211 illis,
862 3158 932 3215 qnae
960 3140 1060 3197 liabent
1087 3140 1096 3194 1
1120 3141 1163 3196 ucl
1186 3157 1202 3195 r
1229 3140 1271 3196 uel
1301 3140 1423 3197 uocalem

120 3227 289 3283 naturaliter
317 3227 426 3300 longam
450 3225 494 3282 uel
515 3226 675 3300 dyptongo,
704 3227 858 3299 dequibus
882 3227 932 3282 iam
955 3226 1057 3283 dictum
1080 3234 1131 3282 est.
1176 3226 1268 3283 Omnia
1292 3225 1374 3282 uerba
1397 3228 1423 3281 in

119 3329 173 3386 geu
203 3312 374 3382 desinentia,
403 3329 472 3385 quae
501 3310 604 3368 iaciunt
629 3313 808 3385 praeteritum
837 3327 886 3386 per
913 3313 940 3366 ui
970 3312 1088 3381 diuisas,
1117 3312 1216 3384 supino
1238 3320 1347 3382 carent,
1375 3311 1422 3367 sed

119 3415 191 3471 quae
220 3414 274 3471 per
302 3397 324 3452 si
354 3397 530 3471 praeteritum
559 3396 678 3468 iaciunt,
706 3397 802 3472 supina
831 3398 896 3453 dant
917 3397 943 3451 in
968 3413 1036 3452 sum.
1081 3397 1173 3476 (luania
1197 3396 1278 3453 uerba
1302 3397 1329 3451 in
1353 3413 1424 3469 queo

119 3483 277 3538 desinentia
301 3483 403 3538 iaciunt
424 3483 602 3556 praeteritum
625 3483 651 3537 in
675 3485 714 3553 si,
741 3490 771 3538 nt
795 3490 912 3554 torqueo
936 3483 1003 3538 torsi
1026 3489 1054 3538 ct
1077 3483 1202 3556 supinum
1226 3481 1248 3536 si
1272 3489 1374 3537 mutata
1397 3483 1424 3537 in

118 3585 196 3638 sum,
228 3577 263 3622 ut
291 3574 404 3624 tersum.
450 3568 550 3623 Tamen
579 3567 750 3640 frequentius
778 3569 805 3623 in
837 3569 910 3635 tuni,
938 3576 968 3623 ut
995 3565 1152 3624 distortum.
1197 3565 1281 3623 (lmne
1309 3565 1423 3622 uerbnua

118 3653 243 3708 secunde
269 3653 470 3725 coniugationis
494 3653 521 3706 in
543 3651 588 3708 leo
611 3652 738 3708 desinens
761 3653 940 3726 praecedente
956 3661 1029 3708 nauta
1046 3652 1071 3708 in
1088 3653 1179 3708 eadem
1198 3651 1294 3709 sillaba
1310 3651 1337 3706 in
1353 3650 1424 3724 (uti)

118 3738 168 3792 ileo
191 3745 223 3793 et
248 3738 340 3793 omnia
363 3737 505 3811 conposita
521 3756 535 3793 a
551 3737 594 3792 leo
609 3744 638 3793 et
653 3737 679 3793 in
696 3755 728 3794 eo
746 3737 849 3794 iaciunt
863 3739 1039 3811 praeteritum
1056 3754 1089 3794 eo
1105 3745 1206 3794 mutata
1222 3739 1250 3792 in
1265 3739 1304 3808 ui,
1326 3744 1357 3792 ut
1371 3735 1423 3792 ileo

118 3822 192 3892 deni,
217 3821 313 3878 deleui
336 3821 453 3879 aboleui.
492 3822 549 3877 dlia
573 3823 662 3879 cannia
685 3825 713 3878 in
736 3824 778 3878 leo
802 3821 952 3879 ‹lesinentia
975 3825 1072 3896 perui
1095 3823 1198 3879 diuisas
1221 3822 1325 3878 iaciunt
1347 3825 1441 3895 prae-¹

118 3909 250 3980 teritum,
283 3917 313 3962 ut
335 3906 414 3963 doleo
437 3905 521 3964 dolui.
565 3905 638 3973 Quae
661 3923 727 3964 uero
751 3909 854 3964 iaciunt
876 3907 902 3963 in
927 3909 972 3979 ui,
996 3909 1098 3964 iaciunt
1121 3910 1246 3981 supinum
1271 3909 1296 3962 ui
1321 3913 1423 3961 mutata

117 3994 143 4047 in
167 4005 246 4056 tum:
282 4009 350 4067 quae
373 3993 472 4066 per-ui
494 3993 614 4063 diuisas,
642 4000 736 4050 carent
759 3994 881 4066 supinis,
910 3993 961 4048 nisi
984 3993 1057 4067 quod
1079 3993 1178 4050 dicitur
1201 3992 1332 4062 dolitum,
1362 3992 1424 4047 iude

117 4077 273 4135 doliturus.
318 4077 370 4133 Sed
387 4079 460 4151 qnod
476 4085 572 4133 neutra
589 4076 706 4134 habeant
721 4079 835 4152 supina,
858 4078 965 4135 dicetur
987 4086 1090 4152 postea.
1135 4077 1168 4132 Et
1182 4086 1257 4149 uota,
1273 4076 1346 4151 quod
1363 4076 1424 4132 oleo

116 4163 169 4219 duo
184 4165 277 4220 halret
293 4164 439 4236 praeterita
456 4163 528 4219 oleui
545 4171 572 4218 et
588 4161 660 4235 olui,
683 4172 711 4220 et
726 4162 779 4218 imo
796 4163 888 4236 (ideoi
911 4165 940 4219 to
956 4162 1028 4235 cod.)
1051 4161 1084 4218 ab
1106 4179 1138 4218 co
1161 4163 1302 4236 conposita
1325 4159 1426 4234 habent

115 4249 179 4322 duo,
196 4258 230 4304 ut
248 4247 347 4305 aboleo
363 4246 472 4304 aboleni
487 4257 515 4303 et
531 4247 621 4304 abolui
638 4257 665 4303 et
680 4249 734 4304 duo
754 4248 849 4322 supina
867 4247 1003 4305 aboletum
1020 4255 1048 4305 et
1063 4247 1202 4304 abolitum.
1231 4247 1323 4305 Omnia
1340 4246 1424 4303 uerba

114 4335 255 4391 secundae
274 4334 475 4406 coniugationis
492 4341 602 4406 praeter
618 4333 757 4406 praedicta
772 4333 875 4389 iaciunt
891 4335 1067 4407 praeteritum
1084 4335 1110 4389 in
1127 4334 1154 4389 ui
1169 4332 1287 4406 diuisas,
1312 4340 1342 4389 ut
1357 4340 1424 4388 tono

117 4420 194 4476 tonui
211 4420 285 4492 (lep.
301 4428 383 4475 teneo
401 4417 485 4489 tenni)
501 4427 610 4492 praeter
625 4419 690 4474 haec
705 4426 782 4475 octo:
805 4415 900 4474 man'eo
923 4419 1002 4475 iubeo
1025 4435 1076 4474 neo
1098 4415 1225 4492 polluceo
1248 4419 1326 4475 luceo
1341 4418 1424 4474 hereo

121 4555 282 4562 ——.——--
293 4553 358 4560 a--a

787 4593 827 4622 neo
1386 4593 1424 4623 0‘0

182 4635 212 4702 ¹⁸)
233 4637 346 4687 Correxi
365 4636 462 4686 codicis
481 4637 633 4702 scripturam
654 4652 679 4687 u.
698 4639 731 4687 33
750 4651 791 4685 mo
827 4672 834 4699 ‚
867 4652 892 4686 ιι.
909 4638 942 4686 35
960 4635 985 4685 ui
1004 4634 1098 4685 iaciant
1115 4637 1140 4685 in
1160 4637 1221 4686 itum
1240 4637 1339 4686 coniere
1357 4635 1390 4685 do

115 4787 172 4840 etc,
192 4790 219 4825 u.
240 4775 279 4826 36
297 4724 443 4848 pam-male
461 4771 616 4836 exhibentis,
634 4771 666 4827 cl.
680 4769 795 4838 glossam
814 4773 837 4822 in
859 4771 908 4822 line
926 4771 1003 4822 huius
1023 4774 1133 4839 paginae
1150 4774 1333 4837 sequentisque
1351 4771 1424 4822 initio

117 4845 294 4911 propositam.

1181 4923 1218 4978 et
