<?xml version="1.0" encoding="UTF-8"?>
<!DOCTYPE html PUBLIC "-//W3C//DTD XHTML 1.0 Transitional//EN"
    "http://www.w3.org/TR/xhtml1/DTD/xhtml1-transitional.dtd">
<html xmlns="http://www.w3.org/1999/xhtml" xml:lang="en" lang="en">
 <head>
  <title>
</title>
<meta http-equiv="Content-Type" content="text/html;charset=utf-8" />
  <meta name='ocr-system' content='tesseract 3.04.00' />
  <meta name='ocr-capabilities' content='ocr_page ocr_carea ocr_par ocr_line ocrx_word'/>
</head>
<body>
  <div class='ocr_page' id='page_1' title='image "./grammaticilatin00hagagoog_0246.png"; bbox 0 0 3394 5448; ppageno 0'>
   <div class='ocr_carea' id='block_1_1' title="bbox 238 344 1071 410">
    <p class='ocr_par' dir='ltr' id='par_1_1' title="bbox 238 344 1071 410">
     <span class='ocr_line' id='line_1_1' title="bbox 238 344 1071 410; baseline -0.014 0"><span class='ocrx_word' id='word_1_1' title='bbox 238 363 364 410; x_wconf 75' lang='lat' dir='ltr'><strong>coxuvt</strong></span> <span class='ocrx_word' id='word_1_2' title='bbox 691 347 740 397; x_wconf 79' lang='lat' dir='ltr'><strong>Du</strong></span> <span class='ocrx_word' id='word_1_3' title='bbox 759 344 945 398; x_wconf 69' lang='lat' dir='ltr'><strong>amantum</strong></span> <span class='ocrx_word' id='word_1_4' title='bbox 963 345 1071 398; x_wconf 79' lang='lat' dir='ltr'><strong>ARTE.</strong></span> 
     </span>
    </p>
   </div>
   <div class='ocr_carea' id='block_1_2' title="bbox 238 531 1581 2739">
    <p class='ocr_par' dir='ltr' id='par_1_2' title="bbox 238 531 1581 1892">
     <span class='ocr_line' id='line_1_2' title="bbox 239 531 1533 615; baseline -0.003 -19"><span class='ocrx_word' id='word_1_5' title='bbox 239 535 326 596; x_wconf 89' lang='lat' dir='ltr'><strong>illud:</strong></span> <span class='ocrx_word' id='word_1_6' title='bbox 362 537 414 596; x_wconf 82' lang='lat' dir='ltr'><strong>‘mi</strong></span> <span class='ocrx_word' id='word_1_7' title='bbox 443 541 535 615; x_wconf 91' lang='lat' dir='ltr'><strong>pater,</strong></span> <span class='ocrx_word' id='word_1_8' title='bbox 570 537 596 595; x_wconf 93' lang='lat' dir='ltr'><strong>si</strong></span> <span class='ocrx_word' id='word_1_9' title='bbox 621 534 685 595; x_wconf 90' lang='lat' dir='ltr'><strong>lieri</strong></span> <span class='ocrx_word' id='word_1_10' title='bbox 717 542 828 614; x_wconf 85' lang='lat' dir='ltr'><strong>potest,</strong></span> <span class='ocrx_word' id='word_1_11' title='bbox 862 542 992 596; x_wconf 89' lang='lat' dir='ltr'><strong>transeat</strong></span> <span class='ocrx_word' id='word_1_12' title='bbox 1020 552 1035 594; x_wconf 93' lang='lat' dir='ltr'><strong>a</strong></span> <span class='ocrx_word' id='word_1_13' title='bbox 1065 552 1112 596; x_wconf 90' lang='lat' dir='ltr'><strong>me</strong></span> <span class='ocrx_word' id='word_1_14' title='bbox 1141 534 1216 596; x_wconf 84' lang='lat' dir='ltr'><strong>calix</strong></span> <span class='ocrx_word' id='word_1_15' title='bbox 1244 535 1346 604; x_wconf 85' lang='lat' dir='ltr'><strong>istel&#39;,</strong></span> <span class='ocrx_word' id='word_1_16' title='bbox 1380 542 1411 593; x_wconf 88' lang='lat' dir='ltr'><strong>et</strong></span> <span class='ocrx_word' id='word_1_17' title='bbox 1442 531 1533 592; x_wconf 89' lang='lat' dir='ltr'><strong>illud:</strong></span> 
     </span>
     <span class='ocr_line' id='line_1_3' title="bbox 239 616 1535 700; baseline -0.004 -18"><span class='ocrx_word' id='word_1_18' title='bbox 239 625 334 700; x_wconf 82' lang='lat' dir='ltr'><strong>‘pater</strong></span> <span class='ocrx_word' id='word_1_19' title='bbox 357 622 406 689; x_wconf 93' lang='lat' dir='ltr'><strong>mi,</strong></span> <span class='ocrx_word' id='word_1_20' title='bbox 430 630 514 698; x_wconf 89' lang='lat' dir='ltr'><strong>pater</strong></span> <span class='ocrx_word' id='word_1_21' title='bbox 536 622 591 690; x_wconf 92' lang='lat' dir='ltr'><strong>mi,</strong></span> <span class='ocrx_word' id='word_1_22' title='bbox 620 637 726 680; x_wconf 88' lang='lat' dir='ltr'><strong>currus</strong></span> <span class='ocrx_word' id='word_1_23' title='bbox 751 618 840 681; x_wconf 89' lang='lat' dir='ltr'><strong>lsrael</strong></span> <span class='ocrx_word' id='word_1_24' title='bbox 869 628 897 680; x_wconf 89' lang='lat' dir='ltr'><strong>et</strong></span> <span class='ocrx_word' id='word_1_25' title='bbox 926 622 1028 698; x_wconf 85' lang='lat' dir='ltr'><strong>auriga</strong></span> <span class='ocrx_word' id='word_1_26' title='bbox 1051 619 1142 682; x_wconf 89' lang='lat' dir='ltr'><strong>eiusl&#39;</strong></span> <span class='ocrx_word' id='word_1_27' title='bbox 1186 619 1286 681; x_wconf 88' lang='lat' dir='ltr'><strong>Potest</strong></span> <span class='ocrx_word' id='word_1_28' title='bbox 1314 616 1438 679; x_wconf 88' lang='lat' dir='ltr'><strong>ethaeo</strong></span> <span class='ocrx_word' id='word_1_29' title='bbox 1460 635 1535 698; x_wconf 87' lang='lat' dir='ltr'><strong>pars</strong></span> 
     </span>
     <span class='ocr_line' id='line_1_4' title="bbox 238 702 1535 786; baseline -0.003 -20"><span class='ocrx_word' id='word_1_30' title='bbox 238 708 269 767; x_wconf 92' lang='lat' dir='ltr'><strong>in</strong></span> <span class='ocrx_word' id='word_1_31' title='bbox 293 704 427 766; x_wconf 87' lang='lat' dir='ltr'><strong>aduerbii</strong></span> <span class='ocrx_word' id='word_1_32' title='bbox 451 705 576 767; x_wconf 89' lang='lat' dir='ltr'><strong>transire</strong></span> <span class='ocrx_word' id='word_1_33' title='bbox 599 705 860 782; x_wconf 81' lang='lat' dir='ltr'><strong>significationem,</strong></span> <span class='ocrx_word' id='word_1_34' title='bbox 884 705 909 766; x_wconf 91' lang='lat' dir='ltr'><strong>si</strong></span> <span class='ocrx_word' id='word_1_35' title='bbox 932 702 1057 766; x_wconf 89' lang='lat' dir='ltr'><strong>uerbum</strong></span> <span class='ocrx_word' id='word_1_36' title='bbox 1082 714 1232 786; x_wconf 87' lang='lat' dir='ltr'><strong>sequatur.</strong></span> <span class='ocrx_word' id='word_1_37' title='bbox 1276 703 1471 775; x_wconf 78' lang='lat' dir='ltr'><strong>Admiraotis,</strong></span> <span class='ocrx_word' id='word_1_38' title='bbox 1501 711 1535 762; x_wconf 91' lang='lat' dir='ltr'><strong>ut</strong></span> 
     </span>
     <span class='ocr_line' id='line_1_5' title="bbox 239 787 1535 873; baseline -0.005 -21"><span class='ocrx_word' id='word_1_39' title='bbox 239 793 353 873; x_wconf 82' lang='lat' dir='ltr'><strong>‘pape’;</strong></span> <span class='ocrx_word' id='word_1_40' title='bbox 389 792 432 852; x_wconf 92' lang='lat' dir='ltr'><strong>sic</strong></span> <span class='ocrx_word' id='word_1_41' title='bbox 460 790 538 850; x_wconf 91' lang='lat' dir='ltr'><strong>enim</strong></span> <span class='ocrx_word' id='word_1_42' title='bbox 567 788 689 868; x_wconf 85' lang='lat' dir='ltr'><strong>legitur:</strong></span> <span class='ocrx_word' id='word_1_43' title='bbox 725 793 827 870; x_wconf 76' lang='lat' dir='ltr'><strong>‘papa,</strong></span> <span class='ocrx_word' id='word_1_44' title='bbox 858 793 962 851; x_wconf 90' lang='lat' dir='ltr'><strong>uiuere</strong></span> <span class='ocrx_word' id='word_1_45' title='bbox 991 809 1049 851; x_wconf 92' lang='lat' dir='ltr'><strong>non</strong></span> <span class='ocrx_word' id='word_1_46' title='bbox 1084 788 1154 851; x_wconf 85' lang='lat' dir='ltr'><strong>licet</strong></span> <span class='ocrx_word' id='word_1_47' title='bbox 1187 797 1216 851; x_wconf 92' lang='lat' dir='ltr'><strong>et</strong></span> <span class='ocrx_word' id='word_1_48' title='bbox 1248 790 1396 851; x_wconf 79' lang='lat' dir='ltr'><strong>fornicare</strong></span> <span class='ocrx_word' id='word_1_49' title='bbox 1430 787 1535 849; x_wconf 85' lang='lat' dir='ltr'><strong>libetl’</strong></span> 
     </span>
     <span class='ocr_line' id='line_1_6' title="bbox 239 873 1565 948; baseline -0.002 -11"><span class='ocrx_word' id='word_1_50' title='bbox 239 875 312 937; x_wconf 86' lang='lat' dir='ltr'><strong>Nam</strong></span> <span class='ocrx_word' id='word_1_51' title='bbox 336 874 508 936; x_wconf 90' lang='lat' dir='ltr'><strong>admirantis</strong></span> <span class='ocrx_word' id='word_1_52' title='bbox 531 873 629 936; x_wconf 90' lang='lat' dir='ltr'><strong>multis</strong></span> <span class='ocrx_word' id='word_1_53' title='bbox 651 873 747 936; x_wconf 90' lang='lat' dir='ltr'><strong>modis</strong></span> <span class='ocrx_word' id='word_1_54' title='bbox 770 875 843 936; x_wconf 83' lang='lat' dir='ltr'><strong>liunt</strong></span> <span class='ocrx_word' id='word_1_55' title='bbox 864 876 1095 938; x_wconf 86' lang='lat' dir='ltr'><strong>interiectiones.</strong></span> <span class='ocrx_word' id='word_1_56' title='bbox 1139 873 1341 948; x_wconf 81' lang='lat' dir='ltr'><strong>Prohibends,</strong></span> <span class='ocrx_word' id='word_1_57' title='bbox 1371 882 1405 933; x_wconf 93' lang='lat' dir='ltr'><strong>ut</strong></span> <span class='ocrx_word' id='word_1_58' title='bbox 1426 873 1565 940; x_wconf 74' lang='lat' dir='ltr'><strong>‘tuto’;5</strong></span> 
     </span>
     <span class='ocr_line' id='line_1_7' title="bbox 240 957 1536 1038; baseline -0.003 -17"><span class='ocrx_word' id='word_1_59' title='bbox 240 962 282 1022; x_wconf 89' lang='lat' dir='ltr'><strong>sie</strong></span> <span class='ocrx_word' id='word_1_60' title='bbox 306 963 383 1020; x_wconf 89' lang='lat' dir='ltr'><strong>enim</strong></span> <span class='ocrx_word' id='word_1_61' title='bbox 409 959 571 1021; x_wconf 79' lang='lat' dir='ltr'><strong>infantibus</strong></span> <span class='ocrx_word' id='word_1_62' title='bbox 593 962 799 1021; x_wconf 88' lang='lat' dir='ltr'><strong>comminatur.</strong></span> <span class='ocrx_word' id='word_1_63' title='bbox 849 958 922 1021; x_wconf 90' lang='lat' dir='ltr'><strong>Nam</strong></span> <span class='ocrx_word' id='word_1_64' title='bbox 947 967 975 1022; x_wconf 88' lang='lat' dir='ltr'><strong>et</strong></span> <span class='ocrx_word' id='word_1_65' title='bbox 996 961 1025 1022; x_wconf 90' lang='lat' dir='ltr'><strong>iu</strong></span> <span class='ocrx_word' id='word_1_66' title='bbox 1049 960 1192 1022; x_wconf 87' lang='lat' dir='ltr'><strong>&#39;leodisca</strong></span> <span class='ocrx_word' id='word_1_67' title='bbox 1214 957 1313 1038; x_wconf 77' lang='lat' dir='ltr'><strong>lingua</strong></span> <span class='ocrx_word' id='word_1_68' title='bbox 1336 957 1408 1019; x_wconf 91' lang='lat' dir='ltr'><strong>illud</strong></span> <span class='ocrx_word' id='word_1_69' title='bbox 1431 961 1536 1018; x_wconf 82' lang='lat' dir='ltr'><strong>‘totto&#39;</strong></span> 
     </span>
     <span class='ocr_line' id='line_1_8' title="bbox 239 1043 1539 1125; baseline -0.005 -18"><span class='ocrx_word' id='word_1_70' title='bbox 239 1045 429 1125; x_wconf 88' lang='lat' dir='ltr'><strong>prohibentis</strong></span> <span class='ocrx_word' id='word_1_71' title='bbox 444 1044 533 1107; x_wconf 91' lang='lat' dir='ltr'><strong>babet</strong></span> <span class='ocrx_word' id='word_1_72' title='bbox 548 1043 737 1107; x_wconf 87' lang='lat' dir='ltr'><strong>intellectum.</strong></span> <span class='ocrx_word' id='word_1_73' title='bbox 768 1045 933 1117; x_wconf 77' lang='lat' dir='ltr'><strong>bletuentis</strong></span> <span class='ocrx_word' id='word_1_74' title='bbox 951 1054 997 1106; x_wconf 90' lang='lat' dir='ltr'><strong>ut:</strong></span> <span class='ocrx_word' id='word_1_75' title='bbox 1021 1045 1069 1106; x_wconf 75' lang='lat' dir='ltr'><strong>‘ba</strong></span> <span class='ocrx_word' id='word_1_76' title='bbox 1085 1045 1123 1106; x_wconf 90' lang='lat' dir='ltr'><strong>ba</strong></span> <span class='ocrx_word' id='word_1_77' title='bbox 1139 1044 1175 1106; x_wconf 89' lang='lat' dir='ltr'><strong>ba</strong></span> <span class='ocrx_word' id='word_1_78' title='bbox 1191 1044 1315 1106; x_wconf 86' lang='lat' dir='ltr'><strong>Domine</strong></span> <span class='ocrx_word' id='word_1_79' title='bbox 1337 1043 1410 1104; x_wconf 91' lang='lat' dir='ltr'><strong>deus</strong></span> <span class='ocrx_word' id='word_1_80' title='bbox 1433 1043 1539 1104; x_wconf 90' lang='lat' dir='ltr'><strong>nescio</strong></span> 
     </span>
     <span class='ocr_line' id='line_1_9' title="bbox 239 1127 1540 1210; baseline -0.002 -20"><span class='ocrx_word' id='word_1_81' title='bbox 239 1130 331 1208; x_wconf 85' lang='lat' dir='ltr'><strong>loqui,</strong></span> <span class='ocrx_word' id='word_1_82' title='bbox 355 1131 422 1210; x_wconf 80' lang='lat' dir='ltr'><strong>quis</strong></span> <span class='ocrx_word' id='word_1_83' title='bbox 446 1148 520 1209; x_wconf 86' lang='lat' dir='ltr'><strong>puer</strong></span> <span class='ocrx_word' id='word_1_84' title='bbox 542 1149 597 1209; x_wconf 83' lang='lat' dir='ltr'><strong>ego</strong></span> <span class='ocrx_word' id='word_1_85' title='bbox 620 1132 709 1193; x_wconf 88' lang='lat' dir='ltr'><strong>sum’</strong></span> <span class='ocrx_word' id='word_1_86' title='bbox 754 1130 924 1192; x_wconf 86' lang='lat' dir='ltr'><strong>irridentis:</strong></span> <span class='ocrx_word' id='word_1_87' title='bbox 954 1133 1042 1210; x_wconf 81' lang='lat' dir='ltr'><strong>‘euge</strong></span> <span class='ocrx_word' id='word_1_88' title='bbox 1057 1129 1145 1210; x_wconf 36' lang='lat' dir='ltr'><strong>&#39;uba’,</strong></span> <span class='ocrx_word' id='word_1_89' title='bbox 1168 1137 1200 1190; x_wconf 93' lang='lat' dir='ltr'><strong>ut</strong></span> <span class='ocrx_word' id='word_1_90' title='bbox 1221 1127 1306 1191; x_wconf 89' lang='lat' dir='ltr'><strong>illud:</strong></span> <span class='ocrx_word' id='word_1_91' title='bbox 1336 1127 1540 1189; x_wconf 78' lang='lat' dir='ltr'><strong>‘confundan-</strong></span> 
     </span>
     <span class='ocr_line' id='line_1_10' title="bbox 239 1213 1540 1296; baseline -0.003 -19"><span class='ocrx_word' id='word_1_92' title='bbox 239 1227 287 1277; x_wconf 93' lang='lat' dir='ltr'><strong>tur</strong></span> <span class='ocrx_word' id='word_1_93' title='bbox 310 1219 360 1296; x_wconf 90' lang='lat' dir='ltr'><strong>qui</strong></span> <span class='ocrx_word' id='word_1_94' title='bbox 384 1215 486 1276; x_wconf 90' lang='lat' dir='ltr'><strong>dicunt</strong></span> <span class='ocrx_word' id='word_1_95' title='bbox 508 1217 594 1276; x_wconf 91' lang='lat' dir='ltr'><strong>mibi:</strong></span> <span class='ocrx_word' id='word_1_96' title='bbox 619 1233 694 1294; x_wconf 83' lang='lat' dir='ltr'><strong>euge</strong></span> <span class='ocrx_word' id='word_1_97' title='bbox 717 1232 792 1294; x_wconf 81' lang='lat' dir='ltr'><strong>euge</strong></span> <span class='ocrx_word' id='word_1_98' title='bbox 815 1215 883 1286; x_wconf 91' lang='lat' dir='ltr'><strong>uba,</strong></span> <span class='ocrx_word' id='word_1_99' title='bbox 906 1218 955 1294; x_wconf 86' lang='lat' dir='ltr'><strong>qui</strong></span> <span class='ocrx_word' id='word_1_100' title='bbox 979 1217 1107 1278; x_wconf 78' lang='lat' dir='ltr'><strong>destruis</strong></span> <span class='ocrx_word' id='word_1_101' title='bbox 1130 1214 1271 1296; x_wconf 92' lang='lat' dir='ltr'><strong>templum</strong></span> <span class='ocrx_word' id='word_1_102' title='bbox 1294 1214 1347 1276; x_wconf 83' lang='lat' dir='ltr'><strong>liei</strong></span> <span class='ocrx_word' id='word_1_103' title='bbox 1372 1213 1428 1294; x_wconf 73' lang='lat' dir='ltr'><strong>(di)</strong></span> <span class='ocrx_word' id='word_1_104' title='bbox 1453 1220 1482 1274; x_wconf 89' lang='lat' dir='ltr'><strong>et</strong></span> <span class='ocrx_word' id='word_1_105' title='bbox 1506 1215 1540 1273; x_wconf 93' lang='lat' dir='ltr'><strong>in</strong></span> 
     </span>
     <span class='ocr_line' id='line_1_11' title="bbox 239 1299 1581 1381; baseline 0.001 -19"><span class='ocrx_word' id='word_1_106' title='bbox 239 1301 336 1362; x_wconf 92' lang='lat' dir='ltr'><strong>triduo</strong></span> <span class='ocrx_word' id='word_1_107' title='bbox 359 1300 531 1361; x_wconf 83' lang='lat' dir='ltr'><strong>reaedificas</strong></span> <span class='ocrx_word' id='word_1_108' title='bbox 553 1299 747 1381; x_wconf 74' lang='lat' dir='ltr'><strong>(rebedilreasi</strong></span> <span class='ocrx_word' id='word_1_109' title='bbox 771 1299 868 1362; x_wconf 87' lang='lat' dir='ltr'><strong>illud.’</strong></span> <span class='ocrx_word' id='word_1_110' title='bbox 913 1300 1046 1363; x_wconf 87' lang='lat' dir='ltr'><strong>Doleutis</strong></span> <span class='ocrx_word' id='word_1_111' title='bbox 1067 1308 1100 1362; x_wconf 93' lang='lat' dir='ltr'><strong>ut</strong></span> <span class='ocrx_word' id='word_1_112' title='bbox 1121 1303 1170 1362; x_wconf 93' lang='lat' dir='ltr'><strong>ieu</strong></span> <span class='ocrx_word' id='word_1_113' title='bbox 1197 1302 1264 1370; x_wconf 91' lang='lat' dir='ltr'><strong>ieu,</strong></span> <span class='ocrx_word' id='word_1_114' title='bbox 1293 1300 1350 1360; x_wconf 90' lang='lat' dir='ltr'><strong>beu</strong></span> <span class='ocrx_word' id='word_1_115' title='bbox 1378 1300 1453 1372; x_wconf 89' lang='lat' dir='ltr'><strong>beu,</strong></span> <span class='ocrx_word' id='word_1_116' title='bbox 1477 1317 1538 1378; x_wconf 93' lang='lat' dir='ltr'><strong>pro</strong></span> <span class='ocrx_word' id='word_1_117' title='bbox 1553 1323 1581 1362; x_wconf 75' lang='lat' dir='ltr'><strong>ro</strong></span> 
     </span>
     <span class='ocr_line' id='line_1_12' title="bbox 240 1383 1539 1463; baseline -0.002 -17"><span class='ocrx_word' id='word_1_118' title='bbox 240 1383 337 1446; x_wconf 90' lang='lat' dir='ltr'><strong>dolor:</strong></span> <span class='ocrx_word' id='word_1_119' title='bbox 369 1385 428 1446; x_wconf 80' lang='lat' dir='ltr'><strong>‘iou</strong></span> <span class='ocrx_word' id='word_1_120' title='bbox 451 1403 514 1456; x_wconf 87' lang='lat' dir='ltr'><strong>me,</strong></span> <span class='ocrx_word' id='word_1_121' title='bbox 543 1387 592 1446; x_wconf 92' lang='lat' dir='ltr'><strong>ieu</strong></span> <span class='ocrx_word' id='word_1_122' title='bbox 615 1404 677 1455; x_wconf 90' lang='lat' dir='ltr'><strong>me,</strong></span> <span class='ocrx_word' id='word_1_123' title='bbox 708 1393 803 1447; x_wconf 89' lang='lat' dir='ltr'><strong>mater</strong></span> <span class='ocrx_word' id='word_1_124' title='bbox 825 1387 903 1446; x_wconf 86' lang='lat' dir='ltr'><strong>mea&#39;</strong></span> <span class='ocrx_word' id='word_1_125' title='bbox 929 1394 974 1447; x_wconf 88' lang='lat' dir='ltr'><strong>et:</strong></span> <span class='ocrx_word' id='word_1_126' title='bbox 1004 1385 1073 1447; x_wconf 89' lang='lat' dir='ltr'><strong>‘beu</strong></span> <span class='ocrx_word' id='word_1_127' title='bbox 1101 1385 1160 1447; x_wconf 90' lang='lat' dir='ltr'><strong>beu</strong></span> <span class='ocrx_word' id='word_1_128' title='bbox 1188 1395 1219 1446; x_wconf 90' lang='lat' dir='ltr'><strong>et</strong></span> <span class='ocrx_word' id='word_1_129' title='bbox 1241 1384 1298 1444; x_wconf 88' lang='lat' dir='ltr'><strong>boc</strong></span> <span class='ocrx_word' id='word_1_130' title='bbox 1319 1385 1406 1463; x_wconf 86' lang='lat' dir='ltr'>ipsud</span> <span class='ocrx_word' id='word_1_131' title='bbox 1429 1391 1539 1446; x_wconf 91' lang='lat' dir='ltr'><strong>mutuo</strong></span> 
     </span>
     <span class='ocr_line' id='line_1_13' title="bbox 239 1469 1536 1552; baseline -0.001 -21"><span class='ocrx_word' id='word_1_132' title='bbox 239 1474 435 1550; x_wconf 88' lang='lat' dir='ltr'><strong>acceperam’,</strong></span> <span class='ocrx_word' id='word_1_133' title='bbox 466 1479 495 1530; x_wconf 89' lang='lat' dir='ltr'><strong>et</strong></span> <span class='ocrx_word' id='word_1_134' title='bbox 522 1469 610 1531; x_wconf 93' lang='lat' dir='ltr'><strong>illud:</strong></span> <span class='ocrx_word' id='word_1_135' title='bbox 640 1472 682 1531; x_wconf 78' lang='lat' dir='ltr'><strong>‘et</strong></span> <span class='ocrx_word' id='word_1_136' title='bbox 704 1470 796 1532; x_wconf 90' lang='lat' dir='ltr'><strong>caede</strong></span> <span class='ocrx_word' id='word_1_137' title='bbox 817 1469 963 1551; x_wconf 89' lang='lat' dir='ltr'><strong>completa</strong></span> <span class='ocrx_word' id='word_1_138' title='bbox 986 1474 1116 1532; x_wconf 89' lang='lat' dir='ltr'><strong>remansi</strong></span> <span class='ocrx_word' id='word_1_139' title='bbox 1143 1489 1215 1549; x_wconf 85' lang='lat' dir='ltr'><strong>ergo</strong></span> <span class='ocrx_word' id='word_1_140' title='bbox 1242 1473 1351 1552; x_wconf 90' lang='lat' dir='ltr'><strong>ruique</strong></span> <span class='ocrx_word' id='word_1_141' title='bbox 1378 1487 1468 1549; x_wconf 87' lang='lat' dir='ltr'><strong>super</strong></span> <span class='ocrx_word' id='word_1_142' title='bbox 1490 1469 1536 1530; x_wconf 84' lang='lat' dir='ltr'><strong>la·</strong></span> 
     </span>
     <span class='ocr_line' id='line_1_14' title="bbox 239 1554 1539 1635; baseline -0.002 -19"><span class='ocrx_word' id='word_1_143' title='bbox 239 1557 315 1616; x_wconf 89' lang='lat' dir='ltr'><strong>ciem</strong></span> <span class='ocrx_word' id='word_1_144' title='bbox 339 1573 435 1616; x_wconf 91' lang='lat' dir='ltr'><strong>meam</strong></span> <span class='ocrx_word' id='word_1_145' title='bbox 458 1563 487 1616; x_wconf 90' lang='lat' dir='ltr'><strong>et</strong></span> <span class='ocrx_word' id='word_1_146' title='bbox 509 1554 639 1617; x_wconf 89' lang='lat' dir='ltr'><strong>clamans</strong></span> <span class='ocrx_word' id='word_1_147' title='bbox 661 1558 723 1616; x_wconf 89' lang='lat' dir='ltr'><strong>aio:</strong></span> <span class='ocrx_word' id='word_1_148' title='bbox 748 1554 816 1616; x_wconf 75' lang='lat' dir='ltr'><strong>‘beu</strong></span> <span class='ocrx_word' id='word_1_149' title='bbox 841 1555 898 1618; x_wconf 90' lang='lat' dir='ltr'><strong>beu</strong></span> <span class='ocrx_word' id='word_1_150' title='bbox 921 1558 981 1618; x_wconf 88' lang='lat' dir='ltr'><strong>beu</strong></span> <span class='ocrx_word' id='word_1_151' title='bbox 1003 1556 1123 1618; x_wconf 89' lang='lat' dir='ltr'><strong>domine</strong></span> <span class='ocrx_word' id='word_1_152' title='bbox 1137 1557 1219 1626; x_wconf 88' lang='lat' dir='ltr'><strong>deus,</strong></span> <span class='ocrx_word' id='word_1_153' title='bbox 1245 1572 1355 1634; x_wconf 79' lang='lat' dir='ltr'><strong>ergone</strong></span> <span class='ocrx_word' id='word_1_154' title='bbox 1377 1554 1539 1635; x_wconf 88' lang='lat' dir='ltr'><strong>disperdas</strong></span> 
     </span>
     <span class='ocr_line' id='line_1_15' title="bbox 240 1638 1033 1721; baseline -0.003 -19"><span class='ocrx_word' id='word_1_155' title='bbox 240 1659 344 1702; x_wconf 86' lang='lat' dir='ltr'><strong>omnes</strong></span> <span class='ocrx_word' id='word_1_156' title='bbox 366 1639 505 1721; x_wconf 79' lang='lat' dir='ltr'><strong>reliquias</strong></span> <span class='ocrx_word' id='word_1_157' title='bbox 527 1638 648 1702; x_wconf 84' lang='lat' dir='ltr'><strong>lsraell&#39;</strong></span> <span class='ocrx_word' id='word_1_158' title='bbox 691 1639 750 1700; x_wconf 88' lang='lat' dir='ltr'><strong>Pro</strong></span> <span class='ocrx_word' id='word_1_159' title='bbox 773 1639 865 1712; x_wconf 88' lang='lat' dir='ltr'><strong>dolor,</strong></span> <span class='ocrx_word' id='word_1_160' title='bbox 890 1641 1033 1703; x_wconf 91' lang='lat' dir='ltr'><strong>utillud:</strong></span> 
     </span>
     <span class='ocr_line' id='line_1_16' title="bbox 367 1725 1399 1807; baseline 0 -22"><span class='ocrx_word' id='word_1_161' title='bbox 367 1725 530 1786; x_wconf 81' lang='lat' dir='ltr'><strong>Luxuria</strong></span> <span class='ocrx_word' id='word_1_162' title='bbox 554 1726 635 1804; x_wconf 79' lang='lat' dir='ltr'><strong>(am)</strong></span> <span class='ocrx_word' id='word_1_163' title='bbox 658 1743 842 1807; x_wconf 90' lang='lat' dir='ltr'><strong>proceres</strong></span> <span class='ocrx_word' id='word_1_164' title='bbox 865 1726 1004 1788; x_wconf 90' lang='lat' dir='ltr'><strong>multos</strong></span> <span class='ocrx_word' id='word_1_165' title='bbox 1027 1726 1193 1788; x_wconf 78' lang='lat' dir='ltr'><strong>detraxit</strong></span> <span class='ocrx_word' id='word_1_166' title='bbox 1214 1725 1256 1786; x_wconf 90' lang='lat' dir='ltr'><strong>ad</strong></span> <span class='ocrx_word' id='word_1_167' title='bbox 1278 1727 1399 1804; x_wconf 81' lang='lat' dir='ltr'><strong>ignes,</strong></span> 
     </span>
     <span class='ocr_line' id='line_1_17' title="bbox 409 1809 1346 1892; baseline 0 -22"><span class='ocrx_word' id='word_1_168' title='bbox 409 1810 480 1870; x_wconf 85' lang='lat' dir='ltr'><strong>Pro</strong></span> <span class='ocrx_word' id='word_1_169' title='bbox 504 1809 625 1872; x_wconf 88' lang='lat' dir='ltr'><strong>dolor!</strong></span> <span class='ocrx_word' id='word_1_170' title='bbox 648 1818 684 1872; x_wconf 92' lang='lat' dir='ltr'><strong>et</strong></span> <span class='ocrx_word' id='word_1_171' title='bbox 706 1813 876 1872; x_wconf 89' lang='lat' dir='ltr'><strong>minimos</strong></span> <span class='ocrx_word' id='word_1_172' title='bbox 897 1830 1042 1892; x_wconf 85' lang='lat' dir='ltr'><strong>semper</strong></span> <span class='ocrx_word' id='word_1_173' title='bbox 1065 1812 1106 1874; x_wconf 91' lang='lat' dir='ltr'><strong>ad</strong></span> <span class='ocrx_word' id='word_1_174' title='bbox 1128 1813 1199 1873; x_wconf 92' lang='lat' dir='ltr'><strong>ima</strong></span> <span class='ocrx_word' id='word_1_175' title='bbox 1221 1811 1346 1872; x_wconf 89' lang='lat' dir='ltr'><strong>trabit.</strong></span> 
     </span>
    </p>

    <p class='ocr_par' dir='ltr' id='par_1_3' title="bbox 240 1893 1544 2739">
     <span class='ocr_line' id='line_1_18' title="bbox 324 1893 1542 1965; baseline -0.002 -9"><span class='ocrx_word' id='word_1_176' title='bbox 324 1895 534 1965; x_wconf 75' lang='lat' dir='ltr'><strong>Lamentantis</strong></span> <span class='ocrx_word' id='word_1_177' title='bbox 558 1903 591 1956; x_wconf 88' lang='lat' dir='ltr'><strong>ut</strong></span> <span class='ocrx_word' id='word_1_178' title='bbox 613 1897 680 1958; x_wconf 93' lang='lat' dir='ltr'><strong>boie</strong></span> <span class='ocrx_word' id='word_1_179' title='bbox 703 1897 769 1958; x_wconf 91' lang='lat' dir='ltr'><strong>bole</strong></span> <span class='ocrx_word' id='word_1_180' title='bbox 793 1900 844 1962; x_wconf 90' lang='lat' dir='ltr'><strong>mi.</strong></span> <span class='ocrx_word' id='word_1_181' title='bbox 882 1897 931 1958; x_wconf 90' lang='lat' dir='ltr'><strong>Sic</strong></span> <span class='ocrx_word' id='word_1_182' title='bbox 954 1899 1031 1958; x_wconf 90' lang='lat' dir='ltr'><strong>enim</strong></span> <span class='ocrx_word' id='word_1_183' title='bbox 1054 1896 1249 1958; x_wconf 87' lang='lat' dir='ltr'><strong>lamentantes</strong></span> <span class='ocrx_word' id='word_1_184' title='bbox 1272 1913 1339 1958; x_wconf 90' lang='lat' dir='ltr'><strong>cum</strong></span> <span class='ocrx_word' id='word_1_185' title='bbox 1361 1893 1458 1955; x_wconf 91' lang='lat' dir='ltr'><strong>cordis</strong></span> <span class='ocrx_word' id='word_1_186' title='bbox 1480 1893 1542 1954; x_wconf 89' lang='lat' dir='ltr'><strong>do·</strong></span> 
     </span>
     <span class='ocr_line' id='line_1_19' title="bbox 240 1978 1544 2043; baseline -0.002 -3"><span class='ocrx_word' id='word_1_187' title='bbox 240 1979 304 2042; x_wconf 92' lang='lat' dir='ltr'><strong>lore</strong></span> <span class='ocrx_word' id='word_1_188' title='bbox 332 1982 362 2040; x_wconf 93' lang='lat' dir='ltr'><strong>in</strong></span> <span class='ocrx_word' id='word_1_189' title='bbox 385 1978 521 2041; x_wconf 88' lang='lat' dir='ltr'><strong>lamentis</strong></span> <span class='ocrx_word' id='word_1_190' title='bbox 544 1983 605 2041; x_wconf 90' lang='lat' dir='ltr'><strong>suis</strong></span> <span class='ocrx_word' id='word_1_191' title='bbox 627 1979 727 2041; x_wconf 86' lang='lat' dir='ltr'><strong>dicere</strong></span> <span class='ocrx_word' id='word_1_192' title='bbox 750 1981 854 2042; x_wconf 91' lang='lat' dir='ltr'><strong>solent.</strong></span> <span class='ocrx_word' id='word_1_193' title='bbox 901 1983 1084 2042; x_wconf 87' lang='lat' dir='ltr'><strong>Vuamantis:</strong></span> <span class='ocrx_word' id='word_1_194' title='bbox 1112 2000 1172 2043; x_wconf 94' lang='lat' dir='ltr'><strong>uua</strong></span> <span class='ocrx_word' id='word_1_195' title='bbox 1201 2000 1258 2041; x_wconf 92' lang='lat' dir='ltr'><strong>une</strong></span> <span class='ocrx_word' id='word_1_196' title='bbox 1280 1997 1387 2041; x_wconf 89' lang='lat' dir='ltr'><strong>nonne.</strong></span> <span class='ocrx_word' id='word_1_197' title='bbox 1431 1978 1544 2040; x_wconf 80' lang='lat' dir='ltr'><strong>Solent</strong></span> 
     </span>
     <span class='ocr_line' id='line_1_20' title="bbox 243 2063 1542 2146; baseline -0.002 -20"><span class='ocrx_word' id='word_1_198' title='bbox 243 2067 322 2126; x_wconf 87' lang='lat' dir='ltr'><strong>enim</strong></span> <span class='ocrx_word' id='word_1_199' title='bbox 352 2073 403 2126; x_wconf 91' lang='lat' dir='ltr'><strong>aut</strong></span> <span class='ocrx_word' id='word_1_200' title='bbox 432 2063 558 2126; x_wconf 92' lang='lat' dir='ltr'><strong>uinculis</strong></span> <span class='ocrx_word' id='word_1_201' title='bbox 586 2068 740 2126; x_wconf 82' lang='lat' dir='ltr'><strong>constricti</strong></span> <span class='ocrx_word' id='word_1_202' title='bbox 774 2075 825 2129; x_wconf 86' lang='lat' dir='ltr'><strong>aut</strong></span> <span class='ocrx_word' id='word_1_203' title='bbox 852 2067 934 2128; x_wconf 88' lang='lat' dir='ltr'><strong>duris</strong></span> <span class='ocrx_word' id='word_1_204' title='bbox 961 2066 1115 2128; x_wconf 93' lang='lat' dir='ltr'><strong>doloribus</strong></span> <span class='ocrx_word' id='word_1_205' title='bbox 1143 2067 1237 2146; x_wconf 91' lang='lat' dir='ltr'><strong>pressi</strong></span> <span class='ocrx_word' id='word_1_206' title='bbox 1264 2065 1310 2126; x_wconf 88' lang='lat' dir='ltr'><strong>bis</strong></span> <span class='ocrx_word' id='word_1_207' title='bbox 1338 2064 1413 2144; x_wconf 77' lang='lat' dir='ltr'><strong>(hist</strong></span> <span class='ocrx_word' id='word_1_208' title='bbox 1439 2065 1542 2125; x_wconf 89' lang='lat' dir='ltr'><strong>inter-</strong></span> 
     </span>
     <span class='ocr_line' id='line_1_21' title="bbox 241 2147 1541 2231; baseline -0.001 -20"><span class='ocrx_word' id='word_1_209' title='bbox 241 2148 422 2211; x_wconf 90' lang='lat' dir='ltr'><strong>iectionibus</strong></span> <span class='ocrx_word' id='word_1_210' title='bbox 450 2154 501 2210; x_wconf 91' lang='lat' dir='ltr'><strong>uti.</strong></span> <span class='ocrx_word' id='word_1_211' title='bbox 546 2149 621 2211; x_wconf 87' lang='lat' dir='ltr'><strong>Sunt</strong></span> <span class='ocrx_word' id='word_1_212' title='bbox 649 2158 678 2211; x_wconf 91' lang='lat' dir='ltr'><strong>et</strong></span> <span class='ocrx_word' id='word_1_213' title='bbox 704 2148 780 2212; x_wconf 86' lang='lat' dir='ltr'><strong>aliae</strong></span> <span class='ocrx_word' id='word_1_214' title='bbox 808 2151 908 2231; x_wconf 87' lang='lat' dir='ltr'><strong>plures</strong></span> <span class='ocrx_word' id='word_1_215' title='bbox 938 2153 1177 2221; x_wconf 86' lang='lat' dir='ltr'><strong>interiectioues,</strong></span> <span class='ocrx_word' id='word_1_216' title='bbox 1207 2171 1281 2231; x_wconf 89' lang='lat' dir='ltr'><strong>qnae</strong></span> <span class='ocrx_word' id='word_1_217' title='bbox 1311 2147 1444 2230; x_wconf 85' lang='lat' dir='ltr'><strong>pluribus</strong></span> <span class='ocrx_word' id='word_1_218' title='bbox 1466 2153 1541 2210; x_wconf 92' lang='lat' dir='ltr'><strong>iun-</strong></span> 
     </span>
     <span class='ocr_line' id='line_1_22' title="bbox 243 2234 1544 2318; baseline -0.002 -22"><span class='ocrx_word' id='word_1_219' title='bbox 243 2243 354 2314; x_wconf 84' lang='lat' dir='ltr'><strong>guntur</strong></span> <span class='ocrx_word' id='word_1_220' title='bbox 387 2234 653 2314; x_wconf 81' lang='lat' dir='ltr'><strong>significationibus</strong></span> <span class='ocrx_word' id='word_1_221' title='bbox 686 2245 716 2296; x_wconf 93' lang='lat' dir='ltr'><strong>et</strong></span> <span class='ocrx_word' id='word_1_222' title='bbox 747 2235 847 2298; x_wconf 92' lang='lat' dir='ltr'><strong>multis</strong></span> <span class='ocrx_word' id='word_1_223' title='bbox 880 2238 975 2298; x_wconf 91' lang='lat' dir='ltr'><strong>modis</strong></span> <span class='ocrx_word' id='word_1_224' title='bbox 1008 2238 1216 2318; x_wconf 79' lang='lat' dir='ltr'><strong>proteruntur,</strong></span> <span class='ocrx_word' id='word_1_225' title='bbox 1250 2244 1284 2298; x_wconf 92' lang='lat' dir='ltr'><strong>ut</strong></span> <span class='ocrx_word' id='word_1_226' title='bbox 1310 2238 1369 2296; x_wconf 91' lang='lat' dir='ltr'><strong>iam</strong></span> <span class='ocrx_word' id='word_1_227' title='bbox 1397 2236 1544 2314; x_wconf 84' lang='lat' dir='ltr'><strong>superius</strong></span> 
     </span>
     <span class='ocr_line' id='line_1_23' title="bbox 243 2319 1543 2401; baseline 0 -21"><span class='ocrx_word' id='word_1_228' title='bbox 243 2320 355 2381; x_wconf 89' lang='lat' dir='ltr'><strong>dictum</strong></span> <span class='ocrx_word' id='word_1_229' title='bbox 378 2329 432 2381; x_wconf 89' lang='lat' dir='ltr'><strong>est.</strong></span> <span class='ocrx_word' id='word_1_230' title='bbox 477 2321 615 2382; x_wconf 89' lang='lat' dir='ltr'><strong>Priuatae</strong></span> <span class='ocrx_word' id='word_1_231' title='bbox 638 2339 711 2382; x_wconf 90' lang='lat' dir='ltr'><strong>uero</strong></span> <span class='ocrx_word' id='word_1_232' title='bbox 741 2329 829 2401; x_wconf 82' lang='lat' dir='ltr'><strong>atque</strong></span> <span class='ocrx_word' id='word_1_233' title='bbox 857 2339 1029 2384; x_wconf 89' lang='lat' dir='ltr'><strong>communes</strong></span> <span class='ocrx_word' id='word_1_234' title='bbox 1057 2323 1242 2384; x_wconf 89' lang='lat' dir='ltr'><strong>diuersarum</strong></span> <span class='ocrx_word' id='word_1_235' title='bbox 1266 2322 1397 2401; x_wconf 84' lang='lat' dir='ltr'><strong>gentium</strong></span> <span class='ocrx_word' id='word_1_236' title='bbox 1420 2319 1543 2398; x_wconf 82' lang='lat' dir='ltr'><strong>(cium)</strong></span> 
     </span>
     <span class='ocr_line' id='line_1_24' title="bbox 242 2404 1543 2489; baseline -0.002 -23"><span class='ocrx_word' id='word_1_237' title='bbox 242 2406 379 2466; x_wconf 87' lang='lat' dir='ltr'><strong>diuersae</strong></span> <span class='ocrx_word' id='word_1_238' title='bbox 408 2413 441 2468; x_wconf 89' lang='lat' dir='ltr'><strong>et</strong></span> <span class='ocrx_word' id='word_1_239' title='bbox 480 2404 589 2466; x_wconf 90' lang='lat' dir='ltr'><strong>multae</strong></span> <span class='ocrx_word' id='word_1_240' title='bbox 622 2413 691 2466; x_wconf 89' lang='lat' dir='ltr'><strong>sunt</strong></span> <span class='ocrx_word' id='word_1_241' title='bbox 723 2407 946 2469; x_wconf 87' lang='lat' dir='ltr'><strong>interiectiones</strong></span> <span class='ocrx_word' id='word_1_242' title='bbox 980 2417 1009 2468; x_wconf 90' lang='lat' dir='ltr'><strong>et</strong></span> <span class='ocrx_word' id='word_1_243' title='bbox 1036 2427 1230 2489; x_wconf 91' lang='lat' dir='ltr'><strong>unaquaeque</strong></span> <span class='ocrx_word' id='word_1_244' title='bbox 1265 2425 1338 2485; x_wconf 80' lang='lat' dir='ltr'><strong>gens</strong></span> <span class='ocrx_word' id='word_1_245' title='bbox 1373 2405 1543 2467; x_wconf 89' lang='lat' dir='ltr'><strong>secundum</strong></span> 
     </span>
     <span class='ocr_line' id='line_1_25' title="bbox 242 2489 1543 2573; baseline -0.002 -22"><span class='ocrx_word' id='word_1_246' title='bbox 242 2493 454 2570; x_wconf 86' lang='lat' dir='ltr'><strong>proprietatem</strong></span> <span class='ocrx_word' id='word_1_247' title='bbox 482 2489 649 2570; x_wconf 79' lang='lat' dir='ltr'><strong>linguarum</strong></span> <span class='ocrx_word' id='word_1_248' title='bbox 683 2494 814 2570; x_wconf 90' lang='lat' dir='ltr'><strong>priuatas</strong></span> <span class='ocrx_word' id='word_1_249' title='bbox 849 2500 878 2552; x_wconf 90' lang='lat' dir='ltr'><strong>et</strong></span> <span class='ocrx_word' id='word_1_250' title='bbox 910 2495 1046 2573; x_wconf 90' lang='lat' dir='ltr'><strong>proprias</strong></span> <span class='ocrx_word' id='word_1_251' title='bbox 1073 2492 1162 2554; x_wconf 92' lang='lat' dir='ltr'><strong>babet</strong></span> <span class='ocrx_word' id='word_1_252' title='bbox 1191 2493 1274 2572; x_wconf 70' lang='lat' dir='ltr'><strong>(ent)</strong></span> <span class='ocrx_word' id='word_1_253' title='bbox 1303 2491 1543 2560; x_wconf 88' lang='lat' dir='ltr'><strong>interiectiones,</strong></span> 
     </span>
     <span class='ocr_line' id='line_1_26' title="bbox 243 2575 1543 2658; baseline 0.001 -23"><span class='ocrx_word' id='word_1_254' title='bbox 243 2575 280 2636; x_wconf 93' lang='lat' dir='ltr'><strong>de</strong></span> <span class='ocrx_word' id='word_1_255' title='bbox 307 2575 414 2655; x_wconf 92' lang='lat' dir='ltr'><strong>quibus</strong></span> <span class='ocrx_word' id='word_1_256' title='bbox 437 2575 602 2637; x_wconf 86' lang='lat' dir='ltr'><strong>Donatus</strong></span> <span class='ocrx_word' id='word_1_257' title='bbox 630 2588 738 2654; x_wconf 89' lang='lat' dir='ltr'><strong>paucas</strong></span> <span class='ocrx_word' id='word_1_258' title='bbox 759 2578 809 2638; x_wconf 94' lang='lat' dir='ltr'><strong>bic</strong></span> <span class='ocrx_word' id='word_1_259' title='bbox 831 2579 928 2657; x_wconf 89' lang='lat' dir='ltr'><strong>posuit</strong></span> <span class='ocrx_word' id='word_1_260' title='bbox 955 2577 991 2638; x_wconf 91' lang='lat' dir='ltr'><strong>ad</strong></span> <span class='ocrx_word' id='word_1_261' title='bbox 1016 2578 1180 2658; x_wconf 82' lang='lat' dir='ltr'><strong>exemplum</strong></span> <span class='ocrx_word' id='word_1_262' title='bbox 1204 2577 1322 2639; x_wconf 87' lang='lat' dir='ltr'><strong>dicens:</strong></span> <span class='ocrx_word' id='word_1_263' title='bbox 1352 2577 1543 2644; x_wconf 64' lang='lat' dir='ltr'><strong>‘metuentis</strong></span> 
     </span>
     <span class='ocr_line' id='line_1_27' title="bbox 242 2660 1444 2739; baseline 0.002 -18"><span class='ocrx_word' id='word_1_264' title='bbox 242 2669 275 2721; x_wconf 93' lang='lat' dir='ltr'><strong>ut</strong></span> <span class='ocrx_word' id='word_1_265' title='bbox 297 2663 338 2728; x_wconf 90' lang='lat' dir='ltr'><strong>ei;</strong></span> <span class='ocrx_word' id='word_1_266' title='bbox 362 2663 499 2739; x_wconf 89' lang='lat' dir='ltr'><strong>optantis,</strong></span> <span class='ocrx_word' id='word_1_267' title='bbox 524 2669 556 2721; x_wconf 93' lang='lat' dir='ltr'><strong>ut</strong></span> <span class='ocrx_word' id='word_1_268' title='bbox 578 2681 605 2730; x_wconf 88' lang='lat' dir='ltr'><strong>o;</strong></span> <span class='ocrx_word' id='word_1_269' title='bbox 629 2661 764 2733; x_wconf 89' lang='lat' dir='ltr'><strong>dolentis,</strong></span> <span class='ocrx_word' id='word_1_270' title='bbox 788 2669 820 2724; x_wconf 92' lang='lat' dir='ltr'><strong>ut</strong></span> <span class='ocrx_word' id='word_1_271' title='bbox 842 2663 919 2731; x_wconf 90' lang='lat' dir='ltr'><strong>beu;</strong></span> <span class='ocrx_word' id='word_1_272' title='bbox 943 2661 1087 2734; x_wconf 87' lang='lat' dir='ltr'><strong>lactantis,</strong></span> <span class='ocrx_word' id='word_1_273' title='bbox 1111 2673 1142 2724; x_wconf 93' lang='lat' dir='ltr'><strong>ut</strong></span> <span class='ocrx_word' id='word_1_274' title='bbox 1164 2665 1252 2724; x_wconf 82' lang='lat' dir='ltr'><strong>cuax&#39;</strong></span> <span class='ocrx_word' id='word_1_275' title='bbox 1275 2670 1306 2724; x_wconf 89' lang='lat' dir='ltr'><strong>et</strong></span> <span class='ocrx_word' id='word_1_276' title='bbox 1327 2660 1444 2723; x_wconf 90' lang='lat' dir='ltr'><strong>similia.</strong></span> 
     </span>
    </p>
   </div>
   <div class='ocr_carea' id='block_1_3' title="bbox 583 2814 1195 2892">
    <p class='ocr_par' dir='ltr' id='par_1_4' title="bbox 583 2814 1195 2892">
     <span class='ocr_line' id='line_1_28' title="bbox 583 2814 1195 2892; baseline 0.003 -18"><span class='ocrx_word' id='word_1_277' title='bbox 583 2814 631 2875; x_wconf 87' lang='lat' dir='ltr'><strong>lle</strong></span> <span class='ocrx_word' id='word_1_278' title='bbox 653 2815 782 2892; x_wconf 80' lang='lat' dir='ltr'><strong>ligura</strong></span> <span class='ocrx_word' id='word_1_279' title='bbox 805 2816 1093 2879; x_wconf 89' lang='lat' dir='ltr'><strong>interiectionis</strong></span> <span class='ocrx_word' id='word_1_280' title='bbox 1115 2815 1195 2877; x_wconf 93' lang='lat' dir='ltr'><strong>llll.</strong></span> 
     </span>
    </p>
   </div>
   <div class='ocr_carea' id='block_1_4' title="bbox 243 2933 1547 3766">
    <p class='ocr_par' dir='ltr' id='par_1_5' title="bbox 243 2933 1547 3766">
     <span class='ocr_line' id='line_1_29' title="bbox 326 2933 1546 3014; baseline 0.001 -21"><span class='ocrx_word' id='word_1_281' title='bbox 326 2933 434 3011; x_wconf 80' lang='lat' dir='ltr'><strong>ligura</strong></span> <span class='ocrx_word' id='word_1_282' title='bbox 457 2951 590 3012; x_wconf 84' lang='lat' dir='ltr'><strong>quoque,</strong></span> <span class='ocrx_word' id='word_1_283' title='bbox 619 2936 698 2995; x_wconf 91' lang='lat' dir='ltr'><strong>sicut</strong></span> <span class='ocrx_word' id='word_1_284' title='bbox 724 2933 792 2995; x_wconf 89' lang='lat' dir='ltr'><strong>aliis</strong></span> <span class='ocrx_word' id='word_1_285' title='bbox 821 2933 968 3014; x_wconf 89' lang='lat' dir='ltr'><strong>partibus.</strong></span> <span class='ocrx_word' id='word_1_286' title='bbox 998 2938 1062 2996; x_wconf 91' lang='lat' dir='ltr'><strong>sine</strong></span> <span class='ocrx_word' id='word_1_287' title='bbox 1085 2933 1175 2996; x_wconf 91' lang='lat' dir='ltr'><strong>dubio</strong></span> <span class='ocrx_word' id='word_1_288' title='bbox 1198 2934 1306 2996; x_wconf 90' lang='lat' dir='ltr'><strong>accidit</strong></span> <span class='ocrx_word' id='word_1_289' title='bbox 1327 2935 1546 2995; x_wconf 90' lang='lat' dir='ltr'><strong>interiectioni.</strong></span> 
     </span>
     <span class='ocr_line' id='line_1_30' title="bbox 244 3017 1547 3098; baseline 0.002 -20"><span class='ocrx_word' id='word_1_290' title='bbox 244 3017 353 3095; x_wconf 83' lang='lat' dir='ltr'><strong>Figura</strong></span> <span class='ocrx_word' id='word_1_291' title='bbox 375 3019 454 3078; x_wconf 90' lang='lat' dir='ltr'><strong>enim</strong></span> <span class='ocrx_word' id='word_1_292' title='bbox 471 3019 684 3079; x_wconf 86' lang='lat' dir='ltr'><strong>interiectionis</strong></span> <span class='ocrx_word' id='word_1_293' title='bbox 700 3017 807 3098; x_wconf 84' lang='lat' dir='ltr'><strong>duplex</strong></span> <span class='ocrx_word' id='word_1_294' title='bbox 824 3028 877 3090; x_wconf 91' lang='lat' dir='ltr'><strong>est,</strong></span> <span class='ocrx_word' id='word_1_295' title='bbox 902 3023 969 3098; x_wconf 86' lang='lat' dir='ltr'><strong>qula</strong></span> <span class='ocrx_word' id='word_1_296' title='bbox 986 3028 1055 3083; x_wconf 88' lang='lat' dir='ltr'><strong>sunt</strong></span> <span class='ocrx_word' id='word_1_297' title='bbox 1069 3021 1290 3082; x_wconf 89' lang='lat' dir='ltr'><strong>interiectiones</strong></span> <span class='ocrx_word' id='word_1_298' title='bbox 1305 3019 1448 3097; x_wconf 89' lang='lat' dir='ltr'><strong>simplicis</strong></span> <span class='ocrx_word' id='word_1_299' title='bbox 1463 3019 1547 3096; x_wconf 75' lang='lat' dir='ltr'><strong>ligu-</strong></span> 
     </span>
     <span class='ocr_line' id='line_1_31' title="bbox 244 3101 1545 3182; baseline -0.001 -18"><span class='ocrx_word' id='word_1_300' title='bbox 244 3121 310 3176; x_wconf 90' lang='lat' dir='ltr'><strong>rae,</strong></span> <span class='ocrx_word' id='word_1_301' title='bbox 334 3103 364 3162; x_wconf 93' lang='lat' dir='ltr'><strong>ui</strong></span> <span class='ocrx_word' id='word_1_302' title='bbox 387 3121 461 3163; x_wconf 83' lang='lat' dir='ltr'><strong>euax</strong></span> <span class='ocrx_word' id='word_1_303' title='bbox 484 3122 511 3171; x_wconf 91' lang='lat' dir='ltr'><strong>o,</strong></span> <span class='ocrx_word' id='word_1_304' title='bbox 535 3101 572 3163; x_wconf 89' lang='lat' dir='ltr'><strong>ba</strong></span> <span class='ocrx_word' id='word_1_305' title='bbox 595 3102 641 3172; x_wconf 85' lang='lat' dir='ltr'><strong>bo.</strong></span> <span class='ocrx_word' id='word_1_306' title='bbox 666 3102 724 3164; x_wconf 90' lang='lat' dir='ltr'><strong>beu</strong></span> <span class='ocrx_word' id='word_1_307' title='bbox 748 3103 815 3174; x_wconf 90' lang='lat' dir='ltr'><strong>beu,</strong></span> <span class='ocrx_word' id='word_1_308' title='bbox 840 3106 893 3166; x_wconf 91' lang='lat' dir='ltr'><strong>aia.</strong></span> <span class='ocrx_word' id='word_1_309' title='bbox 939 3106 1015 3166; x_wconf 91' lang='lat' dir='ltr'><strong>Sunt</strong></span> <span class='ocrx_word' id='word_1_310' title='bbox 1036 3105 1110 3167; x_wconf 90' lang='lat' dir='ltr'><strong>aliae</strong></span> <span class='ocrx_word' id='word_1_311' title='bbox 1133 3125 1168 3166; x_wconf 89' lang='lat' dir='ltr'><strong>ex</strong></span> <span class='ocrx_word' id='word_1_312' title='bbox 1185 3104 1301 3165; x_wconf 88' lang='lat' dir='ltr'><strong>duobus</strong></span> <span class='ocrx_word' id='word_1_313' title='bbox 1317 3105 1441 3182; x_wconf 81' lang='lat' dir='ltr'><strong>integris</strong></span> <span class='ocrx_word' id='word_1_314' title='bbox 1455 3121 1545 3164; x_wconf 88' lang='lat' dir='ltr'><strong>coru-</strong></span> 
     </span>
     <span class='ocr_line' id='line_1_32' title="bbox 244 3187 1544 3270; baseline 0.002 -22"><span class='ocrx_word' id='word_1_315' title='bbox 244 3189 371 3267; x_wconf 90' lang='lat' dir='ltr'><strong>posltae‚</strong></span> <span class='ocrx_word' id='word_1_316' title='bbox 407 3196 453 3248; x_wconf 93' lang='lat' dir='ltr'><strong>ut:</strong></span> <span class='ocrx_word' id='word_1_317' title='bbox 488 3187 561 3248; x_wconf 76' lang='lat' dir='ltr'><strong>‘lieo</strong></span> <span class='ocrx_word' id='word_1_318' title='bbox 594 3189 724 3264; x_wconf 63' lang='lat' dir='ltr'><strong>gratias,</strong></span> <span class='ocrx_word' id='word_1_319' title='bbox 760 3192 871 3268; x_wconf 82' lang='lat' dir='ltr'><strong>‘euge&#39;,</strong></span> <span class='ocrx_word' id='word_1_320' title='bbox 902 3191 1049 3260; x_wconf 86' lang='lat' dir='ltr'><strong>‘utinam’,</strong></span> <span class='ocrx_word' id='word_1_321' title='bbox 1079 3193 1145 3270; x_wconf 86' lang='lat' dir='ltr'><strong>‘pro</strong></span> <span class='ocrx_word' id='word_1_322' title='bbox 1173 3188 1279 3253; x_wconf 90' lang='lat' dir='ltr'><strong>dolor’.</strong></span> <span class='ocrx_word' id='word_1_323' title='bbox 1322 3189 1427 3268; x_wconf 83' lang='lat' dir='ltr'><strong>‘Euge&#39;</strong></span> <span class='ocrx_word' id='word_1_324' title='bbox 1455 3191 1544 3250; x_wconf 91' lang='lat' dir='ltr'><strong>enirn</strong></span> 
     </span>
     <span class='ocr_line' id='line_1_33' title="bbox 243 3271 1545 3358; baseline 0.001 -25"><span class='ocrx_word' id='word_1_325' title='bbox 243 3271 407 3333; x_wconf 90' lang='lat' dir='ltr'><strong>secuudum</strong></span> <span class='ocrx_word' id='word_1_326' title='bbox 432 3273 574 3334; x_wconf 88' lang='lat' dir='ltr'><strong>Graecam</strong></span> <span class='ocrx_word' id='word_1_327' title='bbox 598 3276 874 3353; x_wconf 86' lang='lat' dir='ltr'><strong>interpretationem</strong></span> <span class='ocrx_word' id='word_1_328' title='bbox 892 3271 903 3356; x_wconf 82' lang='grc' dir='ltr'><strong>ΙΙ</strong></span> <span class='ocrx_word' id='word_1_329' title='bbox 919 3276 939 3336; x_wconf 90' lang='lat' dir='ltr'><strong>i.</strong></span> <span class='ocrx_word' id='word_1_330' title='bbox 955 3273 1016 3336; x_wconf 87' lang='lat' dir='ltr'><strong>lllb</strong></span> <span class='ocrx_word' id='word_1_331' title='bbox 1032 3273 1044 3358; x_wconf 84' lang='grc' dir='ltr'><strong>ΙΙ</strong></span> <span class='ocrx_word' id='word_1_332' title='bbox 1060 3277 1241 3354; x_wconf 89' lang='lat' dir='ltr'><strong>compositae</strong></span> <span class='ocrx_word' id='word_1_333' title='bbox 1263 3275 1377 3352; x_wconf 78' lang='lat' dir='ltr'><strong>figurae</strong></span> <span class='ocrx_word' id='word_1_334' title='bbox 1392 3282 1449 3336; x_wconf 88' lang='lat' dir='ltr'><strong>est:</strong></span> <span class='ocrx_word' id='word_1_335' title='bbox 1473 3276 1545 3334; x_wconf 84' lang='lat' dir='ltr'><strong>‘eu’</strong></span> 
     </span>
     <span class='ocr_line' id='line_1_34' title="bbox 243 3356 1544 3439; baseline 0.002 -21"><span class='ocrx_word' id='word_1_336' title='bbox 243 3359 323 3418; x_wconf 92' lang='lat' dir='ltr'><strong>enim</strong></span> <span class='ocrx_word' id='word_1_337' title='bbox 345 3357 456 3418; x_wconf 90' lang='lat' dir='ltr'><strong>bonnm</strong></span> <span class='ocrx_word' id='word_1_338' title='bbox 478 3356 668 3436; x_wconf 82' lang='lat' dir='ltr'><strong>intellegitur,</strong></span> <span class='ocrx_word' id='word_1_339' title='bbox 693 3360 753 3436; x_wconf 73' lang='lat' dir='ltr'><strong>‘ge’</strong></span> <span class='ocrx_word' id='word_1_340' title='bbox 778 3368 865 3430; x_wconf 88' lang='lat' dir='ltr'><strong>terra,</strong></span> <span class='ocrx_word' id='word_1_341' title='bbox 890 3379 925 3421; x_wconf 92' lang='lat' dir='ltr'><strong>co</strong></span> <span class='ocrx_word' id='word_1_342' title='bbox 941 3359 1018 3438; x_wconf 88' lang='lat' dir='ltr'><strong>quod</strong></span> <span class='ocrx_word' id='word_1_343' title='bbox 1042 3359 1133 3422; x_wconf 92' lang='lat' dir='ltr'><strong>multa</strong></span> <span class='ocrx_word' id='word_1_344' title='bbox 1149 3370 1282 3439; x_wconf 81' lang='lat' dir='ltr'><strong>generat.</strong></span> <span class='ocrx_word' id='word_1_345' title='bbox 1326 3360 1402 3421; x_wconf 84' lang='lat' dir='ltr'><strong>Sunt</strong></span> <span class='ocrx_word' id='word_1_346' title='bbox 1417 3368 1447 3421; x_wconf 91' lang='lat' dir='ltr'><strong>et</strong></span> <span class='ocrx_word' id='word_1_347' title='bbox 1461 3357 1544 3421; x_wconf 85' lang='lat' dir='ltr'><strong>aliae</strong></span> 
     </span>
     <span class='ocr_line' id='line_1_35' title="bbox 245 3441 1543 3526; baseline 0.002 -24"><span class='ocrx_word' id='word_1_348' title='bbox 245 3461 280 3504; x_wconf 86' lang='lat' dir='ltr'><strong>ex</strong></span> <span class='ocrx_word' id='word_1_349' title='bbox 303 3441 417 3503; x_wconf 84' lang='lat' dir='ltr'><strong>duobus</strong></span> <span class='ocrx_word' id='word_1_350' title='bbox 440 3445 589 3522; x_wconf 85' lang='lat' dir='ltr'><strong>corruptis</strong></span> <span class='ocrx_word' id='word_1_351' title='bbox 611 3446 802 3524; x_wconf 89' lang='lat' dir='ltr'><strong>compositae.</strong></span> <span class='ocrx_word' id='word_1_352' title='bbox 847 3445 888 3505; x_wconf 86' lang='lat' dir='ltr'><strong>Ex</strong></span> <span class='ocrx_word' id='word_1_353' title='bbox 912 3454 1053 3526; x_wconf 88' lang='lat' dir='ltr'><strong>corrupto</strong></span> <span class='ocrx_word' id='word_1_354' title='bbox 1076 3455 1104 3507; x_wconf 90' lang='lat' dir='ltr'><strong>et</strong></span> <span class='ocrx_word' id='word_1_355' title='bbox 1130 3448 1261 3523; x_wconf 86' lang='lat' dir='ltr'><strong>integro,</strong></span> <span class='ocrx_word' id='word_1_356' title='bbox 1291 3455 1338 3506; x_wconf 90' lang='lat' dir='ltr'><strong>ut:</strong></span> <span class='ocrx_word' id='word_1_357' title='bbox 1368 3447 1419 3505; x_wconf 82' lang='lat' dir='ltr'><strong>‘mi</strong></span> <span class='ocrx_word' id='word_1_358' title='bbox 1441 3453 1543 3523; x_wconf 86' lang='lat' dir='ltr'><strong>pater,</strong></span> 
     </span>
     <span class='ocr_line' id='line_1_36' title="bbox 244 3528 1541 3609; baseline 0.001 -22"><span class='ocrx_word' id='word_1_359' title='bbox 244 3529 269 3588; x_wconf 97' lang='lat' dir='ltr'><strong>si</strong></span> <span class='ocrx_word' id='word_1_360' title='bbox 301 3528 364 3588; x_wconf 83' lang='lat' dir='ltr'><strong>sieri</strong></span> <span class='ocrx_word' id='word_1_361' title='bbox 393 3536 505 3608; x_wconf 90' lang='lat' dir='ltr'><strong>potest,</strong></span> <span class='ocrx_word' id='word_1_362' title='bbox 535 3537 667 3590; x_wconf 89' lang='lat' dir='ltr'><strong>transeat</strong></span> <span class='ocrx_word' id='word_1_363' title='bbox 694 3546 710 3589; x_wconf 93' lang='lat' dir='ltr'><strong>a</strong></span> <span class='ocrx_word' id='word_1_364' title='bbox 740 3547 788 3590; x_wconf 85' lang='lat' dir='ltr'><strong>me</strong></span> <span class='ocrx_word' id='word_1_365' title='bbox 816 3529 891 3590; x_wconf 80' lang='lat' dir='ltr'><strong>calix</strong></span> <span class='ocrx_word' id='word_1_366' title='bbox 919 3533 997 3591; x_wconf 91' lang='lat' dir='ltr'><strong>iste.’</strong></span> <span class='ocrx_word' id='word_1_367' title='bbox 1043 3529 1085 3590; x_wconf 85' lang='lat' dir='ltr'><strong>Ex</strong></span> <span class='ocrx_word' id='word_1_368' title='bbox 1113 3531 1229 3609; x_wconf 83' lang='lat' dir='ltr'><strong>integro</strong></span> <span class='ocrx_word' id='word_1_369' title='bbox 1252 3537 1282 3591; x_wconf 92' lang='lat' dir='ltr'><strong>et</strong></span> <span class='ocrx_word' id='word_1_370' title='bbox 1303 3539 1458 3608; x_wconf 82' lang='lat' dir='ltr'><strong>corrupto,</strong></span> <span class='ocrx_word' id='word_1_371' title='bbox 1489 3536 1541 3589; x_wconf 91' lang='lat' dir='ltr'><strong>ut:</strong></span> 
     </span>
     <span class='ocr_line' id='line_1_37' title="bbox 244 3611 1544 3694; baseline 0 -21"><span class='ocrx_word' id='word_1_372' title='bbox 244 3614 340 3691; x_wconf 79' lang='lat' dir='ltr'><strong>‘pater</strong></span> <span class='ocrx_word' id='word_1_373' title='bbox 363 3615 412 3682; x_wconf 94' lang='lat' dir='ltr'><strong>mi,</strong></span> <span class='ocrx_word' id='word_1_374' title='bbox 437 3623 520 3691; x_wconf 88' lang='lat' dir='ltr'><strong>pater</strong></span> <span class='ocrx_word' id='word_1_375' title='bbox 543 3615 592 3678; x_wconf 88' lang='lat' dir='ltr'><strong>mi.</strong></span> <span class='ocrx_word' id='word_1_376' title='bbox 616 3631 723 3675; x_wconf 88' lang='lat' dir='ltr'><strong>currus</strong></span> <span class='ocrx_word' id='word_1_377' title='bbox 747 3611 836 3674; x_wconf 89' lang='lat' dir='ltr'><strong>lsrael</strong></span> <span class='ocrx_word' id='word_1_378' title='bbox 859 3622 890 3675; x_wconf 91' lang='lat' dir='ltr'><strong>et</strong></span> <span class='ocrx_word' id='word_1_379' title='bbox 911 3617 1012 3692; x_wconf 80' lang='lat' dir='ltr'><strong>auriga</strong></span> <span class='ocrx_word' id='word_1_380' title='bbox 1036 3617 1121 3676; x_wconf 83' lang='lat' dir='ltr'><strong>eius’</strong></span> <span class='ocrx_word' id='word_1_381' title='bbox 1165 3615 1390 3693; x_wconf 84' lang='lat' dir='ltr'><strong>Componuutur</strong></span> <span class='ocrx_word' id='word_1_382' title='bbox 1412 3633 1448 3674; x_wconf 86' lang='lat' dir='ltr'><strong>ex</strong></span> <span class='ocrx_word' id='word_1_383' title='bbox 1473 3611 1544 3694; x_wconf 91' lang='lat' dir='ltr'><strong>plu·</strong></span> 
     </span>
     <span class='ocr_line' id='line_1_38' title="bbox 244 3696 1004 3766; baseline 0.004 -9"><span class='ocrx_word' id='word_1_384' title='bbox 244 3696 336 3766; x_wconf 85' lang='lat' dir='ltr'><strong>ribus,</strong></span> <span class='ocrx_word' id='word_1_385' title='bbox 362 3706 405 3758; x_wconf 93' lang='lat' dir='ltr'><strong>ut:</strong></span> <span class='ocrx_word' id='word_1_386' title='bbox 430 3701 487 3759; x_wconf 85' lang='lat' dir='ltr'><strong>‘eia</strong></span> <span class='ocrx_word' id='word_1_387' title='bbox 512 3705 544 3759; x_wconf 86' lang='lat' dir='ltr'><strong>tu</strong></span> <span class='ocrx_word' id='word_1_388' title='bbox 567 3701 611 3759; x_wconf 88' lang='lat' dir='ltr'><strong>eia</strong></span> <span class='ocrx_word' id='word_1_389' title='bbox 633 3701 680 3760; x_wconf 93' lang='lat' dir='ltr'><strong>lac</strong></span> <span class='ocrx_word' id='word_1_390' title='bbox 702 3707 733 3759; x_wconf 92' lang='lat' dir='ltr'><strong>tu</strong></span> <span class='ocrx_word' id='word_1_391' title='bbox 756 3700 813 3760; x_wconf 91' lang='lat' dir='ltr'><strong>lac&#39;</strong></span> <span class='ocrx_word' id='word_1_392' title='bbox 837 3708 867 3762; x_wconf 84' lang='lat' dir='ltr'><strong>ct</strong></span> <span class='ocrx_word' id='word_1_393' title='bbox 888 3701 1004 3760; x_wconf 86' lang='lat' dir='ltr'><strong>similla.</strong></span> 
     </span>
    </p>
   </div>
   <div class='ocr_carea' id='block_1_5' title="bbox 551 3851 1236 3915">
    <p class='ocr_par' dir='ltr' id='par_1_6' title="bbox 551 3851 1236 3915">
     <span class='ocr_line' id='line_1_39' title="bbox 551 3851 1236 3915; baseline 0 -4"><span class='ocrx_word' id='word_1_394' title='bbox 551 3851 598 3913; x_wconf 88' lang='lat' dir='ltr'><strong>[le</strong></span> <span class='ocrx_word' id='word_1_395' title='bbox 620 3852 844 3914; x_wconf 86' lang='lat' dir='ltr'><strong>accentibus</strong></span> <span class='ocrx_word' id='word_1_396' title='bbox 866 3853 1181 3915; x_wconf 89' lang='lat' dir='ltr'><strong>interiectionum</strong></span> <span class='ocrx_word' id='word_1_397' title='bbox 1206 3855 1236 3914; x_wconf 89' lang='lat' dir='ltr'><strong>V.</strong></span> 
     </span>
    </p>
   </div>
   <div class='ocr_carea' id='block_1_6' title="bbox 243 3969 1545 4220">
    <p class='ocr_par' dir='ltr' id='par_1_7' title="bbox 243 3969 1545 4220">
     <span class='ocr_line' id='line_1_40' title="bbox 330 3969 1544 4051; baseline 0.002 -20"><span class='ocrx_word' id='word_1_398' title='bbox 330 3970 513 4051; x_wconf 82' lang='lat' dir='ltr'><strong>Quamquam</strong></span> <span class='ocrx_word' id='word_1_399' title='bbox 536 3969 709 4032; x_wconf 87' lang='lat' dir='ltr'><strong>naturaliter</strong></span> <span class='ocrx_word' id='word_1_400' title='bbox 732 3980 787 4032; x_wconf 87' lang='lat' dir='ltr'><strong>etc.</strong></span> <span class='ocrx_word' id='word_1_401' title='bbox 807 4007 844 4015; x_wconf 94' lang='lat'><em>-</em></span> <span class='ocrx_word' id='word_1_402' title='bbox 869 3982 898 4034; x_wconf 84' lang='lat' dir='ltr'><strong>et</strong></span> <span class='ocrx_word' id='word_1_403' title='bbox 913 3972 950 4033; x_wconf 90' lang='lat' dir='ltr'><strong>de</strong></span> <span class='ocrx_word' id='word_1_404' title='bbox 965 3975 1049 4051; x_wconf 76' lang='lat' dir='ltr'><strong>pratri</strong></span> <span class='ocrx_word' id='word_1_405' title='bbox 1065 3971 1202 4033; x_wconf 91' lang='lat' dir='ltr'><strong>similiter</strong></span> <span class='ocrx_word' id='word_1_406' title='bbox 1218 3972 1466 4033; x_wconf 83' lang='lat' dir='ltr'><strong>considerandum</strong></span> <span class='ocrx_word' id='word_1_407' title='bbox 1483 3981 1544 4044; x_wconf 88' lang='lat' dir='ltr'><strong>est,</strong></span> 
     </span>
     <span class='ocr_line' id='line_1_41' title="bbox 243 4055 1545 4135; baseline 0.002 -19"><span class='ocrx_word' id='word_1_408' title='bbox 243 4055 288 4129; x_wconf 86' lang='lat' dir='ltr'><strong>cs.</strong></span> <span class='ocrx_word' id='word_1_409' title='bbox 313 4055 407 4117; x_wconf 79' lang='lat' dir='ltr'><strong>Keilii</strong></span> <span class='ocrx_word' id='word_1_410' title='bbox 423 4075 533 4132; x_wconf 77' lang='lat' dir='ltr'><strong>propr.</strong></span> <span class='ocrx_word' id='word_1_411' title='bbox 559 4057 689 4132; x_wconf 81' lang='lat' dir='ltr'><strong>Erionp.</strong></span> <span class='ocrx_word' id='word_1_412' title='bbox 707 4074 742 4132; x_wconf 86' lang='lat' dir='ltr'><strong>p.</strong></span> <span class='ocrx_word' id='word_1_413' title='bbox 769 4064 811 4132; x_wconf 81' lang='lat'><strong>19,</strong></span> <span class='ocrx_word' id='word_1_414' title='bbox 836 4062 890 4133; x_wconf 83' lang='lat' dir='ltr'><strong>qui</strong></span> <span class='ocrx_word' id='word_1_415' title='bbox 909 4059 966 4119; x_wconf 88' lang='lat' dir='ltr'><strong>boc</strong></span> <span class='ocrx_word' id='word_1_416' title='bbox 986 4062 1243 4135; x_wconf 79' lang='lat' dir='ltr'><strong>capotinteprum</strong></span> <span class='ocrx_word' id='word_1_417' title='bbox 1259 4057 1405 4118; x_wconf 72' lang='lat' dir='ltr'><strong>coniicit.</strong></span> <span class='ocrx_word' id='word_1_418' title='bbox 1451 4060 1545 4120; x_wconf 84' lang='lat' dir='ltr'><strong>Clau-</strong></span> 
     </span>
     <span class='ocr_line' id='line_1_42' title="bbox 245 4142 1148 4220; baseline 0.003 -20"><span class='ocrx_word' id='word_1_419' title='bbox 245 4142 329 4202; x_wconf 84' lang='lat' dir='ltr'><strong>ditur</strong></span> <span class='ocrx_word' id='word_1_420' title='bbox 351 4148 449 4201; x_wconf 83' lang='lat' dir='ltr'><strong>eutem</strong></span> <span class='ocrx_word' id='word_1_421' title='bbox 474 4143 643 4216; x_wconf 78' lang='lat' dir='ltr'><strong>Smarapdi</strong></span> <span class='ocrx_word' id='word_1_422' title='bbox 663 4147 811 4203; x_wconf 84' lang='lat' dir='ltr'><strong>tractatus</strong></span> <span class='ocrx_word' id='word_1_423' title='bbox 832 4144 892 4204; x_wconf 83' lang='lat' dir='ltr'><strong>boc</strong></span> <span class='ocrx_word' id='word_1_424' title='bbox 913 4145 1148 4220; x_wconf 80' lang='lat' dir='ltr'><strong>subscriptione:</strong></span> 
     </span>
    </p>
   </div>
   <div class='ocr_carea' id='block_1_7' title="bbox 242 4243 1548 4404">
    <p class='ocr_par' dir='ltr' id='par_1_8' title="bbox 242 4243 1548 4404">
     <span class='ocr_line' id='line_1_43' title="bbox 330 4243 1548 4386; baseline 0.004 -84"><span class='ocrx_word' id='word_1_425' title='bbox 330 4243 480 4386; x_wconf 41' lang='lat' dir='ltr'><strong>‘Expisscit</strong></span> <span class='ocrx_word' id='word_1_426' title='bbox 495 4251 657 4304; x_wconf 82' lang='lat' dir='ltr'><strong>tractatum</strong></span> <span class='ocrx_word' id='word_1_427' title='bbox 672 4246 858 4321; x_wconf 84' lang='lat' dir='ltr'><strong>inpartibus</strong></span> <span class='ocrx_word' id='word_1_428' title='bbox 874 4247 988 4306; x_wconf 83' lang='lat' dir='ltr'><strong>Donati</strong></span> <span class='ocrx_word' id='word_1_429' title='bbox 1007 4246 1163 4306; x_wconf 81' lang='lat' dir='ltr'><strong>cuiusdam</strong></span> <span class='ocrx_word' id='word_1_430' title='bbox 1173 4247 1368 4323; x_wconf 66' lang='lat' dir='ltr'><strong>presbyteri,</strong></span> <span class='ocrx_word' id='word_1_431' title='bbox 1385 4243 1429 4318; x_wconf 83' lang='lat' dir='ltr'><strong>es.</strong></span> <span class='ocrx_word' id='word_1_432' title='bbox 1447 4246 1548 4308; x_wconf 80' lang='lat' dir='ltr'><strong>Keilii</strong></span> 
     </span>
     <span class='ocr_line' id='line_1_44' title="bbox 242 4337 476 4404; baseline 0.004 -17"><span class='ocrx_word' id='word_1_433' title='bbox 242 4347 349 4403; x_wconf 82' lang='lat' dir='ltr'><strong>propr.</strong></span> <span class='ocrx_word' id='word_1_434' title='bbox 368 4347 402 4404; x_wconf 84' lang='lat' dir='ltr'><strong>p.</strong></span> <span class='ocrx_word' id='word_1_435' title='bbox 449 4337 476 4388; x_wconf 79' lang='grc' dir='ltr'><strong>ι).</strong></span> 
     </span>
    </p>
   </div>
   <div class='ocr_carea' id='block_1_8' title="bbox 245 4497 1548 4836">
    <p class='ocr_par' dir='ltr' id='par_1_9' title="bbox 245 4497 1548 4836">
     <span class='ocr_line' id='line_1_45' title="bbox 313 4497 1543 4566; baseline 0.005 -20"><span class='ocrx_word' id='word_1_436' title='bbox 313 4501 329 4550; x_wconf 84' lang='lat'><strong>3</strong></span> <span class='ocrx_word' id='word_1_437' title='bbox 347 4498 497 4548; x_wconf 86' lang='lat' dir='ltr'><strong>admirantis</strong></span> <span class='ocrx_word' id='word_1_438' title='bbox 517 4508 545 4548; x_wconf 92' lang='lat' dir='ltr'><strong>ut</strong></span> <span class='ocrx_word' id='word_1_439' title='bbox 563 4497 643 4566; x_wconf 82' lang='lat' dir='ltr'><strong>popa]</strong></span> <span class='ocrx_word' id='word_1_440' title='bbox 664 4501 698 4564; x_wconf 81' lang='lat' dir='ltr'><strong>cs.</strong></span> <span class='ocrx_word' id='word_1_441' title='bbox 716 4499 814 4551; x_wconf 82' lang='lat' dir='ltr'><strong>Iuliani</strong></span> <span class='ocrx_word' id='word_1_442' title='bbox 833 4501 949 4555; x_wconf 83' lang='lat' dir='ltr'><strong>Toletani</strong></span> <span class='ocrx_word' id='word_1_443' title='bbox 966 4509 1093 4566; x_wconf 74' lang='lat' dir='ltr'><strong>excerpta</strong></span> <span class='ocrx_word' id='word_1_444' title='bbox 1108 4518 1136 4565; x_wconf 89' lang='lat' dir='ltr'><strong>p.</strong></span> <span class='ocrx_word' id='word_1_445' title='bbox 1155 4503 1216 4556; x_wconf 82' lang='lat'><strong><em>320.</em></strong></span> <span class='ocrx_word' id='word_1_446' title='bbox 1235 4503 1252 4550; x_wconf 79' lang='grc'><em>4</em></span> <span class='ocrx_word' id='word_1_447' title='bbox 1270 4499 1344 4550; x_wconf 83' lang='lat' dir='ltr'><strong>Keil:</strong></span> <span class='ocrx_word' id='word_1_448' title='bbox 1367 4509 1411 4550; x_wconf 84' lang='lat' dir='ltr'><strong>uut</strong></span> <span class='ocrx_word' id='word_1_449' title='bbox 1428 4500 1543 4552; x_wconf 82' lang='lat' dir='ltr'><strong>admira·</strong></span> 
     </span>
     <span class='ocr_line' id='line_1_46' title="bbox 245 4567 1548 4634; baseline 0.003 -18"><span class='ocrx_word' id='word_1_450' title='bbox 245 4568 338 4617; x_wconf 89' lang='lat' dir='ltr'><strong>tionem</strong></span> <span class='ocrx_word' id='word_1_451' title='bbox 359 4577 386 4616; x_wconf 92' lang='lat' dir='ltr'><strong>ut</strong></span> <span class='ocrx_word' id='word_1_452' title='bbox 405 4580 488 4632; x_wconf 84' lang='lat' dir='ltr'><strong>papae</strong></span> <span class='ocrx_word' id='word_1_453' title='bbox 506 4569 572 4617; x_wconf 87' lang='lat' dir='ltr'><strong>sicut</strong></span> <span class='ocrx_word' id='word_1_454' title='bbox 594 4569 697 4630; x_wconf 85' lang='lat' dir='ltr'><strong>quidum</strong></span> <span class='ocrx_word' id='word_1_455' title='bbox 722 4567 768 4628; x_wconf 87' lang='lat' dir='ltr'><strong>(sc.</strong></span> <span class='ocrx_word' id='word_1_456' title='bbox 788 4567 973 4634; x_wconf 77' lang='lat' dir='ltr'><strong>Hieronymus)</strong></span> <span class='ocrx_word' id='word_1_457' title='bbox 996 4571 1098 4622; x_wconf 85' lang='lat' dir='ltr'><strong>scribit:</strong></span> <span class='ocrx_word' id='word_1_458' title='bbox 1129 4572 1230 4634; x_wconf 79' lang='lat' dir='ltr'><strong>‘papae</strong></span> <span class='ocrx_word' id='word_1_459' title='bbox 1253 4569 1339 4618; x_wconf 86' lang='lat' dir='ltr'><strong>uiuere</strong></span> <span class='ocrx_word' id='word_1_460' title='bbox 1362 4582 1413 4617; x_wconf 89' lang='lat' dir='ltr'><strong>uon</strong></span> <span class='ocrx_word' id='word_1_461' title='bbox 1436 4567 1497 4619; x_wconf 88' lang='lat' dir='ltr'><strong>licet</strong></span> <span class='ocrx_word' id='word_1_462' title='bbox 1520 4581 1548 4620; x_wconf 86' lang='lat' dir='ltr'><strong>et</strong></span> 
     </span>
     <span class='ocr_line' id='line_1_47' title="bbox 245 4633 1547 4702; baseline 0.004 -18"><span class='ocrx_word' id='word_1_463' title='bbox 245 4635 365 4685; x_wconf 87' lang='lat' dir='ltr'><strong>iomicurl</strong></span> <span class='ocrx_word' id='word_1_464' title='bbox 384 4635 472 4684; x_wconf 78' lang='lat' dir='ltr'><strong>libeti’</strong></span> <span class='ocrx_word' id='word_1_465' title='bbox 542 4637 558 4685; x_wconf 83' lang='lat'><strong>5</strong></span> <span class='ocrx_word' id='word_1_466' title='bbox 576 4635 736 4701; x_wconf 86' lang='lat' dir='ltr'><strong>prohibentis</strong></span> <span class='ocrx_word' id='word_1_467' title='bbox 756 4647 783 4686; x_wconf 94' lang='lat' dir='ltr'><strong>ut</strong></span> <span class='ocrx_word' id='word_1_468' title='bbox 800 4633 867 4702; x_wconf 86' lang='lat' dir='ltr'><strong>tuto]</strong></span> <span class='ocrx_word' id='word_1_469' title='bbox 886 4639 921 4700; x_wconf 82' lang='lat' dir='ltr'><strong>cf.</strong></span> <span class='ocrx_word' id='word_1_470' title='bbox 939 4637 1036 4687; x_wconf 83' lang='lat' dir='ltr'><strong>Iuliani</strong></span> <span class='ocrx_word' id='word_1_471' title='bbox 1056 4637 1173 4688; x_wconf 83' lang='lat' dir='ltr'><strong>Toletani</strong></span> <span class='ocrx_word' id='word_1_472' title='bbox 1189 4643 1319 4701; x_wconf 76' lang='lat' dir='ltr'><strong>cacerpia</strong></span> <span class='ocrx_word' id='word_1_473' title='bbox 1336 4638 1352 4685; x_wconf 90' lang='lat' dir='ltr'><strong>l.</strong></span> <span class='ocrx_word' id='word_1_474' title='bbox 1370 4639 1401 4688; x_wconf 90' lang='lat' dir='ltr'><strong>l.:</strong></span> <span class='ocrx_word' id='word_1_475' title='bbox 1426 4647 1471 4686; x_wconf 83' lang='lat' dir='ltr'><strong>aut</strong></span> <span class='ocrx_word' id='word_1_476' title='bbox 1489 4653 1547 4689; x_wconf 89' lang='lat' dir='ltr'><strong>me-</strong></span> 
     </span>
     <span class='ocr_line' id='line_1_48' title="bbox 245 4703 1547 4772; baseline 0.003 -20"><span class='ocrx_word' id='word_1_477' title='bbox 245 4715 307 4762; x_wconf 91' lang='lat' dir='ltr'><strong>tum,</strong></span> <span class='ocrx_word' id='word_1_478' title='bbox 319 4703 386 4753; x_wconf 86' lang='lat' dir='ltr'><strong>sicut</strong></span> <span class='ocrx_word' id='word_1_479' title='bbox 397 4712 457 4763; x_wconf 85' lang='lat' dir='ltr'><strong>utet,</strong></span> <span class='ocrx_word' id='word_1_480' title='bbox 471 4703 537 4752; x_wconf 88' lang='lat' dir='ltr'><strong>sicut</strong></span> <span class='ocrx_word' id='word_1_481' title='bbox 553 4704 656 4753; x_wconf 89' lang='lat' dir='ltr'><strong>solitum</strong></span> <span class='ocrx_word' id='word_1_482' title='bbox 670 4716 709 4756; x_wconf 85' lang='lat' dir='ltr'><strong>est</strong></span> <span class='ocrx_word' id='word_1_483' title='bbox 721 4705 828 4769; x_wconf 78' lang='lat' dir='ltr'><strong>paruulo</strong></span> <span class='ocrx_word' id='word_1_484' title='bbox 841 4705 902 4754; x_wconf 84' lang='lat' dir='ltr'><strong>dicit</strong></span> <span class='ocrx_word' id='word_1_485' title='bbox 914 4714 987 4764; x_wconf 92' lang='lat' dir='ltr'><strong>totto,</strong></span> <span class='ocrx_word' id='word_1_486' title='bbox 1001 4705 1104 4767; x_wconf 85' lang='lat' dir='ltr'><strong>quondo</strong></span> <span class='ocrx_word' id='word_1_487' title='bbox 1122 4703 1271 4770; x_wconf 87' lang='lat' dir='ltr'><strong>prohibetur</strong></span> <span class='ocrx_word' id='word_1_488' title='bbox 1289 4704 1421 4754; x_wconf 86' lang='lat' dir='ltr'><strong>comedere</strong></span> <span class='ocrx_word' id='word_1_489' title='bbox 1434 4716 1547 4772; x_wconf 82' lang='lat' dir='ltr'><strong>terram;</strong></span> 
     </span>
     <span class='ocr_line' id='line_1_49' title="bbox 245 4770 1515 4836; baseline 0.003 -14"><span class='ocrx_word' id='word_1_490' title='bbox 245 4771 279 4836; x_wconf 78' lang='lat' dir='ltr'><strong>cs.</strong></span> <span class='ocrx_word' id='word_1_491' title='bbox 297 4773 354 4824; x_wconf 86' lang='lat' dir='ltr'><strong>cod.</strong></span> <span class='ocrx_word' id='word_1_492' title='bbox 367 4770 447 4822; x_wconf 83' lang='lat' dir='ltr'><strong>Bern.</strong></span> <span class='ocrx_word' id='word_1_493' title='bbox 462 4775 513 4821; x_wconf 85' lang='lat'><strong>20⁷</strong></span> <span class='ocrx_word' id='word_1_494' title='bbox 529 4772 574 4834; x_wconf 81' lang='lat' dir='ltr'><strong>fol.</strong></span> <span class='ocrx_word' id='word_1_495' title='bbox 590 4774 650 4822; x_wconf 72' lang='lat'><strong>45⁸:</strong></span> <span class='ocrx_word' id='word_1_496' title='bbox 670 4773 800 4836; x_wconf 87' lang='lat' dir='ltr'><strong>quomodo</strong></span> <span class='ocrx_word' id='word_1_497' title='bbox 819 4773 856 4822; x_wconf 88' lang='lat' dir='ltr'><strong>sic</strong></span> <span class='ocrx_word' id='word_1_498' title='bbox 874 4772 974 4823; x_wconf 86' lang='lat' dir='ltr'><strong>solitum</strong></span> <span class='ocrx_word' id='word_1_499' title='bbox 995 4785 1033 4822; x_wconf 87' lang='lat' dir='ltr'><strong>est</strong></span> <span class='ocrx_word' id='word_1_500' title='bbox 1050 4773 1175 4822; x_wconf 88' lang='lat' dir='ltr'><strong>inlautum</strong></span> <span class='ocrx_word' id='word_1_501' title='bbox 1195 4773 1304 4822; x_wconf 84' lang='lat' dir='ltr'><strong>nutrices</strong></span> <span class='ocrx_word' id='word_1_502' title='bbox 1322 4773 1419 4822; x_wconf 87' lang='lat' dir='ltr'><strong>minere</strong></span> <span class='ocrx_word' id='word_1_503' title='bbox 1437 4783 1515 4826; x_wconf 86' lang='lat' dir='ltr'><strong>totto.</strong></span> 
     </span>
    </p>
   </div>
   <div class='ocr_carea' id='block_1_9' title="bbox 0 0 1710 5448">
    <p class='ocr_par' dir='ltr' id='par_1_10' title="bbox 0 0 1710 5448">
     <span class='ocr_line' id='line_1_50' title="bbox 0 0 1710 5448; baseline 0 0"><span class='ocrx_word' id='word_1_504' title='bbox 0 0 1710 5448; x_wconf 95' lang='lat' dir='ltr'><strong> </strong></span> 
     </span>
    </p>
   </div>
  </div>
 </body>
</html>
