3394 5448
711 1174 778 1253 X.

98 1353 534 1471 OOMMENTVM
565 1368 1000 1472 EINSIDLENSE
1032 1369 1109 1468 IN
1133 1367 1393 1468 DONATI

491 1523 998 1625 BARBARISMVM.

567 1947 628 2037 [un
649 1949 924 2034 unrucrsuoy

103 2205 221 2221 ......
231 2153 395 2244 Ἰρ.197Η
417 2159 561 2218 ‘ecstasis'
585 2175 659 2218 uero
682 2175 821 2219 excessus
843 2157 961 2218 mentis.
1006 2154 1088 2217 ltalia
1111 2155 1390 2236 antepaenultimam
1406 2177 1427 2219 r·
1440 2165 1490 2214 ³⁹6»
1506 2168 1530 2206 14

97 2260 175 2322 idest
206 2262 216 2320 i
245 2260 366 2321 lironem
396 2257 493 2319 habet.
539 2259 596 2320 Sed
625 2258 810 2337 Virgilius
838 2260 949 2321 ectasin
982 2258 1094 2320 iaciens
1123 2266 1225 2321 contra
1255 2264 1389 2318 naturam

98 2363 250 2440 produxit.
295 2361 498 2440 Prologus,
523 2379 614 2440 porro
637 2362 756 2440 fugiens
779 2361 854 2423 idest
875 2362 973 2440 longe.
1405 2381 1426 2422 o·
1441 2372 1490 2420 ³⁹6.
1506 2372 1529 2412 15

184 2462 334 2545 Systole
362 2471 417 2523 est
443 2465 639 2545 correptio
664 2463 704 2522 ·i·
727 2462 922 2524 adbreuiatio.
968 2463 1164 2524 Contraria
1194 2463 1328 2531 ectasi,
1352 2469 1529 2524 uta-³9⁶‚16

73 2581 263 2643 acquosus
286 2566 413 2635 Orion,
439 2583 515 2626 oum
539 2564 651 2628 Orion
675 2565 922 2645 antepacnultima
945 2563 1126 2642 producte
1149 2565 1223 2625 dici
1247 2562 1389 2624 debeat.

98 2668 192 2730 Orion
217 2669 306 2746 Gigas
328 2669 397 2737 luit,
428 2674 472 2728 est
494 2675 523 2727 et
544 2669 661 2746 signum
685 2665 821 2728 incaelo
848 2666 1061 2728 lucidissimum
1085 2674 1115 2726 et
1136 2662 1281 2746 pluuiale,
1310 2663 1389 2725 uude

97 2779 126 2830 ct
148 2771 305 2849 ‘aquosus'
321 2768 437 2830 dicitur.
477 2769 569 2831 Orion
584 2769 692 2831 dicitur
714 2771 797 2850 quasi
812 2768 917 2838 Vrion,
940 2787 976 2830 eo
998 2767 1076 2848 quod
1099 2787 1134 2829 cx
1158 2769 1242 2829 urina
1265 2755 1396 2829 deorum

95 2873 133 2932 sit
155 2877 254 2936 natus

183 2973 379 3034 Diaeresis
417 2981 473 3033 ost
509 2972 689 3034 discissio
726 2973 837 3034 unius
874 2972 1041 3053 syllabae
1076 2974 1114 3032 in
1150 2973 1240 3033 duas
1275 2971 1529 3040 lacta‚o·³⁹⁶.1⁸

63 3075 218 3156 cquando
247 3073 386 3136 uidelicet
413 3077 444 3135 in
473 3074 546 3136 duas
568 3073 696 3154 syllabas
719 3092 777 3136 una
800 3074 955 3144 diuiditur,
985 3083 1023 3136 ut
1049 3072 1153 3136 lllbai
1180 3073 1306 3152 longai
1334 3090 1389 3151 pro
1404 3084 1489 3134 nat,
1504 3085 1528 3124 1⁹

98 3177 190 3238 albae
224 3177 339 3256 longae.
384 3174 530 3237 Diaeresis
562 3184 608 3237 est
636 3175 786 3247 discissio,
819 3175 952 3238 haeresis
983 3177 1086 3237 scissio
1116 3175 1185 3237 inde
1217 3174 1389 3237 Haereticos

98 3279 241 3347 dicimus,
270 3281 322 3359 qui
344 3297 377 3340 se
399 3277 539 3340 scindunt
562 3279 603 3336 vi·
627 3277 765 3341 diuidunt
792 3277 828 3339 ab
858 3279 969 3339 unitate
991 3277 1069 3339 lidei.
1114 3276 1185 3338 Alba
1207 3277 1312 3338 ciuitas
1335 3283 1387 3344 est,

99 3399 188 3461 quam
212 3380 378 3442 aedificauit
398 3382 542 3442 Ascanius
563 3388 687 3461 propter
708 3378 881 3442 nouercales
902 3380 1041 3450 insidias,
1069 3380 1100 3440 in
1123 3397 1181 3459 qua
1202 3383 1321 3458 reperta
1344 3384 1390 3438 est

99 3500 191 3562 porca
214 3482 281 3544 alba
303 3500 372 3544 cum
395 3481 515 3561 ¹triginta
537 3481 686 3561 porcellis.
1144 3469 1149 3477 “

65 3598 86 3635 1⁵
186 3583 408 3666 synaeresis
430 3592 486 3646 est
508 3582 782 3662 conglutinatio
805 3583 958 3646 duarum
981 3582 1261 3664 syllabarumin
1283 3596 1527 3648 onomatica

99 3686 208 3747 lacta.
247 3684 307 3765 Syn
331 3685 443 3747 Graece
465 3702 537 3757 con,
560 3685 662 3765 gluten
684 3703 733 3746 res
755 3687 938 3747 tenacissima
962 3692 1016 3756 est,
1038 3683 1117 3746 unde
1136 3702 1207 3746 aues
1221 3686 1388 3765 capiuntur,

166 3941 232 3995 coc.
251 3940 361 3992 Einsidl.
381 3943 431 3990 172
446 3957 475 4005 p.
494 3943 638 4006 aaa-200,
657 3943 805 3991 209—214
908 3944 920 3990 l
941 3940 1044 3990 Extasis
1062 3937 1134 4008 uero]
1152 3942 1247 4005 Agitur
1264 3941 1296 3991 de
1313 3955 1389 3992 uocu-

97 4011 212 4061 lrulorum
230 4011 346 4060 ‘cemele’
364 4015 390 4058 et
408 4011 536 4060 ‘ecstasis’
555 4010 705 4074 differentia
772 4009 1009 4074 antepenultimam,
1027 4011 1066 4058 sie
1082 4024 1183 4074 semper
1266 4010 1283 4059 4
1301 4008 1390 4058 sistole

98 4076 258 4128 ildilreresis
344 4080 374 4128 ll
394 4076 490 4128 heresis
558 4076 683 4128 hereticos
754 4077 941 4129 losannensis
1011 4079 1042 4128 16
1060 4074 1101 4127 sin

166 4353 180 4399 l
201 4347 293 4399 illoesa
310 4350 406 4400 codicis
424 4348 566 4399 Beraeaais
581 4350 603 4411 s.
621 4352 654 4399 21
660 4357 670 4383 Ι
686 4365 765 4415 marg.
786 4350 870 4401 dent:
901 4349 998 4400 ltaliam
1021 4347 1262 4415 proceleusmaticus
1285 4349 1386 4414 (proeo-

98 4415 263 4482 lenmatieus)
286 4428 325 4466 est
347 4417 391 4480 qui
414 4431 463 4466 nou
487 4426 573 4483 potest
595 4418 705 4467 starcia
724 4418 825 4467 heroldo
847 4427 940 4476 metro,
968 4417 1014 4467 sed
1036 4417 1175 4482 Virgilius,
1203 4418 1262 4479 qnia
1284 4418 1388 4483 saepius

99 4495 151 4534 erat
173 4485 351 4535 nominaturus
373 4483 483 4544 ltaliam,
507 4485 615 4551 primam
637 4485 762 4549 syllabam
784 4496 872 4536 eontra
893 4485 1008 4551 regulam
1031 4485 1162 4551 produxit.
1263 4487 1280 4535 4
1299 4485 1389 4535 (ilonea

99 4554 194 4604 rodiam
211 4551 353 4604 Berneuea’a
368 4554 390 4617 f.
409 4555 459 4603 21·
476 4569 556 4618 marg.
580 4554 666 4608 dext:
697 4552 774 4604 Orion
798 4555 900 4618 signum
924 4563 963 4604 est
984 4555 1010 4602 in
1032 4553 1102 4603 eaelo
1126 4567 1253 4618 apparens
1277 4562 1389 4619 tempore

100 4621 189 4671 hiemis
212 4621 336 4671 et·lmbet
356 4623 466 4689 primam
488 4621 612 4685 syllabam
635 4622 752 4686 longum,
776 4637 841 4684 quae
864 4636 943 4670 carrae
964 4622 1036 4671 metri
1054 4621 1191 4675 meriatur,
1226 4621 1311 4670 Verba
1329 4631 1388 4670 sunt

100 4693 190 4738 Annae
211 4688 245 4738 nd
267 4687 392 4739 Didonem
415 4703 530 4740 sororem
553 4705 639 4753 suram,
663 4702 690 4740 ut
713 4691 830 4740 recineret
853 4691 962 4738 Aeneam
987 4689 1082 4748 hieme,
1107 4691 1167 4751 qula
1191 4688 1265 4738 ualde
1287 4689 1388 4738 amabat

99 4771 155 4806 eam
173 4757 412 4875 dicenszolindulge
430 4756 542 4823 hospitio
561 4773 704 4821 causasque
722 4760 820 4808 innecte
838 4757 967 4818 morandi,
985 4758 1046 4807 dnm
1064 4756 1155 4823 pelago
1173 4756 1288 4806 desueuit
1304 4757 1387 4807 hiems

100 4835 124 4874 et
139 4839 256 4889 aquosus
297 4827 376 4878 riou)
