3400 5450
649 320 860 374 eunucusrs.
1332 377 1338 388 ,
1361 319 1401 383 37

104 512 268 572 uarietates
296 513 442 573 oriuntur.
487 511 561 572 Alii
595 511 673 572 enim
704 512 835 592 quinque
858 511 1012 572 aestimant
1040 508 1203 571 abiaticum
1230 507 1400 578 abicientes,

102 616 182 695 sicut
209 621 240 674 et
268 613 389 683 Graeci,
423 613 491 693 quia
520 612 563 673 iiii
592 611 754 674 ahiatiuum
776 631 836 674 uon
865 611 985 674 hahent.
1031 610 1103 673 Alii
1135 629 1209 672 uero
1241 611 1400 690 septimum

101 733 206 776 casum
226 714 361 776 ¹udiciunt
383 717 414 776 in
436 717 532 775 torma
554 713 689 784 abiatiui,
713 716 765 792 qui
787 723 912 776 uocatur
933 714 1078 790 septimus
1099 731 1201 781 casus,
1231 721 1260 774 ut
1283 712 1401 790 ‘dignus

102 821 255 893 munere,
278 819 404 879 ‘mactus
427 818 560 878 uirtutc’.
604 814 679 878 Atii
706 825 804 878 autem
833 817 921 878 etiarn
949 822 1087 876 octauum
1111 833 1211 876 casum
1235 814 1348 876 addunt
1369 816 1399 874 in

76 921 201 980 siorma
225 919 330 990 datiui,
354 919 405 980 scd
427 936 547 980 sensum
571 918 732 979 accusatiui
754 918 858 988 habet,
881 926 914 979 ut

572 1021 602 1081 tt
625 1019 768 1081 ciamor
791 1019 909 1090 caclo,

100 1124 158 1185 hoe
176 1130 221 1184 εει
236 1123 271 1184 ad
289 1121 411 1184 caelum.
442 1123 515 1184 item
531 1122 772 1201 interrogandum
788 1129 841 1198 est,
855 1139 948 1202 quare
964 1121 1164 1183 nominatiuus
1178 1121 1302 1183 dicitur?
1325 1122 1400 1192 Quia

101 1228 162 1286 uim
178 1224 353 1286 nominandi
369 1232 457 1294 tenet,
474 1231 507 1285 ut
521 1223 569 1284 hic
586 1226 641 1286 uir.
673 1223 744 1286 item
760 1225 919 1304 genetiuus
933 1242 1026 1303 quare
1042 1222 1167 1286 dicitur?
1189 1225 1264 1295 Quia
1279 1243 1401 1286 sensum

100 1326 245 1407 gignendi
261 1334 290 1386 et
308 1325 481 1407 possidendi
497 1325 599 1396 hahet,
623 1333 655 1386 ut
669 1326 756 1388 huius
778 1326 845 1387 uiri.
883 1326 932 1388 Sic
954 1326 1073 1387 datiuus
1089 1324 1199 1405 aliquid
1215 1329 1400 1388 extrinsecus

66 1444 89 1484 ιο
102 1430 169 1492 addi
186 1429 381 1499 demonstrat,
392 1427 440 1489 uel
455 1427 606 1498 accedere,
616 1434 649 1488 ut
663 1427 711 1488 ‘da
727 1427 796 1489 huic
811 1429 901 1489 uiro’.
918 1429 1110 1489 Accusatiuus
1120 1429 1180 1489 uim
1195 1429 1354 1490 accusandi
1371 1437 1401 1488 ot

100 1542 200 1595 actum
216 1531 340 1594 atterius
355 1528 495 1605 declarat,
508 1531 591 1610 quasi
606 1531 735 1609 patiatur
749 1529 787 1590 ab
804 1548 854 1591 eo.
869 1577 875 1592 .
890 1578 896 1591 .
912 1578 918 1592 .
940 1531 1097 1591 Vocatiuus
1113 1531 1344 1592 nominationem
1362 1531 1397 1591 ad

100 1653 262 1714 personam
278 1633 414 1696 uocantis
428 1631 566 1702 ostendit,
583 1638 643 1693 uto
656 1634 712 1692 uir.
734 1631 887 1693 Abiatiuus
902 1651 975 1694 uero
990 1631 1098 1712 aliquid
1114 1632 1292 1695 abstractum
1308 1635 1399 1711 sigui·

101 1739 176 1810 sicat,
195 1743 228 1798 ut
243 1734 280 1796 ab
295 1734 353 1794 hoc
367 1735 442 1796 uiro.
465 1733 507 1794 De
522 1732 569 1794 his
583 1741 682 1795 autern
697 1753 747 1794 ses
764 1733 880 1795 casibus
896 1734 1064 1796 isidorus
1081 1735 1165 1796 dicit:
1190 1735 1276 1796 Nom
1282 1737 1398 1796 inati-

102 1857 167 1899 uus
190 1854 296 1900 casus
312 1835 434 1897 dictus
457 1845 526 1905 est,
550 1837 633 1915 quia
649 1853 714 1916 per
731 1853 808 1896 cum
830 1835 987 1915 aliquem
1011 1837 1257 1909 nominamus,
1282 1845 1320 1898 ut
1341 1837 1399 1898 hic

69 1931 298 2016 eniagistem
321 1939 537 2017 genetiuus,
562 1938 645 2016 quia
669 1955 733 2016 per
757 1955 835 1998 eum
858 1955 973 2016 genus
995 1940 1264 2015 cuiuscumque
1285 1957 1396 2019 quae·

101 2045 235 2118 rimus,
268 2049 307 2102 ut
339 2040 447 2100 huius
480 2039 670 2117 magistri;
705 2039 868 2109 datiuus,
903 2041 987 2118 quia
1015 2059 1082 2120 per
1111 2059 1190 2101 eum
1220 2058 1284 2100 nos
1312 2040 1399 2100 dare

101 2143 215 2204 alicui
238 2139 386 2221 aliquid
409 2140 713 2211 demonstramus,
737 2148 775 2201 ut
796 2139 850 2201 ‘da
873 2139 961 2203 huic
984 2142 1193 2220 magistro';
1217 2143 1399 2202 accusati·

103 2263 179 2314 uus,
209 2245 296 2322 quia
324 2261 390 2322 pcr
420 2261 497 2324 euni
526 2241 688 2320 eiiqucm
718 2259 948 2312 accusamus,
977 2253 1015 2304 ut
1042 2261 1180 2304 accuso
1208 2241 1304 2303 hunc
1327 2261 1397 2303 ma-

101 2349 267 2426 gistrum.
312 2343 371 2406 Sed
394 2343 451 2404 hoc
473 2361 533 2405 non
555 2351 636 2406 recta
659 2346 774 2406 ratione
797 2343 918 2405 dicitur:
948 2346 974 2404 si
997 2347 1077 2406 enim
1105 2343 1237 2405 dicemus
1265 2343 1399 2407 ‘laudate

68 2449 255 2510 ”dominum
279 2454 307 2507 et
330 2447 515 2524 magnificate
539 2451 629 2516 eum’,
654 2445 763 2508 nuliam
787 2446 1006 2508 accusationem
1031 2444 1128 2508 habet.
1174 2446 1249 2507 item
1271 2447 1296 2508 si
1319 2447 1398 2508 dica-

103 2567 164 2612 mus
185 2547 288 2612 ‘laudo
310 2547 390 2608 huuc
412 2549 610 2627 magistrum’,
638 2566 699 2609 non
727 2547 817 2609 habet
843 2549 1070 2610 accusationem.
1115 2547 1236 2608 Rectius
1264 2565 1335 2626 orgo
1358 2550 1399 2609 eit

102 2651 382 2730 grammaticus:
412 2651 660 2712 decusatiuus
683 2649 825 2712 dicitur
848 2648 916 2712 hoc
939 2658 997 2712 est
1018 2650 1165 2711 actiuus
1188 2667 1301 2712 casus.
1347 2651 1400 2712 Est

103 2757 176 2816 enim
199 2751 328 2815 uerbum
351 2752 498 2814 Graecum
514 2770 635 2827 accuso,
660 2751 716 2813 hoc
733 2761 778 2813 est
792 2769 863 2830 ago,
887 2755 972 2814 cuius
993 2752 1186 2832 praeteritum
1209 2752 1396 2832 participium

102 2864 143 2917 est
169 2862 340 2923 accusatus,
369 2855 509 2932 genetiuo
537 2855 667 2916 accusati
695 2852 792 2914 addita
820 2873 876 2916 uus
897 2851 1008 2934 syiiaba
1031 2854 1063 2914 iit
1090 2855 1290 2924 accusatiuus,
1320 2854 1398 2916 idest

69 2960 212 3020 2⁵act1uus
235 2975 337 3026 casus,
361 2974 396 3017 eo
419 2955 499 3032 quod
521 2955 615 3016 uerbo
638 2957 735 3040 actiuo
750 2958 853 3017 seruit
890 2955 967 3017 iiiuc
982 2956 1106 3017 dicitur:
1131 2957 1258 3018 Omnia
1281 2956 1396 3018 uerba

102 3061 224 3121 actiua
248 3066 283 3119 ει
305 3057 534 3136 deponentia
558 3064 592 3118 ct
614 3059 821 3119 communia
844 3059 1017 3120 seruiunt
1039 3060 1259 3120 accusatiuo
1283 3059 1396 3128 casui,
1447 3117 1458 3136 ,

102 3171 136 3222 ut
164 3159 275 3222 iubeo
308 3158 429 3229 iilum,
461 3161 596 3222 inuoco
628 3157 748 3231 iilum,
786 3163 902 3222 doceo
936 3159 1176 3238 discipulum,
1215 3161 1396 3221 misereor

103 3279 298 3344 pauperes,
335 3262 464 3322 imitor
501 3260 631 3321 bonos,
674 3265 868 3325 Accusatiuus
899 3281 987 3342 ergo,
1010 3262 1087 3324 sicut
1109 3261 1251 3333 diximus,
1280 3262 1396 3324 actiuns

102 3383 184 3426 casus
212 3364 331 3432 dicitur,
367 3363 514 3424 diriuatos
536 3383 553 3425 a
575 3363 669 3424 uerbo
697 3364 812 3440 Graeco
835 3381 956 3434 accuso,
989 3363 1068 3442 quod
1091 3366 1304 3444 interpretatur
1327 3382 1393 3442 ago.

69 3466 169 3528 utute
190 3467 321 3528 Cicero
345 3465 433 3527 dixit:
458 3467 658 3536 Accusare,
683 3467 778 3545 quod
801 3469 1033 3536 recturn'est,
1058 3466 1114 3528 hoc
1137 3467 1281 3544 ostagite.
1319 3465 1393 3527 item

102 3567 300 3630 Terentius
322 3567 407 3628 dicit:
453 3565 574 3637 Quare
610 3584 681 3628 non
719 3568 905 3630 accusatis
941 3569 1230 3648 paenitentiam,
1254 3567 1311 3628 hoc
1339 3575 1392 3638 est,

102 3687 188 3747 otiare
210 3688 271 3730 non
294 3671 390 3747 agitis.
435 3670 593 3731 Vocatiuus
615 3687 708 3748 quare
730 3666 741 3751 ΙΙ
757 3669 777 3729 1.
794 3666 851 3730 92¹
873 3667 884 3750 ΙΙ
907 3669 1032 3731 dicitur?
1075 3670 1149 3741 Quia
1172 3688 1227 3750 per
1250 3687 1318 3730 eum
1341 3669 1393 3731 aii·

166 3855 241 3905 loiii
260 3851 339 3919 enim]
358 3853 466 3904 alienum
520 3855 639 3904 estimant
707 3853 834 3904 tuinuti
902 3855 961 3904 eid
1013 3855 1034 3905 it
1050 3853 1156 3920 clamor]
1184 3857 1261 3923 Vero.
1280 3857 1346 3909 Aen.
1370 3857 1397 3906 V

103 3925 149 3972 151
199 3923 253 3973 ceio
315 3923 390 3972 stne
409 3919 458 3988 uir]
478 3922 550 3970 inem·
609 3925 641 3973 10
659 3919 710 3987 uei]
732 3931 759 3972 nt
815 3925 844 3972 11
863 3924 895 3972 ab
914 3920 955 3988 eo]
976 3923 1038 3974 Post
1056 3923 1120 3973 duee
1137 3927 1236 3975 excidit
1252 3929 1394 3990 exemptum

102 3993 243 4044 aromatici.
325 3993 357 4042 13
376 3990 423 4040 oiri
475 3987 601 4054 Isidorus]
622 3992 684 4053 orio.
704 3990 720 4039 I
739 3993 762 4052 6,
784 3993 817 4041 35
834 4007 887 4057 seq.
958 3993 990 4042 14
1007 4007 1053 4058 per
1071 4007 1144 4042 cuam
1214 3995 1245 4043 15
1262 3994 1393 4056 querimus

103 4059 131 4106 li
149 4069 175 4107 ut
191 4059 241 4108 dnh
259 4059 314 4108 buit
331 4059 455 4123 magistro
525 4060 556 4108 18
574 4074 668 4108 occasu
731 4061 762 4108 21
781 4056 829 4124 ait]
848 4059 917 4125 opud
968 4057 1135 4126 gramaticus]
1158 4061 1280 4126 Virqitiaa
1296 4078 1323 4126 ρ.
1341 4065 1394 4112 tao

103 4125 151 4176 tt..-
168 4127 328 4176 accusutiuus
346 4141 422 4175 cusiis
440 4126 471 4175 ab
489 4126 538 4176 hoo
555 4138 669 4188 crocatur,
687 4125 747 4189 quin
766 4127 843 4176 uerbo
861 4127 948 4178 haeret
964 4129 1060 4178 actiuo:
1080 4139 1105 4178 et
1117 4130 1202 4178 uerius
1214 4129 1305 4192 dicem,
1318 4145 1393 4179 accu-

102 4194 194 4244 satiuus
212 4196 271 4260 ipse
287 4195 385 4244 actious
403 4195 459 4248 erit.
526 4196 560 4246 23
577 4195 725 4260 preteritum
793 4198 826 4246 24
844 4196 1089 4246 accusatiuouddita
1156 4199 1190 4247 25
1208 4197 1271 4246 iiinc
1288 4196 1390 4262 dicitur]

104 4259 159 4320 Quia
168 4262 230 4313 itaer
238 4263 346 4326 demerit,
355 4279 406 4314 aon
415 4264 526 4326 inuenio,
539 4264 573 4326 cs.
584 4264 667 4312 Prisc.
677 4263 695 4312 I
697 4261 715 4313 I
723 4279 752 4327 ρ.
762 4265 820 4326 267,
832 4266 873 4315 12.
884 4267 916 4314 11
967 4266 1001 4315 26
1019 4265 1101 4314 cetico
1119 4275 1143 4314 et
1160 4264 1303 4315 demedium
1322 4280 1392 4315 com-

105 4329 184 4380 munis
253 4331 285 4383 21
303 4331 337 4380 do
355 4345 385 4380 eo
454 4332 486 4380 28
505 4332 604 4381 emittm·
621 4331 704 4380 bouus
772 4333 806 4382 ie
823 4347 899 4396 greco
917 4347 1022 4382 accusso
1091 4335 1225 4396 3Ocyce1o
1276 4345 1393 4384 accasme

105 4397 134 4446 31
153 4400 284 4449 terrentius
336 4400 460 4449 accusatis
479 4399 654 4465 penitentiam.
689 4399 729 4449 De
747 4415 776 4450 eo
794 4401 850 4449 ioco
867 4401 902 4463 es.
917 4402 1049 4466 Virgilian
1067 4401 1135 4450 Muit
1149 4417 1176 4465 ρ,
1190 4403 1258 4451 135.-
1275 4400 1393 4464 Plerique

105 4475 241 4516 nostrerum
259 4467 308 4517 hoc
327 4467 431 4516 uerbum
448 4467 623 4529 frequentant,
641 4467 691 4516 hoc
709 4477 748 4516 εει
764 4469 910 4518 accusandi.
946 4467 1032 4518 Cicero
1051 4469 1142 4517 etenim
1161 4469 1233 4518 dicit:
1262 4473 1392 4520 ‘accusate
1449 4511 1455 4517 .

5 4593 6 4598 ¹
104 4533 169 4591 qitod
185 4545 278 4585 rectum
298 4537 357 4596 esd,
376 4535 443 4584 idest
459 4535 541 4600 ugite3
569 4543 638 4600 etp.
657 4538 759 4586 tenor.
780 4536 968 4598 Goiofrectteae
989 4536 1098 4601 Viryitio
1115 4545 1279 4602 excerptum:
1310 4541 1392 4588 dccii-

104 4601 196 4651 sntiuus
214 4603 246 4651 ab
264 4602 320 4652 attis
338 4603 438 4652 octiuus
456 4614 571 4662 uocatur,
590 4603 648 4666 quia
659 4603 768 4668 Virgiiio
786 4614 927 4654 testamen
946 4604 1022 4654 uerbo
1039 4619 1143 4669 accuso,
1161 4605 1227 4654 idest
1243 4620 1303 4670 ego,
1323 4605 1391 4656 deri-

107 4677 181 4718 uatur.
205 4671 264 4720 inde
278 4669 365 4720 Cicero
378 4671 439 4720 dicit
451 4681 497 4725 etc.
511 4697 542 4707 -
556 4669 604 4721 hcc
622 4683 661 4722 est
678 4672 764 4736 agitis.
803 4672 968 4735 Guinsredmn
985 4675 1066 4735 iprum
1083 4689 1133 4723 non
1150 4675 1275 4738 epistulae
1291 4676 1390 4738 primae

105 4735 177 4785 iocum
194 4741 277 4789 nereio
295 4755 366 4803 quem
383 4755 448 4790 auae
465 4741 633 4804 deperditum,
649 4740 698 4791 red
714 4741 839 4802 epitomae
852 4740 927 4790 VIII
935 4757 962 4805 ρ.
973 4742 1027 4790 135
1038 4743 1187 4806 respexisse
1199 4743 1248 4791 iam
1259 4743 1292 4791 A.
1304 4743 1391 4794 Maius

106 4803 223 4856 iatetieoett
239 4823 265 4871 ρ,
285 4809 336 4858 tio
354 4814 407 4859 aot.
477 4811 509 4858 32
528 4808 587 4870 quia
605 4823 651 4874 per
669 4805 738 4874 eum]
758 4807 807 4860 Est
825 4805 925 4860 Isidori
940 4809 1053 4872 definitio
1070 4813 1088 4861 i.
1106 4813 1133 4876 1.,
1153 4810 1187 4872 rs.
1208 4812 1311 4860 13—19
