3394 5448
284 323 349 388 20ss
680 321 914 376 conunnnvu
933 322 1177 376 emsrnnnnsn

286 533 408 593 agere.
437 516 535 592 Agere
550 512 659 593 aliquid
682 521 729 574 est
752 512 818 592 lego
841 513 950 583 doceo,
974 518 1034 590 pati
1057 511 1139 591 legor
1161 513 1282 573 doceor.
1319 511 1393 573 Cum
1417 529 1487 590 ergo
1511 511 1583 571 dieit

285 617 423 694 ‘agere',
453 613 681 695 comprehendit
707 617 805 676 omnia
835 615 929 676 actiua
958 622 987 674 et
1009 613 1197 675 medietatem
1225 615 1393 676 eommunis
1420 613 1524 683 uerlri,
1553 621 1581 672 et

286 735 353 778 cum
377 716 449 778 dicit
477 719 581 797 ‘pati',
610 719 711 778 omnia
740 717 857 797 passiua
880 724 911 777 et
931 716 1054 777 alteram
1078 714 1266 777 medietatem
1290 717 1455 776 eommunis
1477 712 1580 782 uerbi;

287 823 358 880 ‘aut
378 821 535 880 neutrum’
563 836 630 879 eum
665 817 751 886 dicit,
786 819 884 879 omnia
918 817 1062 879 neutralia
1091 828 1120 879 et
1148 816 1327 897 deponentia
1354 816 1447 878 uerba
1475 818 1581 894 tangit.

286 919 426 982 Neutrale
449 918 575 982 uerbum
599 920 718 990 dicitur,
742 937 802 980 non
823 926 857 979 ut
878 917 991 997 aliquid
1013 937 1073 980 non
1095 919 1254 998 significet,
1278 917 1331 980 sed
1347 927 1509 997 utrumque
1525 931 1604 978 uone

285 1021 446 1099 significan
476 1039 543 1084 nam
566 1039 635 1083 eum
657 1023 784 1082 aetiuam
807 1020 899 1082 nabet
920 1023 1181 1100 significationem,
1205 1019 1346 1098 relinquit
1367 1023 1529 1101 passiuam,
1554 1028 1584 1077 ut

286 1123 361 1184 iaeio
384 1123 520 1200 ambulo,
543 1142 610 1185 eum
634 1141 706 1183 uero
728 1124 892 1202 passiuam,
917 1123 1039 1184 dimittit
1060 1122 1193 1192 alteram,
1211 1131 1244 1183 ut
1258 1123 1296 1183 fio
1318 1124 1470 1202 passiuum
1496 1119 1584 1181 habet

286 1243 415 1286 sensum.
461 1225 511 1295 Et,
539 1232 572 1286 ut
593 1225 744 1304 quidam
766 1223 885 1295 uolunt,
908 1225 1060 1304 passiuum
1084 1233 1131 1285 est
1153 1226 1190 1285 lto
1212 1224 1307 1286 solum
1335 1224 1473 1286 desinens
1502 1224 1535 1282 in
1557 1241 1583 1288 ο,

285 1329 371 1388 cuius
398 1329 528 1388 uotiuum
552 1334 596 1387 est
617 1326 704 1388 laeio.
749 1324 840 1387 Verbi
869 1327 961 1404 gratia
990 1326 1085 1387 ‘lacio
1108 1331 1165 1398 ιε’,
1192 1335 1222 1387 et
1248 1333 1280 1387 tu
1302 1325 1466 1406 respondes
1491 1325 1548 1384 ‘lio
1569 1342 1583 1382 a

286 1434 336 1490 te’.
375 1427 510 1510 Quinque
532 1447 643 1507 genera
665 1430 697 1488 in
720 1428 914 1506 sequentibus
935 1435 1151 1489 commemorat
1174 1429 1320 1497 Donatus,
1343 1446 1420 1507 quae
1442 1427 1492 1487 liic
1517 1426 1584 1486 bre·
1597 1441 1617 1478 tl

285 1533 362 1593 niter
391 1533 497 1610 tangit,
528 1549 596 1591 oiim
625 1530 696 1591 dicit
725 1532 793 1590 ‘aut
820 1547 911 1608 agere
933 1538 984 1591 aot
1006 1531 1066 1609 pati
1095 1536 1145 1590 aut
1167 1531 1336 1590 neutrum’.
1381 1532 1487 1589 Actum
1516 1546 1585 1587 sane

284 1635 348 1694 siue
370 1635 540 1714 passionem
562 1632 723 1693 ostendunt
746 1631 839 1693 uerba
862 1633 892 1692 in
915 1631 971 1700 his,
994 1650 1071 1712 quae
1094 1633 1222 1693 animata
1245 1641 1323 1702 sunt,
1347 1640 1488 1691 neutrum
1514 1647 1585 1690 uero

286 1735 412 1795 manime
440 1736 471 1794 in
499 1736 596 1795 anima
620 1730 790 1795 carentibus
812 1735 942 1812 ponitur.
965 1767 1008 1778 -
1036 1733 1222 1795 Generalitas
1251 1732 1336 1794 uerbi
1363 1732 1394 1792 in
1424 1751 1476 1800 eo,
1506 1730 1584 1810 quod

285 1855 355 1916 pars
377 1845 421 1896 est
444 1837 603 1904 orationis;
625 1833 803 1915 specialitas,
827 1833 905 1914 quod
929 1846 1011 1897 earet
1032 1854 1112 1906 casu,
1136 1835 1303 1916 proprietas
1323 1851 1397 1894 uero
1415 1836 1445 1894 iu
1461 1833 1587 1894 aetionis

287 1939 431 2017 passionis
447 1936 495 1998 uel
510 1938 608 1998 neutri
629 1937 855 2016 significatione.
899 1935 933 1997 n.
950 1937 1067 1998 Verbo
1089 1947 1179 2016 quot
1200 1934 1397 2004 accidunt,
1419 1934 1499 1996 idest
1514 1941 1585 2013 quot
1596 1951 1618 1988 aa

286 2038 450 2100 accidentia
473 2037 563 2100 habet
583 2037 720 2100 uerbum.
766 2037 803 2100 M.
828 2037 990 2117 Septem.
1034 2038 1196 2101 Numerum
1219 2038 1361 2100 deliniuit.
1406 2037 1441 2100 ll.
1465 2036 1583 2107 Quae?

197 2144 247 2191 3⁵⁹»
261 2145 273 2183 ⁶
289 2141 414 2201 Nomina
430 2141 628 2203 accidentium
643 2141 779 2220 requirit
803 2141 842 2202 ll.
854 2139 1027 2211 Qualitas
1041 2143 1261 2218 coniugatio
1276 2156 1394 2216 genus
1409 2155 1585 2199 numerus

287 2231 411 2320 ligura
428 2251 576 2322 tempus
591 2260 761 2321 persona.
800 2241 881 2312 Quae
896 2243 957 2303 suis
973 2243 1003 2303 in
1026 2241 1098 2303 locis
1120 2259 1314 2322 exponemus.
1344 2241 1446 2302 Primo
1461 2239 1500 2301 de
1516 2257 1586 2318 qua·

287 2342 368 2404 litate
384 2344 469 2405 nobis
484 2345 522 2406 sit
537 2362 645 2412 sermo,
661 2345 730 2422 quia
745 2345 875 2424 primum
892 2343 1029 2405 accidens
1044 2351 1096 2404 est
1127 2343 1220 2422 lgitur
1235 2345 1265 2404 in
1280 2342 1374 2404 uerbo
1389 2342 1502 2403 dieitur
1513 2358 1585 2418 qua·

287 2444 362 2514 litas,
376 2463 411 2506 eo
427 2445 517 2524 quod,
530 2445 618 2524 quale
633 2446 672 2506 sit
685 2444 757 2506 illud
775 2443 914 2519 uerbum,
927 2445 1065 2516 ostendit,
1079 2447 1209 2507 aetiuum
1225 2444 1365 2507 uidelicet
1379 2462 1416 2505 an
1432 2445 1584 2523 passiuum
1596 2457 1618 2496 2⁰

197 2553 244 2600 ³⁵⁹»
259 2553 270 2591 ⁷
288 2547 300 2628 ll
320 2543 380 2608 118
394 2543 410 2631 ss
423 2549 486 2609 siue
502 2556 649 2608 neutrum.
681 2548 715 2608 ll.
732 2546 900 2618 Qualitas
915 2547 1116 2609 uerborum
1132 2550 1167 2608 in
1183 2566 1253 2627 quo
1269 2547 1341 2608 esti
1370 2545 1450 2606 ldest
1471 2547 1503 2606 in
1527 2563 1584 2623 quo

285 2650 360 2722 iore,
383 2651 414 2710 in
437 2668 495 2728 qua
517 2655 662 2729 potestate
684 2651 740 2710 sita
762 2657 816 2710 est
861 2648 899 2710 lt.
923 2649 962 2711 ln
983 2651 1101 2711 modis
1122 2657 1157 2711 et
1176 2649 1317 2710 lormis
1363 2647 1489 2719 Quando
1505 2649 1583 2709 enim

285 2752 411 2832 qualitas
434 2752 519 2814 uerbi
542 2753 753 2830 interrogatur,
778 2750 882 2812 modus
905 2759 935 2811 et
956 2752 1052 2813 lorma
1074 2751 1284 2830 respondetur,
1308 2759 1354 2812 ut:
1379 2754 1482 2812 ‘amo’
1501 2751 1584 2810 euius

284 2851 434 2932 qualitatis
449 2853 511 2912 est?
534 2853 614 2914 modi
629 2852 779 2914 indicatiui
802 2860 832 2912 et
852 2851 966 2914 iormae
982 2853 1146 2933 perlectam
1169 2852 1319 2915 ‘lecturio'
1334 2851 1415 2912 modi
1430 2853 1583 2913 indicatiui

286 2962 316 3014 et
338 2955 449 3014 lormae
472 2954 675 3023 meditatiuae;
698 2953 826 3016 ‘lectito'
850 2954 928 3016 modi
951 2954 1105 3017 indicatiui
1133 2963 1163 3014 et
1189 2955 1303 3015 iormae
1328 2954 1615 3034 frequentationes

285 3055 426 3116 ‘calesco'
450 3056 603 3117 indicatiui
626 3055 706 3117 modi
728 3066 758 3117 et
780 3056 893 3118 formae
915 3055 1111 3118 inchoatiuae.
1127 3090 1170 3100 -
1184 3054 1263 3118 uolt
1276 3074 1293 3116 a
1308 3054 1515 3116 moderatione
1538 3053 1582 3116 uel

285 3175 301 3217 a
330 3165 413 3217 motu
440 3165 510 3218 sunt
536 3156 622 3227 dicti,
653 3157 796 3236 eoquod
825 3177 904 3218 unus
932 3167 1088 3220 moueatur
1116 3161 1147 3219 in
1175 3158 1315 3219 alterum:
1343 3156 1528 3218 indicatiuus
1554 3158 1582 3216 in

285 3259 509 3338 imperatiuum,
538 3259 734 3339 imperatiuus
754 3261 785 3321 in
808 3261 985 3340 optatiuum,
1009 3261 1052 3321 sie
1074 3269 1104 3321 et
1125 3259 1183 3322 alii.
1206 3293 1250 3303 -
1271 3258 1450 3320 ludicatiuus
1473 3258 1583 3320 dieitur

285 3357 322 3420 ab
343 3359 518 3430 indicando,
543 3361 610 3441 quia
633 3379 688 3441 per
709 3359 791 3422 illum
815 3369 913 3423 aetum
938 3360 985 3423 uel
1007 3364 1174 3442 passionem
1197 3361 1397 3430 ostendimus,
1421 3369 1466 3420 ut:
1500 3359 1582 3439 ‘quid

285 3463 387 3522 lacisl'
416 3461 524 3541 ‘lego'z
558 3480 629 3523 ecee
655 3470 763 3524 aetum.
815 3462 904 3533 ‘Quid
933 3463 1028 3542 agis'l
1063 3463 1182 3541 ‘legor’,
1218 3464 1248 3522 ·i·
1277 3461 1383 3544 aliquis
1411 3480 1476 3522 mea
1507 3462 1613 3521 dictast

285 3563 371 3642 legit:
395 3581 465 3623 ecce
488 3565 650 3643 passiuum.
689 3563 761 3625 [lico
784 3563 867 3634 dicis,
890 3565 988 3626 indico
1010 3564 1127 3636 indicis,
1151 3565 1258 3626 transit
1279 3567 1310 3625 in
1331 3565 1484 3644 passiuum
1509 3563 1580 3624 indi·

284 3674 368 3726 eatus
395 3664 531 3734 indicati,
561 3664 697 3726 adiuncta
726 3684 783 3726 uus
811 3667 843 3726 iit
864 3664 1051 3728 indicatiuus.
1095 3667 1213 3728 Primos
1235 3684 1308 3744 ergo
1329 3667 1449 3746 ponitur
1472 3665 1580 3727 indica·

286 3767 381 3850 tiuus,
409 3767 477 3848 quia
505 3766 667 3846 perfectior
688 3776 733 3828 est
756 3771 874 3830 ceteris
919 3768 1017 3829 Habet
1038 3770 1117 3830 enim
1140 3787 1210 3830 suas
1231 3785 1373 3850 personas
1396 3777 1425 3829 et
1446 3771 1478 3830 in
1503 3767 1580 3830 nullo

285 3875 419 3949 tempore
448 3866 548 3929 delicit
575 3885 674 3946 neque
701 3870 732 3929 in
758 3887 858 3930 sensu.
904 3869 976 3931 Nam
1000 3869 1063 3942 ille,
1094 3872 1145 3948 qui
1166 3870 1239 3932 dieit
1261 3871 1393 3940 ‘scribo',
1417 3871 1578 3951 perlectum

284 3986 403 4030 sensum
426 3969 565 4031 ostendit.
610 3969 708 4032 Ceteri
729 3989 803 4031 uero
825 3988 884 4032 non
907 3971 1003 4032 solum
1026 3974 1056 4033 in
1079 3982 1230 4051 tempore,
1253 3971 1305 4033 sed
1329 3973 1415 4033 etiam
1437 3974 1468 4032 in
1493 3986 1611 4033 sensuit·

284 4069 435 4131 deliciunt.
472 4070 528 4141 Qui
544 4073 622 4132 enim
639 4072 775 4149 imperat
798 4071 936 4143 ostendit,
960 4091 1021 4136 non
1044 4093 1110 4136 esso
1132 4074 1243 4136 laetum
1266 4072 1369 4142 adime,
1394 4075 1472 4152 quod
1488 4074 1576 4134 iubet.

285 4171 426 4233 Similiter
449 4175 551 4252 etqui
573 4181 670 4253 optat,
700 4174 848 4244 ostendit,
877 4193 910 4236 se
932 4193 992 4236 non
1014 4174 1139 4246 habere,
1163 4175 1241 4256 quod
1264 4176 1423 4238 desiderat.
1468 4174 1578 4236 lndira-
1673 4191 1674 4256 q

284 4273 367 4334 tinus
390 4291 462 4351 ergo
484 4275 637 4353 perlectus
659 4284 711 4345 est,
735 4283 881 4356 utsupra
905 4275 1042 4345 diximus,
1066 4287 1096 4338 et
1116 4277 1184 4339 ideo
1200 4280 1328 4356 primum
1345 4276 1460 4338 obtinet
1474 4277 1577 4338 locum.

284 4373 482 4454 imperatiuus
510 4376 641 4438 secundo
669 4379 699 4439 in
727 4376 794 4437 loco
821 4380 951 4458 ponitur.
999 4380 1143 4451 Quamuis
1173 4381 1251 4439 enim
1281 4382 1310 4440 in
1339 4398 1465 4460 persona
1495 4381 1524 4439 el
1551 4379 1575 4436 in

284 4478 446 4556 praeterito
469 4476 582 4550 deficit,
612 4486 710 4540 minen
733 4486 802 4539 ante
825 4480 987 4558 optatiuum
1010 4483 1147 4561 ponitur,
1177 4483 1245 4562 quia
1270 4483 1362 4542 rrraior
1385 4488 1431 4542 est
1453 4483 1504 4561 qui
1526 4481 1607 4539 ina-n
1673 4543 1674 4546 ,

285 4664 512 4674 ———-——...

355 4802 385 4851 10
401 4811 543 4851 commorat
611 4799 738 4867 Donatus]
756 4819 784 4867 p.
804 4805 863 4866 359,
885 4807 920 4853 34
990 4805 1021 4855 16
1038 4803 1160 4854 dillluinit
