3412 5452
470 352 519 402 DE
538 351 782 406 DISSONANTIA
801 353 992 407 sandonus.
1294 373 1379 425 cxx1

174 542 237 601 Iam
252 543 327 616 quia
341 541 381 600 de
394 543 548 602 codicibus
563 543 671 604 botrum
687 545 929 619 differentiarum
944 562 964 604 a
974 549 1132 622 prioribus
1147 550 1310 612 editoribus
1324 553 1378 611 ud-

105 647 189 706 tibitis
209 643 286 704 nibil
306 647 427 705 omuino
447 651 575 719 constat,
600 647 657 706 ltoc
679 647 794 707 dixisse
813 646 939 722 suffieit,
964 649 1131 712 Breuilium
1154 651 1304 713 interdurn
1326 669 1378 713 aa·

106 749 245 810 natutae
264 749 450 822 corduendo
471 749 657 824 scripturum
679 752 841 810 inmutasse
855 751 970 825 uideri,
996 752 1215 826 Gotltosredam
1237 771 1310 815 uero
1332 757 1380 815 ael

105 855 248 926 sumptas
268 849 385 909 codicis
406 847 570 910 Beruensis
590 852 733 913 lectiones
750 852 929 928 plerumque
949 870 1064 914 summa
1084 873 1153 916 cnm
1171 857 1234 929 fide
1255 873 1379 934 expres-

105 957 164 1014 sisse
184 951 275 1023 (uude
295 952 385 1012 simul
399 950 569 1027 Bonparsii
588 946 743 1033 ἀκρίβεια
763 957 907 1028 capnosci
921 957 1046 1031 potest),
1071 959 1237 1019 Areualum
1252 961 1381 1036 deniqne

30 1097 31 1100 ,
106 1055 255 1115 Brailium
282 1061 416 1114 scaranem
445 1055 597 1116 interdurn
627 1057 676 1116 uel
697 1055 875 1116 deteriorem
896 1059 1074 1133 reddidisse,
1099 1063 1189 1135 quod,
1215 1067 1247 1120 ut
1268 1077 1303 1121 eo
1326 1079 1379 1122 ex-

104 1159 187 1232 emplo
206 1161 286 1227 utar,
311 1173 359 1215 nr.
388 1161 438 1214 199
454 1155 576 1230 factum
598 1165 656 1231 est,
685 1175 745 1234 quo
765 1159 833 1219 loco
854 1176 920 1220 curm
943 1167 972 1220 et
993 1159 1147 1222 Breuilius
1168 1169 1197 1223 et
1220 1163 1379 1236 Gotbosre-

104 1261 152 1320 dus
176 1275 234 1318 una
259 1275 328 1317 cmo
348 1259 427 1318 libro
449 1256 599 1320 Berneasi
618 1267 700 1320 recte
719 1261 897 1322 exhiberent
918 1264 1011 1322 ‘uires
1032 1265 1201 1338 uiriosum',
1232 1267 1381 1326 Arimalus

103 1364 170 1422 nole
188 1361 307 1436 scripsit
328 1362 507 1436 ‘uitiosum’,'
525 1379 587 1438 qua
608 1364 640 1422 in
662 1378 697 1421 re
717 1364 891 1423 mirandum
912 1374 965 1438 est,
993 1366 1076 1440 quod
1096 1366 1380 1444 Reifferscheidium

84 1465 195 1541 'inbuit
214 1464 360 1522 umectam
382 1462 509 1524 Suetoui
527 1465 595 1524 rell.
613 1481 648 1540 p.
676 1470 741 1524 294.
790 1465 847 1536 (lui
865 1483 932 1526 amu
956 1467 1174 1540 Gothosredurn
1191 1486 1224 1544 p.
1244 1477 1302 1528 274
1316 1487 1377 1545 seq.
1441 1485 1447 1498 ·

30 1577 31 1584 ’
104 1573 190 1627 testem
210 1566 355 1625 adbibere
375 1583 407 1626 se
427 1567 550 1641 dicmet,
575 1583 685 1627 reuera
700 1569 874 1642 Areuatum,
899 1569 956 1630 boe
977 1576 1020 1630 est
1036 1569 1205 1631 Brendlinm
1219 1575 1378 1648 expressit.

106 1669 158 1740 tino
180 1666 297 1740 suctum
324 1675 385 1742 est,
421 1674 455 1729 ut
480 1670 630 1729 editorum
663 1671 851 1730 nouellaram
884 1674 1129 1746 excopitamenta
1157 1691 1220 1749 pro
1253 1677 1380 1749 antiqua

30 1781 31 1798 ²
103 1772 201 1832 coduis
221 1772 419 1846 maurncripti
440 1771 648 1846 Bonparsiani
666 1775 794 1832 lectione
812 1773 989 1849 plerumque
1011 1775 1250 1835 venditarentur.

175 1874 261 1932 Hanc
284 1872 417 1933 Breuilii
435 1882 464 1932 et
487 1872 670 1946 Gotltosredi
694 1873 912 1949 collectionem,
943 1892 1124 1951 quamquam
1152 1885 1274 1953 reperto
1301 1879 1380 1938 libro

30 2043 31 2046 Ι
103 1977 290 2050 nonmmrpto
311 1977 387 2034 sutis
407 1981 523 2035 uetusto
545 1973 646 2036 maior
666 1979 697 2035 ei
716 1978 747 2035 iu
766 1985 920 2052 posterum
939 1979 1016 2050 fides
1029 1981 1088 2038 erit
1102 1978 1258 2057 babendo,
1281 1988 1378 2040 tamen

30 2059 31 2100 Ι
104 2081 187 2137 denno
208 2079 285 2155 typis
306 2075 480 2137 describere
500 2079 591 2152 nolui,
616 2075 690 2154 quia
706 2077 835 2139 Areaali
848 2078 982 2140 editione
1001 2097 1023 2139 a
1040 2079 1165 2155 Mipueo
1188 2097 1285 2158 nuper
1300 2099 1381 2142 anno

106 2187 169 2238 1850
192 2182 222 2239 in
243 2180 442 2254 patrolopiae
467 2186 536 2239 tom.
567 2179 744 2240 lXXXlll
775 2179 905 2256 repetitu
931 2179 1007 2242 satis
1034 2181 1195 2258 diuulpata
1222 2191 1275 2244 est.
1320 2183 1383 2244 Sed

103 2279 204 2342 codicis
229 2279 393 2355 dilipeater
420 2285 543 2342 excussi
567 2281 743 2358 scripturae
775 2283 818 2342 ud
846 2282 1028 2356 Gotbasredi
1053 2283 1212 2346 editionem
1241 2287 1378 2360 alteram,

30 2363 31 2368 ἵ
103 2401 169 2458 quoe
188 2400 215 2442 a.
241 2389 318 2442 1602
340 2383 372 2442 S.
398 2382 540 2444 Geruasii
563 2386 731 2459 (Geneatae)
748 2381 922 2467 prosim),
945 2389 1087 2446 conlatae
1109 2385 1290 2448 uarietatem
1306 2389 1379 2448 rire-

104 2484 158 2545 noli
169 2483 297 2546 armeris
311 2488 459 2562 adpositis
473 2488 629 2547 doctorum
639 2489 776 2546 uirorum
791 2487 954 2548 memoriae
969 2491 1053 2549 tradi
1065 2493 1268 2551 necessarium
1284 2489 1380 2550 duri:

176 2637 204 2698 P.
227 2635 268 2698 'itt
298 2639 438 2712 Gotltosr.
467 2637 478 2698 l
512 2639 584 2700 {utel
607 2639 747 2719 pollicere
767 2637 772 2720 Ι
791 2639 960 2719 poilicinrnr
979 2639 983 2721 Ι
1003 2639 1024 2700 4
1046 2651 1076 2702 et
1097 2641 1174 2702 iusta
1197 2652 1351 2721 correptae
1375 2644 1379 2726 Ι

103 2736 119 2798 6
138 2737 268 2817 intellegi,
291 2739 337 2801 st'c
358 2758 476 2817 semper
494 2736 499 2823 Ι
520 2739 537 2802 i
561 2759 648 2821 asper
671 2741 706 2800 ad
730 2749 846 2821 tempus
864 2741 869 2821 Ι
889 2740 908 2804 8
931 2742 1030 2802 hieme
1052 2744 1213 2804 intumiscit
1231 2739 1236 2827 Ι

176 2861 201 2922 p.
220 2839 277 2912 80,
308 2839 328 2903 8
351 2841 506 2921 corqsletur
531 2841 536 2924 Ι
563 2840 602 2904 12
624 2853 706 2904 caret
728 2844 828 2905 meriti
848 2849 852 2919 Ι
872 2853 987 2906 retenet
1005 2843 1010 2926 Ι
1032 2842 1071 2904 14
1093 2845 1171 2924 quod
1195 2845 1379 2908 demonstra·

103 2961 172 3012 mns,
199 2944 335 3006 deeras.
361 2943 366 3024 Ι
391 2947 493 3024 sepius
517 2941 522 3026 Ι
549 2941 589 3006 15
615 2943 796 3025 locupletum
820 2943 1017 3028 opulentlJium
1049 2946 1134 3027 isidi·
1157 2949 1348 3028 opulentiam)
1375 2956 1380 3042 Ι

30 3099 31 3108 .
102 3044 258 3128 tamquam!

176 3167 201 3227 p.
217 3145 266 3214 91.
292 3145 332 3209 16
348 3148 510 3218 huminum,
533 3149 644 3209 minum
661 3155 692 3211 in
707 3168 769 3212 ras.
790 3147 795 3231 Ι
817 3147 855 3212 19
872 3170 1031 3229 utnusquam
1052 3149 1057 3232 Ι
1076 3149 1118 3212 20
1133 3169 1219 3230 greca
1240 3151 1245 3232 Ι
1264 3152 1380 3212 discen-

103 3249 138 3308 dit
153 3245 159 3332 Ι
177 3249 257 3311 cadet
276 3255 281 3324 Ι
301 3250 447 3312 discendit
470 3246 476 3330 Ι
501 3249 622 3329 inpulsu
647 3248 652 3332 Ι
678 3260 780 3323 uentu,
801 3271 883 3314 corr.
909 3255 988 3314 arenti
1008 3253 1013 3334 Ι
1034 3254 1172 3314 lacrimae
1191 3249 1197 3337 Ι
1216 3253 1349 3332 Nymbus
1373 3253 1377 3338 Ι

102 3355 219 3430 erumpit
238 3351 385 3432 uaiiqnam
409 3355 480 3442 (sie)
500 3349 505 3434 Ι
525 3351 599 3413 casii
618 3351 623 3436 Ι
641 3350 681 3414 21
705 3357 813 3415 santiat
831 3353 836 3436 Ι
855 3352 897 3415 22
919 3356 956 3435 qd
974 3364 1054 3432 torpa
1075 3354 1080 3437 Ι
1099 3353 1140 3417 23
1163 3357 1348 3435 conpositum
1373 3353 1377 3438 Ι

102 3465 136 3530 25
155 3468 342 3552 continebitur
361 3467 367 3554 Ι
385 3467 427 3532 26
449 3445 496 3533 uin
516 3469 521 3552 Ι
540 3469 580 3532 it
604 3473 748 3536 facundae
768 3471 772 3554 Ι
792 3473 1008 3563 cnm'aiiquem
1029 3474 1034 3555 Ι
1053 3472 1094 3536 28
1117 3475 1287 3554 accipemns
1303 3467 1310 3555 Ι

174 3609 203 3669 p.
224 3587 272 3659 92,
295 3585 339 3652 29
360 3609 436 3670 qnae
458 3591 545 3670 lunge
565 3586 569 3672 Ι
590 3595 719 3652 uiscmus
738 3590 744 3674 Ι
763 3589 805 3654 30
827 3568 994 3655 etmsaniam
1016 3590 1020 3676 Ι
1039 3591 1081 3655 32
1103 3602 1202 3654 rectae
1221 3590 1226 3676 Ι
1245 3591 1286 3655 33
1302 3594 1378 3655 durna

102 3690 134 3750 dir
150 3691 198 3768 (=
219 3691 282 3772 deo)
306 3692 415 3754 dantur
435 3691 440 3773 Ι
457 3690 500 3754 34
523 3701 621 3754 uestes
643 3693 818 3756 seminarum
840 3701 844 3774 Ι
864 3693 906 3756 35
928 3697 1065 3775 poenitus
1085 3692 1089 3774 Ι
1108 3692 1151 3757 36
1173 3707 1354 3775 conparatur
1375 3696 1378 3779 Ι

101 3789 135 3853 38
148 3793 194 3872 qni
209 3797 344 3854 aceteris
363 3790 369 3876 Ι
388 3796 452 3856 siue
464 3796 571 3856 ceteris
589 3792 594 3877 Ι
613 3791 656 3857 39
667 3794 834 3876 apheresim
855 3793 859 3864 Ι
879 3799 1021 3876 sincopen
1042 3795 1047 3877 Ι
1067 3797 1220 3877 apheresis
1239 3796 1244 3880 Ι
1265 3807 1377 3858 teuiue·

102 3901 139 3953 tes
155 3893 159 3972 Ι
177 3913 242 3958 rare
263 3903 370 3958 nantes
393 3914 446 3974 pru
469 3904 606 3959 natanias
624 3896 629 3980 Ι
648 3894 687 3958 41
712 3896 887 3978 reliquimur
907 3895 911 3980 Ι
930 3896 972 3960 42
995 3901 1164 3961 miserimnr
1184 3900 1188 3980 Ι
1207 3897 1249 3961 43
1271 3900 1379 3960 dicitur

103 3991 162 4073 qum
190 3999 243 4076 (=
264 3997 420 4079 quoniam)
449 4001 508 4061 oris
542 4003 625 4061 racio
651 3997 656 4083 Ι
682 4003 770 4062 etiam
803 4010 960 4081 praecatur
985 3999 990 4082 Ι
1015 4003 1135 4080 inperiti
1161 3999 1165 4082 Ι
1191 4001 1226 4062 ad
1257 4021 1379 4081 praeces

103 4095 285 4184 discendunt}

174 4221 201 4281 p.
225 4198 286 4292 ¹93,
314 4199 356 4264 46
384 4219 491 4280 segnes
515 4201 521 4285 Ι
543 4201 586 4266 52
608 4206 697 4266 etiam
729 4201 733 4287 Ι
761 4215 845 4282 post:
872 4207 1002 4266 iumenta
1032 4205 1173 4267 dicimus:
1202 4206 1342 4266 disiuntio
1373 4203 1377 4290 Ι

102 4315 136 4380 53
154 4323 201 4401 qni
225 4295 286 4384 iino
304 4318 310 4404 Ι
329 4318 372 4384 55
394 4321 511 4384 desinet
529 4319 534 4406 Ι
553 4319 595 4386 56
618 4332 650 4386 ut
672 4343 740 4386 cum
764 4321 887 4406 exilerit,
911 4343 977 4385 cum
1002 4327 1047 4385 exi
1071 4328 1103 4385 in
1125 4343 1186 4387 ras.
1206 4322 1210 4407 Ι
1229 4321 1270 4387 58
1293 4329 1377 4406 quasi

103 4422 272 4504 principium,
295 4443 379 4488 corr.
402 4427 530 4505 primum
550 4423 556 4509 Ι

105 4589 312 4604 ‘Q—

159 4713 185 4774 Ἰ
200 4712 295 4764 Tertiae
313 4715 434 4766 editionis
451 4730 519 4766 anno
539 4717 604 4768 1622
627 4716 746 4768 Genenue
768 4727 870 4768 curatae
891 4717 935 4779 (ci.
954 4715 1027 4766 neta.
1046 4733 1073 4782 p.
1091 4719 1142 4768 274
1160 4727 1184 4766 et
1200 4719 1276 4779 451),
1299 4733 1375 4781 qnam

105 4783 213 4830 amandae
234 4783 343 4833 similem
367 4783 448 4836 iusisse
470 4787 621 4852 paginarum
646 4786 796 4852 appendicis
815 4787 912 4834 numeri
931 4797 955 4834 et
974 4786 1023 4850 ipsi
1043 4785 1107 4835 luiso
1127 4783 1207 4850 positi
1225 4799 1377 4852 coarguunt,

106 4845 160 4896 nula
176 4861 295 4919 poteram,
313 4853 432 4916 quamuis
451 4853 543 4922 cupide
561 4854 728 4921 inquirerem,
747 4854 836 4908 notitia
854 4854 934 4904 iubui.
