3400 5450
631 267 843 324 anauansrs.
1347 263 1389 328 99

87 460 144 520 boc
166 458 377 520 emblematum
402 456 585 529 emblemati,
609 457 793 519 schematum
816 457 973 528 schemati,
999 449 1196 516 toreumatum
1220 456 1388 524 toreumati,

88 561 166 624 unde
187 564 330 642 frequens
354 578 425 621 usus
449 579 552 621 eorum
574 558 691 623 datiuos
714 569 743 620 et
765 558 910 620 ablatiuos
931 556 1060 638 plurales
1083 559 1114 617 in
1136 557 1162 618 is
1185 559 1333 627 terminat,
1358 565 1390 617 ut

87 663 132 724 his
161 671 192 724 et
220 662 257 724 ab
286 661 332 722 bis
361 661 521 722 schematis
550 665 724 723 toreumatis
752 661 944 722 emblematis.
989 660 1210 726 Priscianus
1238 657 1323 719 dicit:
1358 659 1389 718 in

87 767 228 844 genetiuo
255 765 369 844 primae
397 763 603 824 destinationis
626 763 746 844 quando
769 782 785 823 a
808 763 903 842 poetis
925 781 980 843 per
1003 761 1165 831 diaeresin,
1189 759 1246 820 boc
1269 767 1313 820 est
1335 777 1389 839 per

64 858 265 928 ascisston'ern
288 864 418 944 syllabae
440 866 593 945 protertur
616 883 649 925 ae
673 865 882 944 diphthongos,
905 863 1068 925 secundum
1092 864 1223 924 Graecos
1245 880 1299 941 per
1321 880 1336 921 a
1361 871 1391 921 et

87 969 96 1026 i
119 967 277 1038 scribitur,
301 977 335 1029 nt
355 965 433 1029 aulai
455 967 560 1046 pictai,
584 985 639 1046 pro
662 965 747 1026 aulae
769 967 875 1045 pictae.
918 963 1119 1043 Virgilius:

290 1067 398 1129 Aulai
421 1067 541 1128 rnedio
564 1066 736 1128 libabant
760 1066 894 1146 pocula
917 1066 1062 1158 Bacchi.

87 1153 183 1214 mem·
292 1237 402 1299 Diues
425 1255 573 1318 equum,
599 1238 704 1299 diues
725 1239 845 1317 pictai
867 1238 992 1298 uestis
1015 1245 1051 1297 et
1072 1238 1164 1298 anri.

54 1340 192 1402 1⁰0mnia
217 1340 335 1400 nomina
358 1341 562 1419 patronomica
585 1341 615 1400 in
639 1340 691 1401 des
715 1339 881 1401 desinentia
904 1341 1017 1418 primae
1042 1347 1111 1399 stant
1126 1337 1341 1406 declinationis,
1358 1345 1390 1398 ut

87 1441 277 1503 Anchisiades
300 1440 508 1510 Anchisiadae,
533 1441 688 1502 Aeneades
710 1441 874 1503 Aeneadae.
914 1443 1043 1502 Veniunt
1065 1448 1162 1501 autem
1185 1441 1387 1520 patronomica

88 1543 161 1604 baec
185 1545 298 1622 primae
322 1541 526 1604 declinationis
549 1563 564 1604 a
586 1543 724 1619 regibus,
755 1551 788 1604 ut
809 1542 955 1603 Thesidae
978 1541 1177 1621 Cecropidae,
1201 1541 1278 1602 idest
1300 1541 1389 1603 trho-

88 1647 217 1706 nienses.
262 1643 334 1705 item
357 1643 513 1706 Aeneadae
536 1653 566 1706 et
587 1644 777 1714 Romulidae,
801 1644 878 1705 idest
899 1643 1032 1706 Romani.
1080 1630 1276 1723 Virgilius:

291 1747 486 1808 Aeneadae
510 1748 546 1808 in
571 1746 712 1810 terrum
736 1765 804 1826 pro
827 1744 1011 1807 libertate
1033 1745 1202 1808 ruebant.

57 1860 77 1898 ¹⁵
89 1849 159 1909 ltem
177 1846 362 1927 Virgilius
385 1849 472 1910 dixit:

289 1950 533 2030 Praemiaque
554 1952 729 2030 ingentes
750 1967 866 2032 pagos
889 1960 924 2012 et
946 1951 1109 2031 compita
1132 1951 1273 2012 circum

291 2052 478 2114 Thesidae
500 2070 671 2132 posuere.

172 2153 326 2218 Secundae
349 2154 555 2217 declinationis
578 2173 652 2235 quae
675 2164 721 2218 est
742 2157 874 2236 agnitiot
903 2155 983 2216 Haec
1000 2162 1057 2216 est:
1081 2155 1165 2216 cuius
1188 2155 1393 2216 nominatiuus

89 2256 248 2334 singularis
270 2254 365 2318 tribus
387 2255 495 2318 litteris
518 2261 694 2320 terminatur
717 2265 746 2319 et
766 2277 818 2319 sex
839 2256 1108 2318 terminationibus.
1139 2256 1211 2317 Inde
1227 2257 1286 2319 Pri
1294 2260 1391 2319 seia·

57 2372 154 2419 sonus
180 2356 262 2419 dicit:
279 2357 283 2364 ’
301 2357 473 2420 Secunda
496 2358 705 2428 declinatio
729 2358 953 2421 terminales
982 2357 1135 2436 litteras
1163 2365 1240 2420 tres
1262 2358 1390 2430 habet,

89 2478 191 2531 ram,
222 2461 516 2522 terminationes
545 2479 636 2521 uero
664 2479 741 2530 sex,
774 2479 812 2521 er
840 2462 874 2521 ir
895 2479 937 2521 ur
959 2480 1000 2521 us
1023 2479 1086 2522 ena
1110 2479 1180 2530 nm:
1210 2461 1246 2522 in
1271 2479 1326 2530 er,
1354 2469 1393 2522 ut

89 2581 195 2623 sacer
218 2562 335 2630 sacri:
359 2563 394 2622 in
418 2563 460 2632 ir,
483 2569 522 2624 ut
545 2565 603 2624 uir
626 2564 716 2632 uiri:
739 2565 776 2623 in
800 2581 851 2632 ur,
874 2569 913 2624 ut
935 2569 1037 2623 satur
1059 2563 1197 2631 saturi:
1220 2565 1256 2623 in
1280 2582 1330 2638 us,
1353 2573 1393 2625 ut

90 2681 242 2742 magnus
263 2665 398 2742 magni;
422 2665 458 2726 in
482 2683 551 2735 um,
575 2670 614 2725 ut
636 2664 814 2743 templum
837 2662 983 2744 templi:
1011 2665 1048 2724 in
1071 2681 1151 2733 eus,
1183 2669 1220 2722 ut
1242 2664 1391 2743 Tydeus

90 2765 214 2846 Tydei.
260 2765 319 2828 Sed
343 2768 495 2827 tamenin
519 2768 703 2828 nominatiuo
725 2766 871 2829 secundae
895 2765 1102 2827 declinationis
1124 2764 1227 2826 decem
1251 2764 1389 2826 uiueren-

57 2880 78 2920 ιι
91 2869 151 2938 tias,
174 2868 254 2928 idest
276 2867 378 2928 decem
402 2868 511 2930 lormas
534 2867 686 2939 uidemus,
710 2867 767 2928 hoc
790 2875 834 2929 est
855 2870 885 2928 in
909 2886 942 2929 er
965 2870 996 2928 in
1018 2870 1044 2928 ir
1059 2869 1090 2928 in
1106 2886 1142 2928 ur
1158 2869 1190 2928 in
1204 2885 1239 2928 us
1253 2868 1285 2928 in
1300 2868 1345 2930 ius
1360 2869 1393 2928 in

91 2987 141 3030 ens
161 2970 196 3029 in
218 2986 275 3030 uus
295 2971 326 3030 in
342 2988 396 3031 vus
416 2971 447 3031 in
471 2989 520 3031 um
543 2973 574 3032 in
596 2973 671 3032 ium:
696 2989 746 3040 er,
763 2977 796 3030 ut
817 2986 907 3048 puer;
932 2971 966 3045 ir,
990 2975 1023 3030 ut
1044 2970 1153 3038 treuir;
1178 2986 1223 3039 ur,
1247 2975 1390 3038 utantur:

90 3090 132 3142 us,
147 3079 183 3132 ut
198 3070 317 3140 doctus;
341 3071 403 3144 ius,
421 3079 453 3133 ut
468 3071 559 3142 lilius:
585 3091 647 3144 eus,
672 3081 704 3134 ut
719 3071 842 3140 Orleus;
866 3089 937 3140 uus,
958 3078 992 3132 ut
1006 3072 1121 3141 latuus;
1145 3090 1207 3141 vus,
1225 3079 1258 3132 nt
1273 3089 1390 3142 servus:

91 3192 153 3244 um,
185 3180 217 3233 ut
240 3172 366 3243 donum:
396 3174 472 3246 ium,
500 3181 533 3234 ut
554 3173 704 3252 gaudium.
749 3173 824 3235 item
847 3175 1017 3253 quaeritur:
1048 3174 1203 3234 uocatiuus
1231 3171 1390 3252 singularis

9 3315 10 3326 .
91 3275 239 3336 secundae
267 3274 473 3338 declinationis
495 3285 566 3356 quot
599 3278 821 3338 terminationes
844 3274 951 3336 habeti
995 3274 1059 3336 Hoc
1081 3281 1125 3336 est
1147 3276 1334 3356 quindecim:
1359 3294 1391 3336 er

58 3378 115 3436 teir
137 3396 175 3438 ur
197 3396 233 3437 us
255 3377 301 3438 ins
323 3396 377 3438 eus
398 3396 454 3439 uus
476 3396 530 3440 aes
552 3397 603 3439 um
625 3379 686 3440 ium
709 3379 845 3440 eeeeii
868 3397 900 3438 u:
932 3395 975 3449 er,
998 3385 1170 3457 utopuer;
1194 3378 1390 3446 ir,utouir;

92 3498 135 3550 ur,
158 3489 231 3541 uto
253 3487 348 3549 satur:
380 3499 398 3540 o
420 3479 558 3559 pelagus,
582 3498 600 3539 o
622 3478 698 3540 tilius
720 3477 768 3541 uel
791 3499 808 3540 o
831 3480 888 3550 tili,
912 3499 930 3540 o
953 3478 1041 3550 deus,
1071 3478 1224 3550 olatuus,
1248 3498 1265 3539 o
1288 3497 1393 3540 servus
1417 3471 1419 3480 '

91 3579 136 3644 uel
159 3600 176 3641 o
199 3599 301 3652 serve,
326 3599 343 3640 o
366 3579 526 3662 templum,
550 3581 724 3660 ogaudium
747 3627 862 3644 ......
884 3579 1023 3661 olignee
1031 3627 1125 3644 .....
1133 3599 1149 3640 c
1173 3578 1275 3642 Orien.
1320 3580 1393 3642 lnde

92 3685 120 3743 in
143 3683 305 3761 Virgilio
327 3681 451 3763 legitur:

162 3941 173 3986 l
194 3937 331 3986 embiimati
350 3946 489 3988 scematum
507 3939 612 3988 scemati
628 3939 791 3988 toriomatum
810 3937 939 3988 toriomati
1015 3940 1031 3988 2
1050 3935 1125 4004 rastra]
1146 3953 1237 3988 russus
1289 3937 1393 3986 datiuus

9 4003 11 4072 ξ
95 4017 118 4053 et
133 4006 261 4055 abiatinus
280 4005 379 4070 putaris
397 4006 422 4055 in
441 4006 482 4055 bis
501 4007 636 4056 terminant
695 4007 848 4057 3scemstis
865 4007 1009 4056 toriumatis
1028 4006 1180 4056 emblimatis
1231 4001 1391 4070 Priscianus]

94 4074 126 4134 cs.
146 4073 161 4122 1
177 4091 205 4139 p.
224 4075 284 4135 284,
304 4076 353 4123 20:
380 4074 430 4123 nisi
447 4073 542 4124 diuisio
561 4073 606 4124 ilat
622 4075 648 4122 in
666 4075 786 4139 genetiuo
804 4075 918 4140 poetica,
944 4089 995 4136 qua
1016 4073 1161 4137 frequenter
1183 4083 1282 4123 ueteres
1300 4072 1394 4122 Roma-

95 4155 182 4190 nomm
202 4152 294 4207 poetae
312 4151 425 4192 utuntur.
510 4143 591 4207 lper
608 4142 688 4192 diaria
706 4143 732 4191 in
751 4141 816 4192 hod
884 4142 1055 4193 oseisionem
1124 4142 1307 4207 edgptougon
1376 4141 1393 4190 6

9 4207 11 4246 l
95 4209 149 4259 aule
165 4211 235 4276 picta
302 4205 441 4276 Virgilius]
461 4211 527 4261 Aen.
546 4209 670 4260 111354
747 4210 877 4260 'ilibabat
927 4209 1000 4258 bachi
1070 4212 1100 4261 11
1120 4209 1287 4260 enchiaeades
1305 4207 1393 4258 anchi—

95 4277 169 4328 seade
186 4277 291 4328 eniades
309 4277 398 4327 eniadc
486 4279 518 4327 12
535 4276 625 4327 beside
642 4277 770 4343 cicropide
838 4275 1009 4328 crotoniensis
1100 4280 1131 4329 13
1149 4279 1240 4328 eniade
1257 4287 1282 4327 et
1298 4275 1394 4326 melida

9 4381 10 4384 ,
127 4341 265 4411 Virgilius]
284 4347 353 4396 Aen.
375 4344 451 4395 VIII
469 4347 520 4396 648
597 4346 630 4396 14
647 4346 737 4397 eniade
754 4344 864 4395 intertim
917 4345 1021 4395 ruebam
1091 4348 1124 4396 lb
1141 4343 1278 4412 Virgilius]
1301 4345 1393 4408 deneg.

9 4429 10 4460 ι
97 4412 129 4462 II
147 4416 199 4464 382
286 4414 480 4479 inprimisque
567 4414 599 4464 19
616 4413 796 4472 terminantur,
814 4429 830 4462 n
849 4429 916 4463 erae.
987 4410 1146 4481 Priscianus]
1171 4415 1210 4464 De
1228 4416 1326 4464 nonnae
1343 4419 1392 4463 etc.

96 4497 121 4544 p.
140 4483 201 4545 444,
220 4485 237 4531 5
254 4481 290 4531 K.
308 4477 354 4548 (cf.
372 4481 391 4532 I
404 4497 432 4546 p.
451 4481 512 4531 294.
525 4482 577 4530 295
588 4480 638 4544 Η.)
707 4486 740 4534 22
758 4483 784 4532 in
803 4497 832 4530 ur
849 4491 921 4531 satur
989 4483 1022 4534 23
1040 4480 1152 4532 thitheus
1169 4480 1258 4531 thithei
1277 4497 1299 4532 s.
1310 4493 1392 4553 manen

96 4551 127 4598 et
143 4549 224 4600 decim
310 4551 344 4600 25
360 4551 428 4600 idem
446 4548 528 4599 decim
614 4549 648 4600 28
665 4549 770 4602 domum
838 4548 966 4615 gladium:
985 4550 1125 4613 ‘gandium’
1143 4550 1215 4613 infra
1233 4565 1331 4616 quoque
1349 4551 1394 4599 ad-

95 4617 177 4679 sertor
228 4618 344 4680 queritur
427 4617 548 4680 nequod
616 4619 651 4668 30
667 4637 698 4672 nr
716 4619 806 4670 addidi
856 4632 904 4668 vus
922 4619 1014 4668 addidi
1071 4633 1117 4668 eee
1134 4618 1142 4666 i
1160 4633 1176 4665 u
1246 4619 1278 4669 at
1299 4633 1314 4666 u
1333 4627 1393 4666 uto

96 4695 163 4735 sator
216 4685 302 4735 ofilio
355 4685 419 4736 deus
506 4687 539 4736 32
558 4699 573 4734 o
591 4684 728 4756 gandium]
751 4687 963 4738 Terminats'omsm
980 4701 995 4735 e
1013 4687 1035 4735 ei
1053 4693 1079 4736 et
1096 4688 1105 4736 i
1122 4687 1394 4752 exempleintereide·

96 4759 165 4816 ruat,
184 4753 344 4822 quaraodrem
361 4756 467 4805 tacuisse
483 4755 596 4805 indicaret
647 4754 673 4809 in
691 4749 814 4822 Virgilio]
836 4754 928 4820 Oeorp.
947 4754 1015 4805 IIII
1036 4757 1087 4804 494

1153 4839 1187 4889 ⁷0
