3400 5450
195 321 201 334 ·
301 333 342 398 92
815 333 884 385 aas
901 332 1078 386 anonrua

301 522 507 604 diphthongon
523 522 670 593 desinunt,
687 531 719 583 nt
731 521 817 584 liuius
833 531 938 603 poetae
954 528 984 583 ct
999 521 1067 584 huic
1082 530 1188 602 poetae
1204 529 1234 584 et
1249 522 1278 584 hi
1290 529 1395 603 poetae
1411 531 1441 584 et
1452 544 1470 584 n
1481 530 1602 603 poetae.

300 626 390 686 ltern:
415 626 615 687 nominatiuus
638 633 666 685 et
689 625 842 687 uocatiuus
865 625 1023 703 singularis
1045 627 1076 686 in
1091 645 1108 686 a
1123 632 1292 704 correptam
1316 623 1364 685 uel
1387 627 1416 686 in
1440 644 1473 686 as
1495 632 1548 686 ant
1571 627 1602 684 in

301 747 333 788 es
355 728 503 798 desinunt,
527 734 559 788 nt
580 726 629 787 hic
644 735 729 806 poeta
754 734 783 787 et
804 745 821 786 o
844 733 941 807 poeta,
964 725 1012 787 bic
1027 727 1140 787 deneas
1163 733 1193 786 et
1214 728 1370 798 odeneas,
1393 727 1442 788 hic
1456 728 1605 789 Anchises

301 839 330 890 et
352 849 369 890 o
391 828 545 890 Anchises,
590 829 782 890 Accusatinus
804 828 963 907 singularis
990 831 1021 888 in
1045 847 1060 888 a
1083 829 1257 908 productam
1286 831 1476 900 terminatur,
1507 837 1542 890 ut
1565 829 1604 888 ab

300 931 356 994 hoc
384 939 480 1008 poeta.
527 931 600 991 item
623 931 780 1009 genetiuns
808 928 930 1009 pluralis
956 932 988 990 in
1011 949 1096 993 arum
1125 949 1243 1010 semper
1273 930 1398 1000 desinit,
1428 939 1460 992 ut
1488 931 1629 996 horum5

298 1040 464 1113 poetarum,
482 1034 600 1094 datiuns
617 1051 689 1093 uero
705 1030 828 1112 pluralis
845 1040 874 1093 et
889 1031 1034 1093 ablatiuus
1055 1033 1086 1094 in
1109 1033 1135 1093 is
1157 1032 1331 1111 productam
1356 1034 1544 1104 terminatur,
1569 1041 1603 1092 ut

299 1134 345 1196 his
368 1137 474 1215 poetis.
508 1133 614 1195 Omnia
637 1154 709 1213 ergo
735 1134 854 1195 nomina
877 1137 908 1194 in
931 1152 948 1194 a
971 1136 1128 1222 terminata
1151 1136 1265 1214 primae
1287 1143 1355 1195 sunt
1376 1134 1603 1198 declinationis.

298 1237 371 1298 lnde
386 1207 603 1300 Prisciarlus
619 1236 703 1297 dicit:
725 1236 763 1297 ln
781 1254 796 1296 a
812 1236 1030 1296 desinentia
1046 1254 1109 1298 seu
1125 1239 1269 1298 Graeca
1284 1245 1370 1298 sunt
1385 1256 1447 1298 seu
1463 1237 1601 1298 Latina

299 1337 1603 1420 masculinaueliemininaneleommunia,primaesnntdeclinationis,

298 1448 338 1501 nt
359 1440 419 1500 hic
442 1439 641 1502 citharista
664 1439 773 1502 buius
801 1438 1037 1509 citharistae,
1068 1439 1127 1502 hic
1150 1440 1274 1502 scriba
1297 1441 1406 1502 huius
1428 1440 1637 1510 scribac,1o

298 1543 390 1604 haec
411 1540 612 1622 Calliopia,
642 1541 753 1604 huius
775 1541 999 1621 Calliopiae,
1028 1541 1118 1603 baec
1141 1543 1272 1621 regina
1294 1540 1407 1605 huius
1429 1544 1603 1622 reginae.

297 1645 370 1705 item
386 1652 492 1704 neutra
507 1644 565 1704 boc
580 1641 603 1725 †
619 1643 718 1706 hiliria
734 1643 819 1704 huius
834 1641 963 1714 hiliriae,
980 1647 1024 1705 sic
1038 1643 1095 1704 hoc
1111 1647 1187 1706 toria
1203 1643 1260 1706 hoc
1277 1643 1387 1707 Pascha
1404 1645 1461 1706 hoc
1476 1663 1601 1706 manna.

298 1746 462 1807 Commune
496 1744 622 1808 duorum
651 1763 809 1825 generum,
844 1754 877 1807 ut
911 1746 960 1806 hic
994 1753 1024 1806 et
1050 1745 1123 1808 haee
1153 1748 1281 1808 conniua
1315 1747 1404 1809 hnius'
1437 1748 1598 1808 conuiuae.

296 1848 459 1909 Commune
488 1848 577 1909 trium
600 1865 758 1926 generum,
789 1856 821 1909 nt
843 1848 891 1909 hic
914 1846 1039 1910 ethaeo
1067 1855 1097 1908 et
1118 1847 1175 1910 hoc
1198 1848 1311 1910 aduena
1341 1849 1428 1910 huius
1451 1849 1598 1910 aduenae.

297 1947 516 2023 Premiscnum,
547 1956 579 2010 nt
600 1950 651 2011 bic
681 1951 729 2011 nel
751 1951 825 2011 haee
855 1949 953 2027 aquila
981 1949 1068 2011 buius
1096 1947 1221 2030 aquilae.
1267 1951 1391 2030 Propria
1420 1949 1595 2020 masculina,
1612 1979 1634 2017 n

295 2057 327 2111 nt
349 2050 397 2111 hic
419 2048 523 2130 Aquila
542 2050 591 2111 hic
606 2049 772 2113 Fenestella
795 2053 844 2112 hic
859 2053 998 2132 Agrippa.
1043 2052 1122 2114 Dixit
1144 2060 1242 2113 antem
1259 2051 1489 2120 Priscianus.
1514 2052 1597 2132 qnod

296 2154 395 2214 omnia
417 2154 536 2213 nomina
559 2155 591 2213 in
606 2173 622 2213 a
638 2154 804 2216 desinentia
826 2155 940 2234 primae
955 2161 1024 2214 sunt
1038 2154 1256 2216 declinationis.
1294 2153 1352 2216 Sed
1368 2161 1466 2214 tamen
1488 2163 1595 2215 contra

295 2255 371 2315 hanc
386 2253 519 2332 regulam
530 2255 643 2334 primae
658 2254 864 2318 declinationis
879 2257 1045 2318 contrariae
1057 2257 1245 2335 exceptiones
1261 2254 1371 2318 multae
1386 2257 1596 2319 inueniuntur.

295 2356 373 2428 Quot
394 2374 466 2435 ergo
489 2359 691 2436 exceptiones,
720 2357 777 2419 hoc
800 2365 844 2418 est
866 2361 1091 2420 contrarietates
1119 2357 1241 2437 regulae
1263 2357 1353 2420 habet
1382 2359 1478 2436 prima
1501 2356 1594 2419 deeli-

295 2459 394 2518 natio?
437 2458 500 2519 Hoc
524 2466 569 2519 est
590 2466 714 2537 septem.
760 2460 843 2532 Quae
865 2461 951 2522 snntl
994 2460 1094 2522 Prima
1123 2462 1257 2538 exceptio
1287 2468 1346 2530 est,
1376 2459 1433 2521 hoc
1453 2469 1499 2521 est
1521 2479 1631 2524 con-eo

295 2561 449 2622 uarietas:
475 2561 593 2622 nomina
609 2569 714 2623 neutra
728 2563 758 2622 in
775 2579 791 2622 a
807 2561 971 2623 desinentia
988 2562 1100 2624 Graeca
1121 2569 1235 2623 suntet
1251 2564 1355 2625 tertiae
1371 2561 1592 2624 declinationis:

294 2663 426 2740 genetiui
442 2665 521 2723 enim
539 2663 645 2724 Graeci
667 2670 714 2724 tos
735 2666 767 2724 in
789 2664 827 2724 tis
850 2673 1030 2727 conuertunt
1052 2665 1128 2744 apud
1152 2682 1215 2734 nos,
1238 2672 1272 2725 ut
1293 2665 1351 2725 hoc
1372 2681 1479 2744 poema
1502 2663 1592 2725 buius

293 2765 451 2843 paemene,
476 2763 533 2824 hoc
556 2762 701 2825 emblema
724 2763 811 2826 huius
832 2768 1029 2843 emblematis,
1059 2766 1116 2830 hoc
1139 2775 1273 2830 toreuma
1295 2768 1384 2828 hrains
1405 2767 1588 2831 toreumatis.

293 2865 366 2927 ltem
384 2865 513 2928 secunda
530 2867 645 2946 species
662 2869 844 2948 exceptionis
867 2875 924 2929 est:
948 2869 1062 2948 primae
1085 2869 1291 2931 declinationis
1313 2865 1454 2930 nonnulla
1471 2870 1591 2930 nomina
1688 2883 1689 2886 ’

293 2967 413 3030 mobilia
436 2970 467 3029 in
490 2985 505 3028 a
528 2969 694 3029 desinentia
717 2967 727 3050 ]
745 2968 763 3028 1.
781 2965 842 3029 941
859 2965 871 3052 11
893 2970 1063 3049 genetiuum
1087 2976 1116 3031 et
1138 2970 1268 3032 datiuum
1290 2968 1414 3032 similem
1437 2972 1625 3049 pronomi-ee
1688 3043 1689 3066 ἦ

294 3069 381 3130 nibus
402 3068 514 3131 habere
536 3069 686 3140 uidentur,
710 3080 744 3133 ut
763 3089 822 3132 una
845 3074 934 3132 nnius
952 3064 1019 3147 'und
1045 3070 1105 3133 sola
1127 3071 1220 3133 solius
1241 3075 1306 3136 soli.
1350 3073 1381 3132 ln
1405 3070 1471 3132 aliis
1491 3078 1589 3134 autem

293 3169 410 3232 casibus
432 3173 474 3232 sic
497 3180 575 3242 sunt,
598 3173 675 3232 sicut
696 3175 794 3233 omnia
818 3175 936 3234 nomina
960 3173 1100 3254 feminina
1122 3177 1237 3254 primae
1259 3173 1475 3236 declinationis.
1519 3173 1589 3234 lnde

292 3273 610 3362 Prisciannsdicit:
626 3274 876 3354 Excipiuntur
891 3293 1018 3337 nonem
1036 3278 1181 3337 nomina
1198 3276 1360 3346 mobilia,
1375 3283 1412 3338 ut
1427 3294 1497 3336 una
1512 3275 1588 3338 nlla

293 3373 393 3435 inulla
415 3378 497 3436 sola
520 3381 600 3437 tota
623 3373 694 3436 alia
717 3385 800 3438 ntra
823 3385 955 3438 neutra
978 3377 1112 3454 altera,
1136 3379 1504 3459 quaepronominum
1528 3378 1587 3440 dc·

292 3475 537 3538 odinationem
560 3475 699 3539 babent
721 3480 760 3539 in
783 3480 839 3541 ins
864 3481 1386 3558 terminantinmgenetinum,
1403 3480 1622 3558 quomodoao

293 3597 331 3638 ea
355 3596 447 3656 quae
470 3580 665 3659 conposita
688 3589 785 3641 sunt:
810 3580 935 3659 aliqua
952 3580 1128 3653 alicuius,
1152 3600 1269 3662 nequa
1286 3586 1455 3652 necuins,
1480 3583 1584 3662 siqua

292 3681 445 3740 sicuins.
470 3681 549 3742 llaec
565 3689 662 3743 antem
679 3684 855 3762 pronomina
879 3685 1021 3746 feminina
1044 3686 1159 3764 primae
1182 3683 1388 3746 declinationis
1411 3692 1495 3745 erant
1517 3693 1587 3764 aput

293 3787 420 3842 ueteres.
445 3781 516 3844 lnde
532 3783 750 3846 Priscianus
765 3785 853 3846 dicit:
871 3785 945 3846 Non
962 3785 1082 3847 solum
1099 3804 1166 3847 una
1183 3789 1296 3848 unius
1312 3788 1383 3858 nni,
1400 3786 1462 3847 sed
1479 3788 1586 3847 etiam

360 4005 372 4052 1
392 4003 557 4070 edyptongon
628 4004 702 4070 phete
721 4015 745 4056 et
762 4005 821 4056 huie
838 4005 927 4072 p⁰hete
944 4015 968 4056 et
986 4006 1019 4056 hii
1039 4005 1133 4072 pohete
1150 4017 1174 4057 et
1192 4021 1207 4056 o
1226 4007 1320 4074 pohete
1388 4011 1403 4059 3
1422 4005 1530 4072 peltata,
1553 4009 1586 4056 sie

289 4087 390 4136 seraper
460 4071 534 4122 nhete
602 4073 660 4122 enie
677 4083 702 4123 et
720 4088 734 4123 o
753 4075 823 4123 enias
909 4075 967 4126 bin
988 4075 1075 4124 harnam
1150 4075 1266 4125 61111111
1336 4073 1506 4128 iterurinate't
1570 4075 1585 4123 8

289 4087 457 4204 Priscianus]
469 4143 485 4193 1.
503 4143 519 4190 t.
539 4157 565 4204 p.
586 4143 649 4205 113,
668 4145 701 4190 12
757 4159 803 4192 seu
822 4142 917 4192 Graeca
936 4153 1059 4198 sontem.
1128 4145 1253 4198 sintcod.
1273 4143 1354 4197 Bern.
1374 4146 1427 4195 432
1498 4145 1529 4194 10
1546 4157 1584 4204 e]-

290 4207 397 4256 tharista
447 4207 601 4271 cpthmiatae
652 4200 734 4260 sclibe
791 4212 821 4260 ll
840 4211 950 4277 caliopia
1001 4211 1109 4276 caliopie
1178 4213 1209 4261 12
1228 4211 1276 4262 hoe
1294 4211 1376 4261 hilirie
1395 4211 1471 4261 liuius
1490 4211 1585 4260 hiliriae

290 4276 327 4324 sic
346 4272 448 4324 listorio
467 4277 516 4328 hnc
533 4273 627 4341 paseha
645 4277 695 4327 hoe
712 4276 799 4344 nanno]
819 4278 898 4341 infre
915 4285 973 4344 poet
992 4279 1125 4345 ‘paschae’
1145 4281 1337 4330 declinationem
1353 4297 1381 4345 p.
1402 4282 1446 4343 9⁶,
1468 4283 1482 4328 7
1499 4280 1583 4330 cedern

289 4343 412 4393 uocabula
429 4351 608 4394 enumerentur
625 4347 675 4396 ita:
694 4345 743 4396 hoc
761 4361 854 4396 rnanno
873 4346 921 4396 hoc
939 4347 1011 4397 ilario
1028 4347 1077 4397 hoc
1096 4348 1168 4398 toria.
1240 4351 1270 4399 13
1289 4348 1365 4398 huius
1383 4347 1503 4414 conuiuia
1555 4347 1583 4396 16

288 4409 446 4476 Priscianus]
466 4415 511 4466 tt.
528 4430 556 4477 p.
570 4415 677 4477 113,12
747 4417 778 4465 17
796 4415 981 4465 indesinentia
1032 4414 1212 4466 declinationes
1283 4418 1314 4467 18
1332 4416 1458 4466 contrarie
1508 4414 1583 4464 multa

290 4482 321 4530 19
339 4479 400 4540 qnid
447 4479 534 4546 regule
585 4483 616 4530 21
637 4484 741 4532 tremine
758 4499 834 4548 greca
851 4484 876 4532 in
897 4494 951 4532 utra
1020 4485 1053 4534 23
1071 4484 1228 4534 emblematis
1246 4484 1295 4533 hoc
1311 4493 1426 4535 toreuma
1444 4483 1520 4534 hnins
1538 4499 1581 4534 om.

321 4548 461 4597 toriomatis
512 4549 545 4598 21
564 4548 695 4616 nonrmlla]
715 4550 757 4600 illa
810 4553 842 4601 26
861 4553 904 4600 nni
923 4559 948 4602 et
965 4550 1013 4601 soli
1031 4552 1122 4602 addidi
1189 4553 1222 4602 28
1240 4549 1398 4617 Priscianus]
1419 4555 1434 4602 1.
1448 4557 1464 4603 l.
1481 4569 1509 4616 p.
1523 4553 1581 4612 113,

288 4617 320 4664 16
371 4616 533 4682 excipiuntur
551 4616 610 4666 noin
632 4620 735 4668 nomina
759 4616 874 4683 mobilia]
904 4620 990 4670 Verba
1013 4634 1101 4669 nouem
1127 4621 1229 4670 nonrina
1252 4620 1356 4672 mobilia
1378 4627 1402 4672 et
1425 4624 1517 4670 neutra
1538 4635 1581 4669 om.

288 4682 402 4734 Kailios:
420 4685 513 4735 adsunt
530 4686 557 4734 in
573 4687 629 4736 eod.
649 4687 730 4740 Bern.
750 4689 853 4753 antiqno
872 4705 912 4739 nr.
931 4691 984 4738 132
1001 4703 1068 4738 saec.
1089 4687 1115 4737 X
1183 4691 1215 4740 29
1234 4688 1287 4738 sola
1305 4704 1352 4740 em.
1406 4688 1498 4748 altana,
1517 4703 1581 4738 corr.

287 4748 366 4800 ciltena
417 4755 447 4803 31
467 4753 618 4816 conpositos
637 4755 673 4804 nit
724 4757 777 4804 sica
811 4771 877 4817 qrrae
894 4767 954 4806 sunt
970 4757 1113 4820 composita
1131 4756 1216 4817 reliqna
1234 4757 1308 4820 siqua
1326 4771 1409 4820 nequo
1427 4758 1485 4807 rod.
1504 4755 1582 4807 Bern.

289 4820 342 4867 132
410 4823 443 4870 33
460 4818 620 4887 Priscianus]
640 4822 656 4872 1
673 4839 699 4888 p.
718 4826 775 4884 tet,
795 4827 827 4874 12
846 4825 882 4877 H.
935 4824 993 4874 nnis
1011 4823 1087 4875 etiam
1140 4825 1214 4876 huius
1233 4841 1291 4888 une,
1309 4842 1356 4878 om.
1374 4824 1475 4876 ethnic
