3390 5444
298 345 358 410 126
813 344 882 395 sus
901 343 1077 396 tuourua

297 534 502 595 declinationis
524 535 555 594 iu
579 549 613 593 us
636 531 815 602 desinentia,
837 539 871 592 ut
892 529 965 591 haec
989 548 1063 592 anus
1082 531 1170 592 huius
1193 550 1281 603 anus,
1305 531 1380 592 haec
1402 549 1498 594 nurus
1519 530 1585 592 baec

300 655 404 698 socrus
426 635 499 696 haec
523 634 620 695 tribus
642 633 716 694 baec
738 635 871 713 porticus
893 633 967 693 ltaec
990 651 1059 693 acus
1082 631 1155 694 baec
1177 632 1284 694 domus
1314 634 1369 694 hae
1398 633 1465 694 idus
1492 632 1584 694 iduum

295 737 393 798 idibus
416 736 484 797 idus
506 737 572 797 idus
595 734 631 797 ab
655 735 761 797 idibus.
806 733 869 794 lloc
892 752 1001 795 nornen
1024 733 1214 812 singulariter
1237 752 1296 796 nen
1319 733 1501 804 declinatur,
1524 737 1584 814 quia

297 857 355 899 non
379 856 470 898 unum
494 837 588 908 diern,
617 837 668 898 sed
697 834 798 917 plnres
820 835 980 914 significat:
1013 853 1082 895 nam
1109 835 1176 897 idus
1203 855 1257 916 pcr
1284 838 1521 915 conpositionem
1546 840 1584 897 sic

296 941 445 1009 dicuntur,
469 941 552 1017 quasi
575 940 607 998 ‘ii
631 938 717 998 dies'.
762 938 835 997 ltem
857 939 992 1016 quinque
1015 938 1135 998 nomina
1158 937 1299 998 lemlnina
1322 946 1406 1008 suut,
1433 956 1511 1018 quae
1532 946 1603 999 tam⁵

295 1051 417 1123 quartae
446 1058 534 1118 quam
564 1038 942 1112 secundaedeclinationis
965 1037 1128 1108 habentur,
1150 1038 1207 1100 hoc
1230 1049 1275 1100 est
1297 1041 1417 1101 nemina
1440 1039 1582 1109 arbomm,

297 1152 330 1205 ut
352 1151 435 1204 sunt:
459 1144 546 1222 pinus
569 1141 669 1202 laurus
691 1158 820 1221 quercus
841 1158 952 1201 cornus
974 1141 1055 1201 dcus.
1094 1139 1167 1202 ltem
1181 1141 1426 1220 interrogandum
1449 1150 1505 1209 est,
1521 1157 1583 1218 quo·

295 1246 383 1306 modo
406 1244 617 1305 discernuntur
640 1243 694 1304 alia
717 1244 836 1303 nomina
859 1249 982 1320 quartae
1006 1240 1212 1304 declinationis
1235 1244 1402 1323 participiis
1422 1240 1530 1304 similia
1551 1241 1582 1302 ab

295 1347 357 1418 his,
382 1345 490 1425 quibus
513 1344 617 1406 similia
642 1351 721 1405 sunt.
754 1343 818 1404 lloc
840 1341 1014 1404 soluendum
1031 1350 1090 1404 est:
1115 1344 1233 1422 quando
1248 1347 1368 1410 uomina
1385 1352 1455 1406 sunt
1470 1333 1582 1421 quartae

295 1448 514 1516 declinationis,
545 1447 601 1506 lita
623 1455 691 1507 sunt
713 1454 743 1506 et
765 1445 866 1520 sortia,
896 1463 952 1506 nec
981 1453 1097 1507 mutant
1124 1444 1250 1526 syllabas
1272 1447 1304 1507 in
1326 1465 1361 1508 us
1382 1447 1414 1508 in
1437 1463 1453 1506 a
1475 1448 1506 1506 in
1527 1457 1610 1514 um,ll

294 1569 350 1612 nec
372 1566 497 1629 genera,
521 1547 573 1608 sed
596 1565 687 1608 unum
711 1564 805 1624 genus
827 1547 916 1606 linum
940 1543 1051 1607 habent
1072 1554 1123 1608 aut
1138 1548 1314 1608 femininum
1331 1557 1381 1609 aut
1395 1547 1580 1609 masculinum

293 1653 324 1712 in
348 1670 397 1722 us,
421 1659 454 1712 ut
476 1649 523 1711 hic
546 1649 626 1711 uisus
648 1649 738 1710 lmius
761 1650 858 1717 uisus,
881 1647 960 1728 quod
984 1649 1071 1709 etiem
1095 1656 1230 1729 optutum
1253 1649 1408 1710 oculorum
1431 1649 1580 1728 significan

294 1752 412 1834 qnando
434 1770 507 1813 uero
529 1751 683 1830 participia
706 1759 777 1810 suut
798 1749 903 1810 similia
927 1749 1097 1811 nominibus
1119 1753 1150 1812 in
1174 1769 1208 1814 us
1230 1751 1412 1821 desinentia,
1442 1751 1581 1813 secundae

294 1852 500 1916 declinationis
527 1860 607 1923 sunt,
639 1858 673 1914 ut
696 1853 777 1912 uisus
801 1853 858 1912 uisi
880 1869 896 1912 a
919 1851 1012 1912 uerbo
1034 1851 1137 1921 uideo,
1162 1861 1191 1914 et
1217 1861 1334 1914 mutant
1362 1871 1458 1932 genus
1480 1862 1508 1914 et
1529 1852 1580 1933 syl·

293 1955 375 2017 labes
404 1957 598 2021 terminantes
626 1955 655 2016 in
684 1973 718 2015 us
745 1955 776 2013 iu
804 1971 820 2014 a
848 1956 891 2013 in·
908 1970 974 2022 um,
1004 1963 1035 2013 ut
1064 1956 1146 2015 uisus
1169 1957 1232 2016 uisa
1254 1957 1366 2027 uisum,
1396 1953 1579 2017 similitudine
1591 1963 1610 2002 ¹³

294 2057 450 2120 mobilium
479 2057 631 2117 nominum
660 2054 810 2116 secundae
837 2041 1053 2116 declinationis.
1099 2055 1135 2116 Et
1164 2055 1220 2117 hoc
1253 2056 1410 2118 sciendum
1433 2065 1486 2127 est,
1508 2056 1578 2136 quod

293 2160 391 2220 omnia
414 2159 532 2218 nomina
557 2163 679 2235 quartae
696 2153 707 2238 d
722 2156 745 2217 i.
764 2153 840 2217 110·
856 2153 867 2238 d
884 2156 1090 2218 declinationis
1117 2159 1285 2238 participiis
1306 2158 1412 2220 similia
1435 2160 1512 2220 iuter
1532 2159 1579 2219 lias
1612 2219 1615 2224 .

294 2259 366 2322 duas
389 2257 607 2321 declinationes
625 2257 838 2332 discurrentia,
868 2257 944 2318 idest
966 2259 1045 2319 inter
1066 2266 1201 2338 quartam
1225 2268 1254 2320 et
1275 2261 1436 2323 secundam
1459 2259 1578 2322 decina-

293 2363 419 2432 tioncm,
444 2368 504 2421 tres
525 2359 641 2430 litteras
662 2366 731 2421 ante
753 2377 789 2421 us
812 2357 938 2428 habent,
969 2358 1046 2420 idest
1068 2378 1085 2419 x
1109 2379 1123 2421 s
1145 2369 1172 2436 t,
1196 2369 1230 2422 ut
1251 2361 1337 2424 luxus
1358 2364 1440 2424 uisus
1462 2361 1577 2430 auditus,

292 2479 368 2542 quae
395 2469 455 2522 tam
485 2463 604 2524 nomina
631 2480 720 2542 quam
749 2462 903 2542 participia
934 2467 963 2520 et
989 2468 1114 2538 quartae
1147 2461 1358 2530 declinationis
1385 2483 1442 2526 neo
1469 2481 1527 2525 non
1551 2472 1608 2524 et²⁰

292 2563 441 2624 secundae
463 2573 533 2624 sunt
555 2572 585 2625 et
607 2570 705 2625 cetera
728 2560 843 2623 similia.
889 2561 961 2623 ltem
984 2564 1060 2624 scire
1082 2562 1239 2636 debemus,
1273 2565 1352 2645 quod
1374 2563 1447 2627 illud
1469 2582 1576 2632 nomen,

292 2665 370 2745 quod
399 2663 509 2726 dicitur
535 2665 654 2742 domus,
690 2673 720 2726 ct
748 2671 870 2743 quartae
898 2671 927 2723 et
954 2664 1103 2725 secundae
1131 2664 1340 2727 declinationis
1367 2674 1428 2736 est;
1459 2665 1576 2728 ablatiuo

293 2769 371 2827 enim
394 2764 536 2845 singulari
557 2766 646 2827 domo
670 2775 699 2828 et
722 2769 862 2845 genetiuo
884 2763 992 2845 plurali
1021 2765 1176 2828 domorum
1204 2767 1353 2829 secundae
1380 2766 1576 2829 declinationis

293 2875 351 2938 est;
386 2867 508 2948 reliquis
540 2875 638 2929 autem
671 2866 789 2930 casibus
825 2876 948 2948 quartae
979 2867 1186 2931 declinationis
1218 2879 1273 2933 est.
1316 2870 1393 2931 Hinc
1424 2869 1575 2932 Donatus

292 2969 378 3030 dicit:
417 2984 674 3049 quaecumque
703 2971 846 3031 nomina
869 2967 1043 3034 ‚ablatiuo
1072 2988 1160 3032 casu
1193 2969 1381 3050 singulari
1410 2990 1428 3031 e
1455 2970 1606 3032 litteras

292 3072 441 3133 luerint
463 3071 677 3142 terminata,
700 3073 912 3149 genetiuum
935 3069 1118 3152 pluralem
1141 3072 1176 3134 in
1197 3091 1275 3134 rum
1299 3071 1480 3154 syllabam
1502 3073 1572 3134 mit·

292 3179 390 3243 tunt,
424 3171 590 3233 datiuum
624 3181 660 3234 et
691 3170 897 3234 ablatiuum
926 3175 963 3234 in
992 3174 1038 3244 is,
1072 3182 1110 3235 ut
1138 3172 1180 3235 ab
1212 3173 1282 3234 boc
1314 3174 1424 3237 docto
1456 3174 1571 3235 lterum

292 3273 488 3335 doctorum
511 3273 570 3334 bis
593 3281 629 3335 et
652 3273 694 3334 ab
716 3274 774 3336 his
796 3275 930 3338 doctis:
962 3281 1090 3337 contra
1119 3275 1213 3337 hanc
1241 3275 1409 3354 regulam
1437 3275 1570 3337 inueni-
1666 3317 1667 3340 t

292 3395 370 3438 mus
392 3374 435 3436 ab
458 3375 524 3436 bac
545 3375 651 3438 domo
674 3374 803 3437 harum
833 3378 1023 3439 domorum
1053 3375 1111 3438 bis
1134 3384 1169 3437 et
1190 3375 1231 3438 ab
1254 3377 1313 3439 his
1334 3377 1515 3447 domibus.
1536 3376 1571 3437 ab

291 3475 360 3538 boc
381 3478 514 3556 iugero
537 3477 665 3538 horum
688 3477 854 3556 iugerum
878 3477 935 3540 bis
957 3487 992 3540 et
1013 3478 1055 3540 ab
1079 3478 1134 3541 his
1156 3478 1363 3558 iugeribus.
1395 3479 1465 3542 Sed
1485 3480 1601 3541 seirett

291 3577 484 3648 debemus,
513 3577 628 3639 multa
655 3576 800 3659 quidam
830 3587 980 3640 ueteres
1003 3579 1114 3641 aliter
1136 3579 1366 3652 declinasse,
1396 3589 1435 3643 ut
1455 3580 1495 3645 ab
1515 3579 1570 3640 ltac

291 3681 397 3741 domu
420 3679 547 3741 harum
571 3677 741 3742 domuum
764 3681 824 3742 his
845 3680 1015 3742 domibus
1038 3688 1073 3742 et
1094 3682 1137 3743 ab
1164 3682 1232 3745 boc
1260 3685 1394 3763 lugere
1415 3685 1568 3762 iugerum

289 3779 493 3860 iugeribus.
538 3781 914 3870 Verumeuphoniam
938 3785 975 3844 in
999 3783 1222 3863 quibusdam
1245 3783 1480 3846 dictionibus
1499 3780 1568 3863 plus

290 3880 479 3943 interdum
514 3881 640 3944 ualere
673 3885 900 3955 inuenimus‚
940 3903 1045 3964 quam
1084 3883 1293 3964 analogiam
1325 3886 1384 3947 uel
1417 3883 1567 3964 regulam

290 3992 593 4064 praeceptorum.
636 3983 709 4046 ltem
738 3984 775 4045 de
808 3985 899 4047 altera
934 3989 1142 4048 terminatione
1175 3997 1298 4067 quartae
1330 3987 1529 4050 declinationis
1552 3993 1596 4045 ud

291 4088 371 4147 linita
399 4103 492 4164 pauca
521 4085 663 4148 dicamus.
707 4086 784 4148 Sunt
811 4089 890 4148 enim
918 4088 1040 4148 nomina
1063 4095 1168 4149 neutra
1190 4088 1285 4168 rigida
1308 4099 1336 4151 et
1360 4087 1566 4170 monoptotaiu
1664 4161 1665 4164 Ἴ

289 4187 432 4265 singulari
459 4205 601 4258 numero,
635 4205 711 4266 quae
744 4186 816 4250 huic
843 4188 1034 4252 declinationi
1062 4187 1256 4269 adsignantur
1287 4199 1412 4273 propter
1439 4188 1566 4273 pluralem

355 4407 474 4458 iidibus
492 4407 550 4458 idus
569 4408 627 4457 idus
645 4402 674 4458 ts
691 4408 782 4459 adibus
817 4408 1009 4460 ddeclinentur
1050 4410 1108 4462 4si
1125 4410 1245 4462 dicuntur
1290 4408 1432 4475 bquasilii
1477 4411 1566 4475 'lpimrs

288 4472 346 4542 etc]
366 4476 400 4540 ef.
422 4476 504 4527 Prisc
523 4478 556 4527 de
573 4478 671 4528 nemine
688 4492 715 4542 p.
735 4479 799 4540 trs,
819 4479 851 4527 19
919 4492 994 4528 corus
1013 4477 1076 4527 deus
1145 4477 1296 4544 Squertue]
1316 4481 1404 4544 quinte
1481 4481 1510 4528 10
1525 4475 1565 4524 flxr

289 4546 321 4594 14
339 4543 429 4594 uideor
497 4547 528 4595 ib
544 4545 736 4596 terminationes
789 4547 821 4596 16
839 4545 952 4596 secunda
1003 4548 1035 4598 1⁷
1052 4547 1188 4612 participis
1240 4550 1272 4599 18
1290 4547 1466 4600 declinationis
1481 4547 1566 4595 discur-
1663 4551 1664 4580 l

288 4614 394 4662 rentiam
480 4612 643 4664 sesecundo
728 4615 762 4664 24
779 4611 905 4679 Donatus]
921 4631 950 4680 p.
970 4617 1029 4676 378,
1050 4617 1085 4664 30
1169 4617 1202 4668 27
1220 4618 1246 4666 in
1265 4615 1306 4666 bis
1385 4619 1418 4668 30
1435 4618 1564 4681 ingererem
1663 4613 1664 4630 ¹

288 4681 406 4731 Donatus
423 4679 504 4731 Keilii
553 4682 671 4747 iugerum
691 4683 788 4732 Donati
803 4684 860 4736 cod,
879 4681 954 4732 Leid.
967 4684 1028 4732 122.
1114 4683 1147 4735 32
1165 4685 1197 4734 sb
1215 4685 1249 4734 ho
1267 4684 1357 4749 iugero
1425 4687 1457 4736 33
1474 4681 1564 4745 quibus-

288 4748 347 4797 dtm
365 4750 438 4799 cleett
454 4749 526 4812 apest
542 4749 669 4800 Beneuen
747 4751 781 4802 34
798 4751 944 4800 inuenimus
962 4766 1009 4801 om.
1029 4750 1144 4802 Donatus
1162 4753 1244 4805 Keilii
1276 4753 1465 4803 meminerimus
1481 4747 1564 4814 euplro·

288 4817 357 4866 nium
375 4817 472 4866 Donati
488 4817 545 4869 cod.
564 4817 698 4868 Ραήείπω
716 4817 783 4868 1180
851 4819 884 4870 36
901 4819 934 4868 de
950 4818 1001 4868 tlte
1069 4820 1102 4869 36
1120 4822 1223 4872 suntin
1291 4821 1324 4874 37
1342 4820 1504 4871 declinatione
