3412 5452
489 362 540 414 DE
557 359 803 415 mesoleucium
821 361 1012 415 SERMONIS.
1262 379 1398 428 (lxxxiii

235 552 435 614 Terentius
458 551 501 614 de
524 550 639 614 uerbo
663 559 831 613 tractans
853 551 944 614 hanc
967 551 1232 614 differentiam
1254 552 1354 622 dicit.

199 655 325 716 ‘lnuoco'
349 657 379 716 in
401 654 592 730 adiutorium,
615 656 771 735 ‘prouoco'
787 652 1044 725 ultramodum,
1069 657 1168 716 ‘uoco’
1184 654 1219 716 ed
1244 653 1398 725 honorem,

131 759 228 820 ‘cucco’
249 757 283 818 ad
307 757 446 827 officium,
469 757 605 819 ‘reuoco’
629 765 790 832 errantem,
815 759 971 818 ‘conuoco’
995 756 1093 818 simul.

199 860 311 939 ‘Surge’
337 879 353 920 e
375 859 456 930 sede,
480 862 618 938 ‘exurge’
643 877 659 920 e
681 858 768 928 lecto,
791 861 939 938 ‘resurgo’
961 877 976 919 e
1000 866 1109 929 morte,
1135 861 1307 938 ‘consurgo’
1331 877 1397 920 cum

111 963 195 1034 toliis,
215 963 359 1041 ‘insurgo’
383 963 413 1022 in
436 961 520 1027 elios.
610 1029 613 1040 ,

197 1065 368 1144 ‘Cognosce'
390 1066 523 1143 ignorate
547 1073 576 1125 et
597 1065 707 1132 inuisa,
732 1065 898 1140 ‘agnosco’,
922 1079 998 1139 quae
1019 1082 1036 1123 a
1060 1080 1107 1123 me
1129 1064 1313 1130 exciderunt.

197 1167 319 1228 ‘Moneo’
343 1168 525 1246 praeseutia,
550 1165 719 1227 ‘admoneo’
742 1166 851 1234 lutura,
877 1165 1074 1228 ‘commoneo'
1097 1168 1275 1245 praeterita,
1299 1167 1396 1247 ‘prec-

127 1272 227 1330 uonco’
248 1267 361 1349 aliquid
384 1268 634 1348 praecauendum.

196 1370 323 1432 ‘Precor’
348 1388 501 1451 prospero,
525 1371 699 1451 ‘imprecor’
722 1370 856 1438 aduersa,
879 1369 1048 1448 ‘deprecor'
1073 1387 1127 1448 pro
1150 1367 1277 1430 delictis.

98 1485 116 1524 ¹⁰
195 1473 394 1551 ‘Contingunt'
419 1473 507 1544 bona,
530 1471 693 1535 ‘accidunt’
716 1470 806 1541 mela,
830 1473 995 1532 ‘eueniunt’
1018 1479 1154 1551 utreque.

195 1574 319 1636 ‘Testor'
335 1574 458 1656 aliquid,
474 1575 653 1637 confirmans
667 1575 860 1641 sententiam,
884 1573 1057 1634 ‘contestor'
1073 1591 1139 1634 cum
1159 1573 1286 1653 quadem
1301 1581 1398 1635 aucto-

125 1681 200 1739 ritate
219 1676 381 1748 affirmans,
405 1677 591 1757 ‘protestor'
614 1677 768 1738 manifeste
792 1674 923 1738 cauenda
946 1675 1136 1745 denuntians,
1166 1674 1322 1737 ‘obtestor'
1345 1679 1398 1738 eli·

124 1798 199 1860 quem
226 1781 324 1841 iurare
353 1777 549 1859 compellens,
579 1779 739 1840 ‘attestor'
763 1778 890 1857 aliquem
914 1776 950 1838 ad
972 1779 1175 1839 testimonium
1198 1795 1322 1849 nocens,
1347 1782 1398 1855 qui

124 1883 156 1943 sit
168 1882 304 1960 dignitate
319 1881 367 1942 uel
383 1885 558 1944 auctoritate
574 1884 720 1950 eminens,
733 1880 889 1943 ‘detestor’
903 1878 1011 1958 aliquid
1029 1878 1226 1941 execrandum
1242 1897 1397 1959 respuens.

96 1991 114 2030 1⁵
194 1983 246 2044 ‘llo
266 1984 332 2044 des'
356 1981 468 2062 ailquid
491 1984 613 2062 lerglter
634 1983 749 2048 datum.
772 1984 816 2043 sic
838 1981 930 2042 ‘dedi'
953 1980 1144 2044 scribendum
1168 1990 1228 2052 est;
1257 1990 1287 2042 nt
1309 1980 1398 2043 ‘dedo

123 2084 205 2147 dedis’
227 2084 336 2166 ahquid
361 2095 516 2155 uexatum.
540 2088 584 2148 sic
607 2084 743 2146 ‘dedidit

193 2189 337 2268 ‘Accipio'
360 2187 397 2249 nh
419 2188 491 2258 elio,
516 2189 670 2266 ‘suscipio'
693 2193 815 2267 sponte,
839 2187 986 2268 ‘recipio’
1010 2185 1138 2272 aliquam
1161 2205 1224 2247 rem
1249 2187 1397 2252 emissam.

193 2291 334 2368 ‘decipio'
357 2309 412 2370 per
427 2289 517 2352 elium
533 2291 769 2358 ministrantem,
793 2289 947 2369 ‘suscipio’
963 2288 1073 2366 aliquid
1098 2287 1204 2350 durum
1226 2288 1398 2351 aduersum·

122 2409 183 2469 que,
204 2393 336 2472 ‘incipio’
360 2401 501 2462 nentem
525 2393 785 2473 compositionem,
808 2409 895 2471 quem
918 2390 1062 2452 initialem
1084 2397 1199 2473 portem
1221 2391 1375 2468 significet.

36 2579 38 2582 Ι
94 2503 114 2540 ²⁰
193 2493 335 2574 ‘Incipit'z
358 2494 428 2575 quid
451 2492 634 2564 subauditur,
651 2496 709 2556 nisi
724 2494 794 2555 hoc:
818 2494 936 2574 ‘incipit
950 2492 1027 2554 liber
1039 2490 1108 2570 legi,
1131 2490 1232 2560 scribi,
1248 2495 1398 2554 uerreri’i

192 2595 298 2657 ‘Dico'
321 2594 504 2675 simpliciter,
528 2595 680 2676 ‘praedico
703 2601 763 2659 ces'
788 2594 824 2656 ed
847 2594 980 2674 plebem,
1004 2593 1136 2656 ‘indico'
1159 2591 1247 2656 elicui
1269 2595 1397 2656 interro·
1486 2647 1489 2654 .

122 2700 205 2775 genti,
227 2698 336 2760 ‘edico'
359 2700 461 2777 regiae
483 2697 608 2759 dicionis
632 2706 685 2759 est.

192 2799 292 2861 ‘Duco'
318 2798 354 2861 ed
377 2801 536 2884 honorem,
561 2799 698 2862 ‘deduco'
722 2820 737 2863 a
758 2799 806 2862 uie
821 2809 918 2870 recte,
943 2799 1061 2860 ‘educo'
1078 2817 1095 2860 e
1111 2814 1241 2868 carcere,
1264 2796 1397 2860 ‘induco’

121 2902 146 2960 in
165 2904 376 2981 captiuitatem,
406 2901 556 2964 ‘adduco’
586 2902 709 2964 adrem
738 2901 938 2970 inhonestam,
968 2899 1124 2962 ‘traduco’
1144 2892 1234 2961 'trans
1261 2899 1395 2971 lluuium,

93 3003 238 3064 ²⁵‘seduco’
259 3006 289 3064 in
313 3021 465 3074 errorem,
488 3021 622 3066 seorsum
645 3003 735 3073 (luco,
760 3004 903 3065 ‘diduco'
927 3002 1059 3065 distraho
1082 3001 1119 3064 de
1141 3019 1194 3062 suo
1217 3009 1309 3072 statu,
1334 3001 1396 3064 ‘eh-

121 3103 193 3166 dnco’
215 3125 268 3186 per
290 3108 351 3167 uim
374 3123 514 3186 precum,
539 3106 674 3168 ‘reduco’
697 3123 801 3168 rursus
821 3107 853 3167 in
875 3123 961 3167 suum
985 3113 1103 3170 statum.

176 3361 375 3412 ldid'erencinm
460 3362 587 3412 2ctuoco
672 3364 819 3428 degnosco
837 3364 953 3426 ignorate
971 3371 996 3409 et
1014 3361 1096 3409 innisa
1116 3373 1244 3425 cognosco
1264 3369 1310 3414 etc,
1381 3365 1396 3411 7

38 3477 39 3484 ,
121 3443 252 3480 commoneo
270 3440 385 3496 preterea
403 3445 540 3496 premoneo
610 3431 642 3481 10
660 3432 791 3480 etueniunt
859 3433 891 3481 13
909 3443 997 3478 curare
1014 3427 1170 3492 compellans
1217 3426 1327 3490 aliquem
1346 3444 1394 3479 om.

120 3499 170 3548 add.
187 3497 261 3550 Beda
329 3499 361 3549 14
378 3497 488 3562 aliquem
505 3497 581 3550 Beda
632 3499 786 3548 execrndum
855 3500 887 3548 19
904 3496 1121 3563 composicionem
1167 3495 1292 3545 iniciulem
1362 3499 1396 3548 20

120 3567 198 3631 scripsi
279 3569 311 3617 21
330 3567 414 3616 indico
433 3565 510 3628 nluus
592 3568 625 3618 23
643 3566 676 3616 sd
695 3581 798 3616 onorem
852 3565 877 3614 in
895 3566 938 3614 uie
988 3575 1013 3614 et
1029 3576 1115 3614 eccere
1182 3565 1215 3613 24
1233 3563 1267 3612 ed
1285 3579 1312 3612 re
1364 3565 1396 3614 de

120 3647 159 3682 sno
174 3645 211 3685 ste
228 3649 271 3699 per
290 3636 341 3683 uim
393 3632 504 3700 abduco]
523 3637 650 3700 supplent,
669 3635 704 3698 cs.
727 3635 805 3700 Ver-p.
825 3633 882 3684 Bcl.
901 3631 935 3683 11
953 3635 1003 3685 ⁴3:
1027 3632 1164 3683 ‘abducere
1181 3631 1309 3696 Thestylis
1329 3637 1393 3683 oret'

120 3702 146 3752 26
161 3701 257 3766 preculis
307 3700 409 3753 rursum
430 3713 541 3752 statuum

121 3853 329 3866 ——u——a

175 3989 350 4027 rrarrssonu.
418 3977 434 4025 2
454 3975 529 4026 Beda
546 3993 571 4040 p.
590 3977 661 4027 2328
679 3977 717 4026 P:
741 3971 913 4025 ‘Aduocsitur’
932 3976 1037 4024 daturus
1056 3977 1234 4040 patrocinium,
1253 3978 1395 4025 ‘euocetur‘

122 4044 263 4107 praebiturus
282 4045 443 4106 obsequium,
457 4046 613 4094 ‘inuocntur’
632 4054 806 4110 preestoturus
825 4043 949 4094 auxilium
968 4064 1001 4085 =
1019 4043 1159 4108 Aps-cetius
1175 4062 1202 4109 p.
1215 4045 1283 4092 2271
1296 4043 1326 4094 Ρ.
1380 4047 1395 4094 6

120 4109 192 4175 Caper
205 4129 234 4178 p.
252 4115 321 4164 2242
340 4113 378 4162 P:
408 4111 626 4178 ‘Cognoscimus’
645 4113 762 4178 ignorem
780 4124 805 4162 et
821 4113 920 4175 inuisn,
944 4111 1131 4178 ‘agnoscimus‘
1149 4127 1216 4176 quoe
1233 4111 1307 4160 nobis
1327 4113 1396 4161 exci-

122 4177 203 4230 derent.
281 4182 296 4230 7
316 4181 455 4244 Aproctine
471 4197 497 4245 p.
517 4181 597 4230 2271:
628 4179 849 4231 ‘Commonemus’
868 4182 1013 4247 praeterite,
1033 4179 1223 4230 ‘admonemus'
1241 4181 1395 4244 praesentio,

123 4250 322 4312 ‘praemonemus’
341 4247 435 4301 incure.
506 4247 620 4312 90aper
634 4265 663 4314 p.
677 4251 764 4300 2213.-
782 4249 896 4298 ‘Precor’
916 4261 1050 4314 prospere,
1064 4248 1211 4315 ‘imprecor’
1229 4257 1301 4327 tetre.
1320 4247 1396 4298 Beda

121 4312 282 4450 nihl?
299 4317 763 4449 ‘'tumn-tilher..iiiii
780 4317 1396 4451 §.luth:ttgth‘eiltttht,ttttztff

123 4451 257 4517 ‘deprecari’
276 4467 399 4503 excusare
416 4463 441 4502 et
458 4467 569 4518 purgare
587 4467 624 4505 se.
694 4457 725 4504 10
738 4450 906 4518 Contingunt]
928 4453 1026 4504 Eadem
1033 4422 1107 4517 ’repud
1117 4455 1267 4518 Apronium
1276 4469 1303 4517 p.
1317 4455 1395 4507 22⁶9.

121 4517 192 4583 dapar
207 4537 232 4586 p.
251 4522 335 4571 2212.-
354 4521 499 4570 ‘Aocidere’
519 4521 621 4570 aduersi
639 4523 734 4586 aliquid
752 4522 843 4580 dicito,
871 4523 1048 4586 ‘contingere’
1071 4521 1167 4584 aliquid
1189 4521 1323 4587 pulchrum
1346 4531 1393 4574 est.

124 4590 146 4634 11
161 4585 255 4653 Testor]
274 4589 373 4638 Eadm
391 4589 461 4653 apud
477 4587 576 4638 Bedcm
592 4606 619 4653 p.
638 4591 709 4642 2317
728 4587 772 4655 (==
788 4592 879 4640 iacent.
897 4591 929 4640 dc
947 4590 1012 4641 arth.
1029 4605 1057 4654 p.
1077 4587 1165 4655 2802).
1243 4591 1274 4640 17
1293 4589 1395 4653 Aproe-

122 4655 286 4719 ticepmtr
305 4656 583 4721 ‘Recipimus’eliquid
601 4657 766 4708 deserendum
785 4659 878 4724 rogati,
898 4659 1076 4723 ‘suscipimus’
1096 4669 1185 4708 inostro
1202 4665 1302 4723 sponte.
1361 4659 1394 4708 23

123 4725 243 4786 spuens
257 4742 285 4790 p.
304 4727 388 4774 2207.-
410 4723 536 4774 ‘Deduro’
555 4723 588 4774 de
605 4728 686 4776 emico
706 4727 883 4792 producendo,
906 4725 1022 4776 ‘diduco’
1041 4735 1126 4776 antem
1144 4727 1192 4776 hoc
1210 4735 1249 4774 cst
1265 4723 1394 4783 distrnh03

123 4791 174 4840 iden
188 4808 213 4857 p.
230 4795 312 4843 2271:
332 4792 503 4842 ‘Abducitur’
523 4792 581 4855 quis
599 4795 632 4844 sd
650 4811 701 4845 rem
721 4796 895 4855 inhonestum,
915 4795 1093 4861 ‘perducitur'
1112 4793 1144 4845 ed
1163 4794 1258 4858 studia,
1279 4793 1395 4847 ‘deduci-

124 4862 163 4906 tur’
178 4859 208 4910 ed
224 4859 358 4924 honorem,
377 4861 411 4927 cs.
430 4860 516 4926 Caper
531 4877 559 4926 p.
580 4863 657 4914 22⁴5.
