3412 5452
334 355 449 404 CLXXX
867 343 1090 395 putscttunn.

334 531 480 594 curricula
509 532 544 592 ad
575 533 664 592 finem
694 539 797 596 tamen
820 549 913 610 usquc
941 531 1086 611 perduxit.
1131 531 1159 592 Si
1189 522 1285 593 tamen
1313 531 1410 593 adhuc
1432 532 1468 593 ad
1492 532 1615 593 cirtsdem

333 633 524 713 perfectionis
546 631 695 694 cumulum
719 651 752 693 er
782 635 873 694 totius
902 635 974 694 artis
1000 635 1209 710 grammaticae
1231 633 1366 696 utilitato·
1381 634 1467 695 ualde
1491 653 1617 694 necessa·

333 739 409 797 rium
434 745 463 796 at
485 756 519 796 cx
536 734 712 815 compendio
728 753 815 814 quam
832 738 997 813 poterimus
1015 734 1221 797 breuissimum
1239 738 1466 816 apposuerimus
1482 735 1616 804 libellum,

534 844 564 898 ut
587 837 659 907 cito,
683 837 808 915 quisquc
830 834 915 907 uelit,
940 845 1033 898 lotum
1057 846 1263 900 transcurrere
1285 841 1380 918 possit

532 948 570 1006 et,
594 957 682 1016 quam
706 938 770 999 uult
793 946 923 1017 partem,
949 956 1002 1016 per
1026 947 1115 1000 totam
1140 940 1279 1001 uendioct
1301 949 1405 1002 artem.

330 1043 388 1104 Pro
410 1041 516 1119 quibus
538 1041 677 1102 omuibus
700 1060 753 1101 uos
780 1042 874 1100 inuito
902 1059 1009 1109 exoro,
1045 1043 1132 1101 etiam
1165 1042 1284 1112 adiuro,
1319 1043 1426 1104 iratres
1454 1045 1530 1112 mei,
1560 1043 1617 1120 qui-

329 1162 457 1224 cumque
480 1143 610 1220 llagrutis
633 1163 668 1204 cx
691 1143 837 1203 desiderio
861 1144 945 1220 regni
962 1143 1013 1202 llei
1035 1144 1143 1223 quique
1167 1143 1256 1205 buius
1278 1146 1372 1205 nostri
1394 1143 1505 1206 laboris
1527 1147 1617 1205 sciun-
1661 1207 1662 1210 Ἴ

329 1249 386 1307 tiae
410 1246 571 1308 doctrinam
595 1247 678 1325 quasi
701 1246 806 1322 reiugii
829 1243 950 1305 domurn
973 1246 1213 1322 tutissimumque
1237 1252 1353 1324 portum
1377 1246 1413 1308 ad
1429 1246 1538 1308 Christi
1562 1246 1616 1307 lau·
1660 1221 1662 1240 ¹

328 1349 395 1409 dem
423 1347 548 1426 gloriam
578 1355 609 1408 et
636 1346 874 1408 benedictionem
903 1345 1038 1407 obtinere
1069 1347 1190 1426 cupitis,
1220 1347 1275 1407 boc
1298 1345 1393 1408 solnm
1417 1366 1617 1428 summumque

328 1450 400 1512 mihi
422 1449 605 1529 rependatis,
629 1452 720 1510 immo
743 1466 778 1508 eu
794 1448 893 1508 diuina
910 1449 1000 1524 gratia
1021 1451 1196 1525 acquiratis,
1221 1453 1360 1528 quatinus
1384 1453 1490 1511 uestris
1513 1455 1641 1511 oratio-u

327 1551 416 1614 uibus
450 1565 479 1612 et
514 1552 683 1614 elemosinis
717 1551 881 1629 ceterisque
909 1549 1112 1629 spiritualibus
1140 1551 1256 1612 auxiliis
1284 1551 1403 1612 adiutus
1431 1555 1615 1631 omniumque

327 1672 461 1717 meorum
484 1664 624 1734 percepta
646 1653 734 1714 uenia
757 1659 946 1731 peccatorum
971 1651 1123 1712 uobiscum
1139 1652 1174 1713 ad
1192 1661 1311 1714 aeterua
1334 1653 1447 1714 ualeam
1464 1657 1615 1734 peruenire

327 1757 441 1835 gaudia,
466 1757 517 1817 ubi
540 1758 598 1816 lam
621 1755 750 1815 reuelata
775 1754 848 1814 iacie
871 1751 919 1814 illa
943 1772 1012 1814 uera
1037 1762 1067 1814 ct
1088 1762 1243 1816 coaeterna
1268 1757 1457 1834 perfruamur
1478 1758 1614 1835 sapientia

329 1877 396 1920 cum
419 1867 502 1939 patre
526 1866 556 1918 et
577 1859 685 1935 spiritu
708 1864 810 1917 sancto
833 1874 887 1934 per
909 1856 1022 1915 infinita
1046 1854 1156 1916 secula.
1201 1858 1303 1917 Amen.
1662 1939 1663 1942 Ἴ

414 1961 531 2041 Deinde
552 1958 688 2036 seqnitur
710 1961 778 2035 ipsa
800 1975 853 2018 ors
874 1960 932 2018 boc
949 1959 1080 2033 prologo
1099 1963 1282 2034 praemisso:
1625 1971 1641 2010 n
1662 1951 1663 2008 ἒ

603 2144 802 2207 PROLOGUS
827 2144 869 2204 ΙΝΙ
886 2143 999 2205 ttssuo
1023 2143 1071 2206 [ll]
1093 2143 1346 2207 Gutttottttct.

411 2269 482 2329 Coti.
501 2267 595 2328 Bern.
614 2263 672 2338 2s.
691 2269 838 2326 1360001.
855 2266 899 2325 II.
937 2262 1055 2324 Potistis
1075 2282 1091 2324 a
1112 2283 1174 2332 me,
1198 2264 1354 2335 karissimi,
1379 2284 1415 2326 cx
1437 2275 1501 2328 arte
1522 2285 1613 2345 gram·

326 2372 431 2432 maticn
459 2367 546 2431 uobis
569 2376 772 2447 competentes
794 2365 913 2444 regulas
936 2366 1000 2426 dari
1022 2374 1070 2426 aut
1095 2368 1242 2446 componi.
1287 2367 1345 2428 Sed
1368 2371 1435 2448 quia
1458 2367 1611 2430 multorum

327 2473 511 2551 maximoque
533 2471 625 2551 ipsius
646 2467 834 2528 Prisciani
856 2466 1019 2531 habeamus
1034 2469 1247 2538 auctoritatem,
1271 2486 1332 2529 non
1351 2469 1522 2532 uiolentiam
1545 2470 1610 2531 mibi
1663 2521 1664 2528 ,

326 2591 442 2652 arrogo,
466 2571 544 2652 quod
568 2571 604 2632 ab
627 2569 692 2632 aliis
715 2571 870 2630 inuentum
892 2568 1034 2648 approbo.
1073 2569 1169 2647 lpsius
1192 2571 1282 2647 igitur
1304 2570 1496 2633 Prisciani
1518 2573 1640 2650 dispo-s

325 2678 461 2737 sitionem
484 2691 686 2752 summamque
709 2690 837 2751 sequeus
859 2669 1053 2751 aliorumque,
1069 2671 1172 2750 siquid
1196 2671 1306 2734 dictum
1332 2681 1384 2742 est,
1409 2692 1468 2735 non
1489 2693 1611 2736 renuens

324 2797 410 2858 quam
441 2776 561 2837 breuius
589 2782 706 2854 potero,
736 2791 811 2853 opus
840 2782 955 2833 uestrae
985 2771 1141 2833 eruditioni
1171 2793 1344 2853 componam
1368 2778 1534 2838 rrcccssaria
1555 2795 1609 2836 non

324 2875 601 2960 praetermittendo,
629 2874 746 2950 siquid
777 2893 848 2934 uero
879 2873 948 2934 utile
978 2873 1063 2936 trabis
1094 2884 1122 2935 et
1151 2877 1391 2956 compendiosum
1421 2877 1493 2939 mibi
1521 2879 1608 2939 uisum

324 2983 429 3050 luerit,
464 2976 704 3040 intermiscendo.
749 2975 806 3036 lsta
837 2994 889 3036 uos
918 2995 988 3054 ergo
1020 2978 1180 3037 memoriae
1210 2979 1424 3040 commendetis
1452 2982 1609 3059 attentisque

324 3079 512 3163 receptaculo
534 3098 622 3158 quam
645 3079 768 3139 tirmiter
791 3079 931 3147 teneatis,
962 3087 994 3138 ut
1022 3077 1056 3138 ad
1082 3079 1173 3138 uestri
1197 3077 1339 3140 desiderii
1360 3081 1525 3160 perlectum
1548 3088 1638 3160 per-³³

325 3186 435 3246 lectum
457 3183 617 3263 peruenire
641 3180 773 3242 ualeatis.

391 3386 564 3454 2gramatice
582 3382 649 3436 ABG
700 3383 857 3434 utilitatisb
926 3385 985 3433 Set
1002 3382 1046 3432 ΑΒ
1066 3383 1130 3434 utG
1153 3385 1332 3436 thnnnstus
1383 3390 1604 3453 opposuerimnstt

326 3457 366 3508 BC
384 3453 555 3523 apposuimus
572 3454 751 3504 Wilmannainc
801 3447 937 3518 tuncino]
956 3452 1053 3502 Verane
1064 3467 1114 3504 non
1126 3455 1247 3503 distinxit
1260 3454 1439 3506 Wibncnnsins
1506 3459 1604 3507 betium

323 3525 413 3575 adiuro
433 3523 497 3574 ABG
549 3533 573 3572 et
591 3521 680 3572 adiuro
705 3521 885 3570 thcnnainc
936 3519 1068 3582 quiqueC
1136 3522 1274 3572 iscieutle
1293 3521 1357 3572 ABG
1430 3523 1605 3591 ttoptinerec

324 3596 356 3644 10
373 3592 449 3642 michi
468 3589 508 3641 BC
560 3605 592 3640 ex
609 3589 697 3639 diuina
718 3587 759 3638 AC
777 3599 802 3636 et
818 3585 944 3637 diuinuB
1002 3589 1139 3650 acquiratis
1158 3587 1198 3638 BC
1215 3590 1356 3651 adquiratis
1376 3593 1395 3640 sl
1449 3603 1568 3655 quatenus
1585 3592 1604 3638 ,l

325 3663 354 3711 tl
373 3671 398 3711 et
414 3660 564 3710 elemosinis
580 3657 613 3713 Β,
633 3667 657 3707 et
674 3672 721 3708 om.
740 3654 783 3705 AG
850 3655 953 3704 auxiliis
981 3669 1103 3721 perpetuo
1130 3657 1232 3706 adiutus
1257 3659 1436 3709 Witmonnsinc
1458 3657 1602 3723 adluitusC

324 3731 356 3779 12
375 3741 461 3780 eterne
479 3725 544 3777 ABG
603 3726 701 3791 possim
720 3723 890 3790 perueniret]
960 3725 991 3774 13
1009 3734 1126 3774 coeterna
1144 3723 1209 3774 ABG
1227 3737 1312 3774 eterna
1335 3727 1513 3780 Wilmannaiua
1577 3729 1603 3776 14

323 3807 412 3848 sancto
430 3813 478 3848 om.
496 3793 540 3846 AC
609 3807 691 3842 amen.
712 3792 815 3857 explicit
831 3785 870 3840 uit
888 3792 964 3856 papie
983 3790 1009 3848 C,
1027 3795 1053 3842 in
1071 3809 1119 3859 quo
1137 3795 1229 3843 omisso
1247 3802 1304 3843 crte
1320 3799 1485 3858 grammatica
1500 3797 1603 3862 nequiter

325 3866 480 3931 anutionis
496 3862 684 3913 uocabulorinm
695 3861 799 3911 insertis
810 3859 924 3910 uersibus
936 3861 1097 3911 illic‘contrn
1115 3863 1221 3912 clericos
1238 3863 1350 3913 indentes
1367 3871 1393 3913 et
1410 3865 1530 3925 desideat
1548 3877 1602 3930 qnos

326 3933 456 3984 Vmerus
474 3933 555 3982 edidit
571 3947 632 3981 mna.
652 3929 730 3982 tinen.
750 3928 849 3979 XXIV
865 3945 892 3993 p.
912 3930 962 3977 391
984 3931 1185 3988 accuratissime,
1209 3929 1259 3980 nisi
1282 3933 1350 3996 qnod
1371 3947 1448 3981 uersu
1470 3935 1542 3984 tertio
1559 3945 1601 3980 non

320 3997 362 4061 dc',
380 3995 523 4052 seddi=
541 3999 637 4048 ‘dubet'
655 3999 842 4062 scriptumest.
914 3997 944 4045 16
963 3997 1042 4046 Deest
1060 3997 1145 4046 tdulns
1162 3999 1187 4046 in
1205 3999 1230 4046 A
1300 3999 1331 4048 tt
1350 4001 1526 4063 gramineas
1575 4001 1600 4047 tu

322 4065 482 4133 uiolentiam]
502 4069 560 4118 An:
580 4065 716 4115 uiolentia?
803 4065 836 4113 22
854 4075 938 4113 uestre
956 4062 1000 4113 ΑΒ
1069 4067 1101 4115 23
1119 4065 1299 4130 pretercuudc‚
1318 4081 1387 4132 corr,
1406 4066 1572 4119 ,mipendog

323 4138 436 4188 nobisB
504 4138 536 4186 24
555 4135 676 4184 memorie
694 4133 737 4182 ΑΒ

406 4307 459 4368 Est
474 4315 573 4368 antem
588 4307 704 4383 Papiae
718 4305 803 4377 iiber,
827 4319 913 4378 quem
936 4305 991 4364 olii
1010 4301 1131 4364 erectori
1155 4321 1185 4364 se
1207 4305 1315 4366 debere
1336 4309 1464 4381 ingenue
1480 4308 1597 4381 fatetur,

321 4427 430 4472 reuera
451 4418 528 4471 totns
544 4409 616 4482 scre
639 4409 682 4466 nd
702 4407 893 4466 Priscinnnm
916 4406 1172 4465 accommodatus:
1200 4410 1393 4483 nequeenim
1415 4412 1509 4471 solnm
1530 4407 1598 4468 idern

320 4529 422 4574 rernm
451 4515 526 4572 ordo
554 4519 692 4572 seruatus
718 4518 761 4569 est
787 4489 933 4568 at'tntdo
955 4525 1048 4583 usqne
1069 4510 1112 4568 nd
1128 4510 1235 4580 finem,
1265 4528 1323 4585 qno
1345 4513 1383 4570 cic
1403 4514 1599 4573 conimtctionr

321 4618 400 4689 npit,
424 4616 478 4675 scd
499 4615 591 4672 ncrlm
614 4616 682 4687 ipso
705 4612 861 4672 Prisciani
877 4610 1054 4685 plerumque
1076 4619 1253 4685 repetuntur
1274 4615 1317 4672 itu
1339 4621 1453 4686 tumere,
1482 4621 1514 4674 nt
1532 4625 1598 4688 pune

321 4719 406 4794 npnd
426 4718 615 4776 Priscinnnm
637 4716 788 4789 prolixius
813 4713 950 4788 exposito
978 4719 1061 4785 sunt,
1091 4731 1110 4771 n
1133 4713 1231 4790 Pupio
1254 4717 1283 4774 in
1306 4719 1501 4791 conpendium
1522 4731 1596 4776 conr-

320 4827 430 4879 tcnnu·.
480 4818 561 4888 (inne
583 4833 649 4878 cnm
672 4819 714 4875 ita
736 4819 811 4894 sint,
842 4823 937 4872 (tritten
962 4822 1020 4886 est,
1052 4814 1104 4874 ndi
1123 4831 1143 4872 n
1164 4815 1319 4878 Prisciani
1334 4820 1508 4897 praeceptis
1527 4832 1595 4877 rece-
