3420 5450
515 355 563 406 DE
583 354 721 406 nonunt
740 354 941 410 PRIORIBVS.
1315 369 1375 417 xcl

747 542 873 626 [Sergii]
898 542 1121 624 explanationes
1143 547 1174 606 in
1197 543 1270 605 llon.
1295 542 1376 605 lib.l

908 646 1019 706 codicis
1042 647 1212 708 Lauantini:

139 784 162 844 p.
185 760 250 832 156,
271 759 324 825 28.
347 761 389 824 29
412 765 618 827 Coniunctioni
640 769 717 828 acci·
787 784 816 844 p.
833 761 905 832 515,
922 761 1092 835 39-516,
1110 762 1130 828 5
1146 766 1377 826 Coniunctiones

107 867 165 927 dunt
178 874 302 944 potestas
318 867 411 944 ligura
428 867 512 927 ordo.
535 869 584 942 Cs.
597 887 630 944 p.
649 876 715 942 516,
745 866 866 945 quidem
889 867 998 927 multae
1021 875 1105 936 sunt:
1137 867 1188 928 sed
1218 867 1377 946 conpendii

105 970 202 1029 33113
237 966 370 1028 Diximus
400 969 477 1052 quod
501 971 555 1030 tria
580 969 719 1032 accidunt
746 987 834 1030 causa
850 970 1035 1030 institutores
1058 969 1143 1030 liuius
1166 970 1238 1030 artis
1260 971 1290 1029 in
1310 968 1376 1029 bre·

104 1067 297 1138 coniunctioni,
321 1077 453 1148 potestas
475 1071 569 1150 figura
593 1071 675 1132 ordo.
747 1088 813 1132 nem
851 1069 1052 1131 definitionem
1089 1069 1273 1149 collegerunt
1305 1089 1376 1132 con·

745 1172 921 1232 iunctiones.
976 1171 1049 1233 llam
1083 1191 1149 1232 cum
1187 1180 1377 1234 enumeratae

744 1275 802 1334 sint
825 1273 986 1353 plurimae,
1011 1274 1084 1336 adeo
1108 1293 1165 1335 non
1190 1293 1293 1335 omnes
1316 1273 1376 1335 col-

744 1373 837 1436 lectae
865 1384 949 1445 sunt,
979 1379 1063 1436 utin
1093 1394 1148 1436 usu
1175 1379 1375 1456 reperiantur,

745 1478 873 1555 quaein
896 1487 959 1539 arte
987 1480 1115 1558 scriptae
1144 1495 1203 1538 non
1232 1487 1314 1550 sunt,
1345 1488 1377 1540 ut

745 1588 790 1640 est
811 1579 950 1640 huiusce:
974 1581 1144 1641 coniunctio
1167 1589 1224 1649 est,
1248 1582 1377 1660 quaein

744 1687 808 1742 arte
831 1697 976 1759 nusquam
1000 1690 1043 1742 est
1065 1681 1268 1743 atinumerata.
1406 1759 1408 1768 y

26 1787 27 1792 ’
134 1805 160 1864 p.
175 1782 241 1854 156,
253 1781 304 1846 29.
322 1783 366 1847 30
387 1786 519 1847 Potestas
534 1786 717 1846 coniunctio·
786 1801 815 1862 p.
837 1779 915 1853 516,
939 1781 1013 1845 56
1042 1783 1178 1864 Quinque
1207 1792 1276 1844 sunt
1306 1803 1376 1846 con·

102 1890 140 1948 nis
160 1889 306 1967 Vspecies
329 1886 434 1948 habet:
459 1895 508 1947 aut
530 1886 718 1966 copulatiuae
744 1885 929 1946 iunctionum
945 1886 1189 1964 significationes:
1213 1895 1281 1946 sunt
1298 1887 1376 1947 eninr

102 1997 142 2049 aut
164 1989 355 2051 disiunctione
389 1997 439 2050 aut
472 1987 638 2070 expletiuae
669 2001 719 2051 aut
745 1984 930 2066 copulatiuae
973 1987 1169 2075 disiunctiuae
1212 1987 1377 2068 expletiuae

103 2090 217 2151 causales
239 2101 288 2152 aut
312 2090 479 2152 rationales.
745 2089 878 2150 causales
899 2089 1071 2151 rationales.

137 2212 162 2272 p.
185 2189 252 2262 156,
274 2190 402 2255 31-33
425 2193 616 2273 Copulatioae
639 2201 717 2261 sunt,
786 2209 814 2270 p.
838 2187 916 2262 516,
941 2188 1034 2252 'l-ll
1063 2190 1253 2272 Copulatiuae
1282 2192 1377 2253 dietae

103 2313 166 2373 quae
191 2304 218 2356 et
238 2297 333 2356 uerbo
363 2304 392 2356 et
419 2313 537 2356 sensum
568 2294 716 2374 copulant,
745 2300 814 2353 sunt
843 2310 892 2362 eo,
927 2293 1006 2372 quod
1037 2311 1155 2354 sensum
1185 2294 1375 2372 coniungant.

103 2405 213 2475 utputa
249 2393 324 2474 ‘ego
354 2405 384 2457 et
410 2405 441 2457 tu
471 2401 600 2458 eamus'.
653 2398 717 2458 Non
746 2394 868 2466 Quando
892 2395 970 2456 dico:
994 2397 1062 2474 ‘ego
1085 2402 1111 2454 et
1132 2403 1166 2455 tu
1186 2400 1308 2466 eamus',
1333 2399 1377 2458 ui·

102 2497 184 2558 solum
205 2496 293 2559 uerba
318 2501 475 2561 coniuncta
499 2507 581 2569 sunt,
614 2498 719 2560 sedet
746 2497 813 2567 des,
843 2497 922 2574 quod
951 2497 1123 2558 coniunctio
1156 2515 1275 2558 sensum
1307 2517 1377 2560 con-

101 2617 193 2660 sensus
222 2601 414 2678 significatur.
475 2601 605 2661 Dicimus
639 2601 718 2661 enim
745 2601 853 2677 iungit:
892 2608 1050 2678 utrumque
1084 2599 1161 2659 enim
1193 2601 1237 2660 ire
1266 2600 1378 2696 debere

102 2705 160 2779 ‘ego
181 2710 206 2762 et
227 2706 280 2772 tu'‚
304 2722 366 2764 non
388 2707 455 2781 ‘ego
478 2711 528 2764 aut
551 2705 605 2764 tu’.
746 2701 886 2762 ostendit.

138 2823 163 2882 p.
180 2801 244 2872 156,
260 2800 388 2868 33-36
410 2804 628 2876 Disiunotiuae‚
645 2823 719 2884 quae
790 2822 816 2882 p.
838 2800 909 2871 516,
934 2800 1037 2864 9-13
1061 2803 1260 2864 Disiunctioae
1283 2804 1377 2866 dictae

102 2903 182 2966 uerba
204 2906 387 2985 disiungunt,
411 2907 462 2968 sed
486 2925 604 2967 sensum
628 2925 718 2986 copu·
745 2915 829 2974 sunt,
858 2923 917 2964 non
941 2904 1019 2984 quod
1044 2904 1240 2966 elocutionem
1264 2905 1374 2968 disiun-

99 3007 168 3076 lant,
190 3018 219 3070 ut
239 3018 284 3070 cst
302 3010 390 3070 ‘aut'.
421 3008 493 3070 Nam
517 3009 636 3090 quando
653 3009 718 3069 dico
745 3014 829 3085 gant,
854 3005 905 3068 sed
930 3005 1006 3083 quod
1030 2989 1221 3077 sensum‚‘ut
1243 3027 1310 3070 oum
1333 3009 1375 3071 di·

100 3112 156 3170 ‘aut
177 3129 228 3189 ego
250 3119 298 3171 aut
321 3114 376 3180 tu’‚
404 3109 495 3171 uerba
519 3111 636 3190 quidem
660 3110 717 3171 dis·
745 3113 840 3170 cimus
853 3113 921 3186 ‘ego
935 3117 985 3169 aut
1000 3118 1031 3170 tu
1048 3111 1171 3180 eamus’,
1188 3128 1248 3170 non
1264 3120 1377 3173 utrum-

99 3214 284 3283 iunctasunt,
305 3219 524 3274 sensostamen
547 3175 817 3299 copulaturlque,
853 3210 904 3272 sed
935 3210 1059 3272 alterum
1091 3213 1202 3272 iturum
1232 3213 1376 3282 ostendit:

100 3313 167 3374 itam
202 3317 248 3392 qui
286 3313 359 3375 dicit
396 3319 464 3393 ‘ego
493 3325 544 3375 aut
573 3317 627 3384 tu'‚
659 3333 717 3376 non
745 3312 872 3374 elocutio
889 3322 986 3374 tamen
1003 3315 1203 3392 coniungitur.
1239 3315 1376 3376 Ceterum

99 3415 166 3476 dicit
192 3417 316 3495 ‘utrique
349 3418 473 3487 eamus’,
507 3416 558 3478 sed
589 3421 680 3478 ‘unus
703 3436 718 3477 e
745 3417 769 3475 si
792 3414 990 3475 elocutionem
1021 3434 1139 3495 quoque
1162 3417 1375 3495 disiungerent,

99 3516 227 3578 duobus‘.
322 3565 324 3568 .
744 3534 794 3578 res
816 3519 965 3577 contraria
988 3517 1151 3588 accideret,
1181 3527 1214 3579 ut
1231 3521 1375 3581 coniunc-

729 3558 817 3683 ltioni
839 3618 997 3679 disiunctio
1020 3619 1203 3681 cohaereret.
1214 3621 1239 3700 *)

133 3741 162 3801 p.
179 3719 242 3792 151,
261 3719 343 3785 1-5
365 3722 520 3802 Expletiua
536 3723 715 3792 coniunctio,
787 3739 815 3800 p.
840 3719 913 3790 516,
933 3717 1056 3783 13-20
1078 3721 1252 3802 Expletiuae
1275 3723 1376 3784 dicun·

96 3841 166 3900 ‹puae
182 3825 270 3886 addita
286 3833 388 3896 ornat,
413 3825 560 3888 detracta.
575 3873 582 3887 .
597 3871 603 3887 .
618 3871 624 3886 .
639 3855 663 3894 .,
686 3833 717 3884 ut
744 3830 792 3884 tur
816 3824 1054 3894 coniunctiones,
1086 3843 1160 3904 quae
1182 3843 1301 3886 sensum
1326 3844 1376 3885 ex-

98 3935 137 3986 est
150 3927 174 3986 si
190 3927 286 3988 dixero
302 3925 352 3988 ‘ad
368 3925 490 3988 domum
507 3926 582 3988 uado
598 3926 716 3988 saltim':
746 3924 841 4003 plent,
865 3943 940 4006 quae
962 3926 1039 4006 apud
1056 3927 1185 3988 Graecos
1200 3926 1377 4006 παραπλη-

96 4028 178 4088 ‘oade
200 4028 232 4090 ad
254 4029 389 4090 domum'
413 4027 532 4090 ornabit
554 4006 931 4109 eloquutio·lpoapocrouoc'
949 4027 1098 4090 dicuutur.
1145 4027 1203 4089 Sed
1227 4027 1304 4108 apud
1327 4047 1378 4090 eos

95 4130 136 4188 nis
155 4149 270 4192 sensum
287 4140 316 4192 et
330 4131 474 4210 ponderis
495 4131 606 4211 aliquid
630 4130 718 4191 addet
745 4149 780 4190 ex
809 4128 969 4191 abundanti
1001 4136 1152 4209 ponuntur
1182 4136 1212 4190 et
1240 4138 1377 4192 ornatum

94 4235 217 4302 †minus
243 4236 262 4294 i.
285 4253 319 4294 ac
342 4235 368 4294 si
390 4232 529 4294 dixisset:
558 4237 716 4311 ‘magnum
745 4239 857 4292 tantum
887 4230 1012 4301 habent,
1042 4231 1118 4312 apud
1147 4249 1202 4292 nos
1229 4241 1258 4293 et
1285 4236 1378 4294 ratio-

95 4335 207 4396 esttibi
233 4337 318 4397 ctiam
348 4335 456 4396 domus
483 4343 532 4396 tua
554 4338 716 4410 †tantum,
745 4351 822 4395 nem.
860 4335 911 4393 Vis
934 4351 1059 4412 arguere
1075 4334 1201 4414 aliquem
1217 4334 1376 4414 neglegen-

191 628 236 670 ars
258 609 421 672 Beroensis
444 611 510 672 cod.
534 608 610 674 207:

153 4557 180 4620 *J
199 4557 250 4606 lior
266 4559 322 4608 loeo
342 4571 451 4622 prorsus
470 4557 596 4606 contraria
614 4557 762 4623 praecipere
778 4564 858 4603 artem
876 4554 1028 4604 Beruensenr
1046 4563 1123 4618 atque
1139 4555 1306 4610 Louantlnom
1326 4572 1377 4607 non

95 4637 127 4673 est
142 4627 209 4688 quod
227 4641 357 4688 moneam3
376 4625 522 4676 alterutrum
540 4626 620 4690 igitur
637 4622 815 4690 artigraphum
834 4621 916 4672 Seruii
935 4623 1121 4688 expositionem
1139 4625 1206 4674 nrale
1222 4625 1379 4676 intellexisse

96 4707 163 4756 puer.
197 4692 256 4744 Cum
277 4693 424 4745 Laurentina
446 4703 499 4743 arte
522 4693 583 4742 tacit
609 4692 692 4742 Seruii
715 4705 807 4742 comm.
825 4707 852 4756 p.
871 4692 934 4751 418,
955 4693 984 4740 ll
1009 4703 1033 4741 et
1055 4692 1150 4744 codicis
1174 4693 1377 4746 Berueusis123

95 4774 203 4874 prompta
222 4759 344 4828 Sergiana
363 4762 381 4811 l.
400 4761 459 4824 28⁶,
479 4761 511 4816 el.
530 4760 609 4828 prael.
629 4762 709 4827 partis
727 4759 760 4810 111
779 4775 835 4825 cap.
856 4759 902 4809 Vl:
939 4757 1068 4826 ‘Sergiani
1086 4762 1218 4812 cuiusdam
1242 4765 1377 4813 commenti

104 4842 225 4894 tegmenta
241 4832 357 4882 inedita’.
