3412 5452
739 1216 816 1297 V.

129 1429 204 1510 DE
227 1428 463 1512 POMPEII
490 1431 561 1513 ET
589 1429 891 1515 OONSENTH
913 1431 1420 1515 GRAMMATIOORVM

617 1585 932 1669 EXOERPTIS.

715 1811 841 1820 -.-—-—

706 1976 788 2042 Ono.
816 1975 843 2045 I.

638 2107 910 2178 ΡΟΜΡΕΙΑΝΑ.

213 2267 352 2347 Pompeii
377 2268 573 2344 arammatici
605 2273 674 2332 olim
701 2288 784 2332 anno
812 2277 889 2330 1820
915 2288 935 2330 a
961 2271 1016 2331 Fr.
1045 2268 1257 2332 Lindemanno
1273 2267 1420 2348 primum,

127 2371 240 2433 amuda
260 2373 298 2434 ab
313 2373 353 2432 H.
370 2370 474 2434 Keilio
496 2379 568 2432 ante
589 2370 743 2434 biennium
765 2371 873 2434 iterum
896 2371 972 2434 editi
990 2389 1169 2448 quamquam
1191 2371 1267 2434 satis
1287 2370 1374 2434 multi
1394 2380 1423 2433 et

123 2471 299 2549 peruetrcsti
319 2481 484 2552 supersunt
504 2472 638 2546 codeces,
666 2493 792 2550 quomam
813 2472 935 2537 Kailios
953 2492 1082 2550 aramm.
1100 2475 1169 2535 Lat.
1193 2478 1253 2537 nal.
1277 2478 1304 2536 V
1322 2493 1353 2552 p.
1371 2481 1419 2549 83,

127 2583 177 2644 st,
203 2583 243 2634 87
271 2593 332 2652 seq.
357 2575 442 2638 accit
469 2584 676 2653 compactam,
705 2585 804 2638 tamen
826 2575 892 2638 eius
919 2575 994 2638 libri
1019 2578 1113 2638 uerba
1140 2576 1316 2654 saepuslne
1345 2578 1422 2638 adeo

124 2684 277 2754 corrupta
298 2685 382 2752 sunt,
406 2687 438 2740 ut
459 2697 563 2740 eorum
583 2681 704 2754 saltem,
729 2697 802 2754 auos
823 2677 943 2740 Keilius
964 2677 1118 2753 colman,
1142 2678 1280 2741 cadmum
1302 2677 1424 2740 aemilio

8 2803 9 2870 t
121 2783 222 2856 plane
242 2777 451 2842 destituamur.
496 2783 640 2842 Fortasse
659 2779 687 2842 si
708 2780 759 2843 uir
774 2779 1057 2858 praestantissimus
1077 2779 1186 2842 ceteris
1200 2799 1326 2857 cuonone,
1349 2798 1424 2856 quas

8 2877 10 2902 ³
126 2883 336 2942 tantummodo
361 2880 545 2951 nominauit,
572 2881 662 2944 libris
687 2890 763 2944 esset
789 2902 872 2958 usus,
901 2887 959 2944 etsi
985 2886 1028 2945 cul
1053 2901 1144 2945 unum
1167 2901 1268 2946 omnes
1288 2881 1352 2945 illis
1373 2899 1420 2942 re·

126 2981 279 3046 castiores
300 2982 541 3062 asseculantur,
570 2986 718 3046 nonnulla
745 2984 935 3048 correctiora
962 2984 1103 3047 exbiberi
1121 2989 1303 3063 patuissent,
1326 3002 1421 3062 prae-

125 3084 232 3147 sertim
260 3103 328 3147 omn
355 3085 501 3148 librarios
518 3090 670 3164 nummio
696 3104 749 3147 sao
776 3086 906 3148 arbitrio
933 3095 1063 3149 mutasse
1087 3086 1238 3164 librosque
1256 3085 1423 3164 plurimum

127 3187 214 3249 inter
235 3205 267 3248 se
288 3186 450 3249 dissentire
476 3187 543 3266 ipse
563 3207 598 3266 p.
623 3196 663 3248 84
691 3186 900 3251 intellexisset.
945 3189 1048 3266 Neque
1076 3207 1151 3251 uero
1180 3187 1290 3264 necari
1314 3195 1420 3265 potest,
1510 3219 1512 3224 ·

8 3327 9 3366 3
129 3287 223 3351 Keilii
254 3287 417 3350 abitionem
444 3288 711 3351 Lindemanniann
742 3293 834 3352 multo
866 3290 1082 3353 correctiorem
1114 3309 1190 3369 esse,
1224 3289 1338 3368 quippe
1369 3288 1422 3365 aui
1535 3354 1540 3364 ,

8 3413 9 3436 ³
63 3425 67 3433 ·
121 3391 270 3468 pluribus
291 3390 447 3453 codicibus
474 3390 571 3467 iisque
599 3391 774 3454 accuratius
803 3411 873 3454 usus
893 3396 941 3454 sit.
986 3393 1049 3455 Sed
1069 3401 1101 3455 ut
1123 3396 1162 3454 de
1182 3391 1227 3454 eis
1249 3392 1338 3454 libris
1358 3409 1420 3452 ma-

127 3491 312 3570 nuscriptis,
343 3491 396 3569 qui
422 3511 482 3554 uno
508 3501 614 3555 tenore
640 3493 780 3572 Pompeii
805 3502 972 3556 tractatum
998 3494 1167 3564 continent,
1198 3503 1329 3566 taceam,
1360 3512 1421 3555 non

127 3594 282 3656 assentior
303 3593 415 3671 Keilio,
440 3599 521 3673 quod
539 3615 570 3674 p.
587 3604 626 3656 88
648 3595 795 3657 librorum
818 3598 856 3657 cle
876 3597 1081 3672 arammatica
1103 3605 1170 3658 arte
1189 3597 1295 3671 infima
1323 3604 1423 3657 aetate

127 3715 168 3759 ex
191 3695 292 3758 uariu's
313 3696 501 3772 auctoribus,
533 3714 671 3774 quorum·
686 3696 718 3758 in
746 3715 870 3759 numero
891 3698 1054 3776 Pompeius
1080 3698 1255 3777 saepissime
1276 3698 1420 3772 occurrit,

127 3802 320 3861 collectarum
347 3802 462 3860 nnllam
489 3803 533 3860 ad
554 3799 727 3877 Pompeium
749 3802 968 3862 emendandam
995 3800 1158 3863 utilitatem
1185 3800 1309 3878 percipi
1332 3816 1422 3877 posse

128 3900 270 3963 asseruit.
318 3901 384 3974 Qua
411 3905 443 3962 in
465 3920 500 3962 re
521 3901 614 3964 certis
635 3901 824 3978 ornamentis
844 3904 1064 3981 conprobancta
1090 3919 1149 3964 non
1176 3919 1285 3964 uereor
1312 3920 1350 3963 ne
1375 3900 1423 3962 ni·

127 4002 206 4066 mins
223 4001 324 4077 fuisse
343 4002 476 4079 iudicer,
500 4003 643 4080 quoniam
659 4003 834 4081 Pompeius,
858 4003 915 4066 etsi
936 4003 1093 4066 tritissima
1114 4023 1207 4082 saepe
1228 4011 1317 4080 atquc
1338 4002 1422 4065 uilis·

127 4105 207 4166 sima
229 4105 394 4182 tractauit,
425 4113 524 4168 tamen
552 4109 596 4168 acl
616 4104 792 4183 antiquiora
814 4105 908 4168 medii
929 4110 1001 4168 aeui
1020 4115 1158 4183 tempora
1178 4115 1208 4168 et
1229 4107 1265 4167 ob
1287 4108 1421 4168 coelicum

129 4215 303 4268 uetustatem
326 4215 356 4268 et
377 4209 413 4269 ab
435 4207 606 4270 doctrinam
627 4206 661 4269 in
683 4211 856 4270 uniuersum
878 4211 963 4269 bonel
983 4211 1142 4284 uulaarem
1156 4211 1260 4270 merito
1275 4208 1420 4282 refertur.
1498 4213 1499 4216 ’

215 4311 394 4371 Clementi
413 4308 511 4385 icitur
533 4311 657 4385 Scato,
687 4315 752 4386 qui
777 4313 888 4386 uulao
916 4301 1078 4385 dicitur,
1112 4311 1189 4372 cad.
1220 4311 1328 4370 Bern.
1355 4315 1424 4368 123

124 4410 155 4484 f.
182 4418 292 4486 1-31,
322 4411 358 4473 in
380 4393 574 4489 excerpendo
596 4411 737 4491 Pompeia
758 4415 893 4474 meliores
915 4412 989 4474 libri
1010 4420 1138 4490 praesto
1159 4412 1305 4489 fuorunt,
1333 4429 1422 4487 quom

129 4510 220 4574 bodie
241 4519 359 4574 extant.
403 4515 471 4574 Iam
492 4521 524 4575 ut
544 4517 726 4576 laeculentum
736 4511 910 4592 proponam
925 4521 1152 4590 arcumentum,
1176 4533 1208 4592 p.
1228 4521 1291 4583 132,
1310 4521 1420 4590 tiseq.

128 4613 215 4691 apua
235 4613 369 4676 Keilinm
390 4617 466 4677 baec
487 4615 713 4695 corruptissime
733 4600 890 4694 locuntur:

215 4723 259 4776 est
280 4717 368 4777 etiam
398 4717 603 4799 apostrophos.
629 4741 644 4779 u
672 4718 750 4798 apud
773 4718 891 4781 Latinos
918 4735 977 4780 non
1007 4717 1093 4780 tacite
1119 4719 1149 4779 in
1178 4717 1347 4779 nominibus
1376 4720 1419 4779 in·

130 4818 258 4886 uenitur,
287 4819 341 4879 nisi
366 4835 452 4896 quem
477 4819 511 4880 ad
535 4819 653 4881 modom
678 4821 854 4883 remanserit
875 4821 905 4881 in
928 4819 1098 4882 nominibus
1120 4819 1177 4882 hoc
1199 4821 1276 4903 apud
1299 4821 1422 4884 Latinos
