3420 5450
257 275 305 325 xx
661 260 711 315 DE
730 263 852 349 mulus
872 259 1132 316 Bunnunstsvs.
1159 293 1161 300 ·

256 456 291 512 de
313 457 442 513 uocatiuo
465 473 518 512 om.
607 457 646 514 19
669 458 697 512 in
721 457 847 514 omnibus
876 458 967 514 latinis
990 448 1146 516 nominibus
1169 456 1213 512 uel
1237 457 1263 512 in
1287 458 1376 530 grecis
1463 457 1501 515 21
1525 467 1552 514 ιιι

257 550 341 598 nauta
365 540 455 599 tabula
479 557 555 598 musa
577 541 604 596 in
627 542 785 598 masculinis
807 543 897 616 grecis
913 543 1013 617 longus
1029 552 1072 600 ιιι
1128 541 1176 599 22
1200 541 1380 600 Ειιοιιιιιιιιι
1398 545 1553 599 terminatus

257 625 297 681 24
320 635 351 682 ut
374 626 435 682 dide
521 625 561 682 25
585 627 746 683 terminatur
767 638 798 683 ut
820 627 944 701 phoebos
966 627 1082 703 phoebe.
1127 627 1310 684 luooatibus
1340 629 1501 683 terminatus
1529 629 1552 683 in
1631 635 1635 648 '

256 709 342 767 latino
365 711 466 785 longus
488 719 530 767 est
553 721 583 766 ut
648 710 687 767 27
711 721 742 768 ut
765 714 808 768 nai
824 712 953 770 ambrosi.
976 711 1158 770 Ouocatiuus
1175 714 1336 768 terminatus
1402 710 1442 768 28
1465 711 1554 769 breuis

257 805 299 850 ιιι
365 795 404 854 29
428 796 529 868 longus
551 805 593 851 est
616 805 646 852 ut
668 795 732 853 dido
755 806 841 854 erato.
866 798 886 851 V
910 799 1052 854 uocatiuus
1123 795 1163 852 28
1187 795 1216 867 (l.
1236 789 1305 868 lib)
1329 796 1452 871 regulam
1518 797 1554 853 35

256 881 290 937 de
313 880 435 937 ablatino
457 878 590 954 singulari
613 897 667 936 om.
750 883 789 939 37
813 881 918 956 absque
939 899 1000 939 cum
1023 899 1038 938 e
1061 881 1223 937 terminatur
1305 881 1345 938 38
1369 898 1438 956 qnae
1462 880 1555 936 tertiae

257 965 359 1021 luerint
381 965 571 1040 declinationis
595 974 626 1022 ut
648 983 662 1023 a
684 969 789 1041 pariete
866 967 906 1022 41
931 968 964 1022 de
986 967 1157 1023 nominatiuo
1180 975 1208 1021 et
1231 965 1359 1023 auocatiuo
1381 964 1482 1040 plurali
1504 981 1554 1021 om.

256 1048 297 1106 45
320 1050 498 1107 masculinum
522 1050 566 1106 uel
590 1050 747 1107 lemininum
831 1050 872 1108 46
896 1051 994 1108 linctus
1016 1051 1107 1108 clades
1131 1065 1223 1107 musae
1245 1067 1334 1107 curae.
1379 1051 1445 1108 Cium
1468 1053 1555 1106 uentri

256 1137 365 1204 generis
388 1134 491 1192 inerint
511 1134 610 1192 breues
633 1144 698 1191 sunt
721 1145 751 1192 nt
766 1139 879 1192 moenia.
903 1135 931 1192 ln
947 1139 1037 1210 grecis
1053 1153 1120 1192 uero
1136 1154 1166 1192 as
1189 1135 1233 1192 uel
1256 1152 1270 1190 a
1294 1137 1431 1192 terminati
1455 1133 1557 1192 fuerint

255 1220 444 1293 corripiuntur
466 1229 496 1276 ut
518 1221 556 1276 bli
579 1229 700 1276 rectores
724 1229 893 1277 erectores.
919 1221 984 1278 baec
1007 1229 1131 1294 poemata
1154 1237 1170 1276 o
1193 1229 1319 1294 poemata
1342 1219 1430 1276 aliter.

339 1322 365 1378 p.
388 1303 480 1376 1806,
502 1303 522 1359 4
544 1305 578 1360 de
600 1307 722 1377 genitiuo
746 1303 844 1380 plurali
867 1322 920 1362 om.
988 1307 1007 1363 5
1031 1309 1057 1362 in
1080 1306 1172 1362 latinis
1194 1321 1248 1360 om.
1320 1305 1338 1361 6
1362 1314 1392 1360 ut
1415 1311 1552 1361 rectorum

255 1388 407 1446 doctorum.
438 1388 467 1445 ln
496 1391 586 1461 grecis
609 1389 708 1464 longus
731 1398 773 1445 ιιι
796 1391 819 1446 ιι
844 1397 933 1447 tamen
955 1398 1140 1464 grecae‘sunt
1163 1389 1358 1447 declinationes
1382 1398 1413 1445 ut
1434 1388 1553 1463 pilenon.

257 1474 297 1531 10
319 1474 351 1530 de
375 1474 467 1530 datiuo
490 1483 518 1530 et
540 1473 661 1530 ablatiuo
683 1474 851 1548 pluralium.
919 1476 957 1530 11
981 1493 1042 1532 cum
1058 1475 1082 1532 is
1099 1476 1262 1531 terminatur
1284 1474 1359 1546 longi
1382 1483 1448 1531 suut
1470 1480 1501 1530 ut
1516 1473 1556 1528 bis

254 1559 344 1615 doctis
365 1575 426 1616 cunr
449 1558 501 1615 bus
545 1567 576 1614 ut
598 1559 641 1614 lais
665 1568 692 1615 et
715 1559 747 1616 ab
772 1559 813 1615 his
835 1559 953 1633 agilibus
975 1571 1004 1618 et
1025 1561 1048 1617 si
1071 1575 1152 1634 greca
1174 1561 1211 1615 sit
1232 1559 1376 1616 declinatio
1399 1558 1509 1615 datiuns
1530 1560 1557 1613 in

255 1644 417 1700 terminatus
440 1643 590 1716 corripitur
610 1652 643 1702 st
665 1645 770 1701 arcasin
793 1644 921 1716 (optime:
946 1654 975 1701 ut
991 1646 1140 1703 Arcadibus
1156 1638 1337 1717 Pntsclriustl
1436 1642 1474 1700 16
1492 1641 1557 1699 alio·

255 1731 321 1802 quin
340 1759 376 1770 -
395 1727 476 1784 llnsis
499 1745 553 1789 om.
621 1729 659 1785 17
684 1729 717 1785 dc
740 1731 898 1787 accusatiuo
921 1730 1088 1804 pluralium.
1155 1729 1195 1786 21
1219 1728 1385 1785 etiemiuini
1409 1736 1439 1784 nt
1459 1729 1557 1785 doctos

255 1828 346 1869 musas
369 1830 429 1870 curn
453 1814 563 1886 generis
586 1815 677 1869 neutri
700 1813 793 1870 breuis
815 1823 859 1870 est
924 1814 963 1870 22
987 1815 1014 1871 in
1037 1815 1128 1888 grecis
1151 1813 1335 1870 sias-luerit
1399 1812 1440 1869 24
1463 1813 1557 1886 singu·

254 1896 305 1952 lari
328 1899 435 1954 uenerit
456 1916 487 1956 os
510 1897 603 1955 linitus
670 1897 709 1955 25
733 1907 763 1955 ut
786 1900 899 1956 arcados
923 1900 1035 1956 arcadus
1057 1890 1124 1956 alias
1146 1900 1342 1973 productiones
1365 1906 1505 1955 mutantur
1528 1907 1558 1953 ut

254 1998 355 2039 musas.
399 1985 434 2038 lle
457 1985 627 2057 pronomine.
671 1983 841 2042 llominatius
871 1985 1019 2059 singularis
1048 1987 1074 2040 in
1098 1983 1224 2040 omnibus
1247 1983 1396 2057 corripitur
1418 1985 1557 2057 pronomi-

255 2066 336 2124 nibus
365 2067 488 2142 esceptis
516 2067 623 2126 duobus
710 2067 750 2126 34
774 2071 782 2124 i
806 2069 887 2126 uele
952 2079 983 2125 ut
1006 2072 1057 2126 mei
1080 2070 1125 2125 nel
1154 2085 1229 2125 meae
1316 2067 1355 2126 35
1380 2067 1558 2141 singulariter

254 2168 362 2226 semper
384 2154 535 2227 productus
559 2163 601 2209 est
634 2207 637 2214 ,
672 2153 711 2212 37
735 2155 776 2209 bis
799 2171 852 2210 om.
911 2154 962 2211 sibi
985 2165 1032 2211 ant
1054 2171 1115 2211 cum
1137 2169 1289 2227 pronomen
1312 2170 1327 2208 c
1349 2152 1440 2209 littera
1464 2153 1557 2208 termi-

254 2245 335 2293 natur
359 2238 461 2296 uocalis
484 2238 575 2294 statim
593 2237 780 2311 subsequitur.
805 2248 909 2296 tantum
926 2239 971 2296 liic
993 2241 1117 2297 comunis
1140 2247 1182 2295 ιιι
1205 2237 1308 2294 sillaba.
1332 2254 1393 2295 nam
1416 2239 1469 2294 boc
1483 2237 1557 2293 huuc

254 2321 307 2378 alia
330 2322 401 2378 ratio
425 2331 477 2380 ιιι.
515 2321 657 2380 Ofinitum
680 2323 872 2397 quodcumque
899 2326 1039 2380 inueneris
1066 2324 1203 2381 adiaioros
1227 2331 1269 2379 est
1291 2322 1344 2379 hoc
1366 2331 1410 2378 est
1432 2323 1557 2378 comunis

254 2406 358 2480 absque
380 2407 473 2464 datiuo
496 2417 523 2464 ιι
547 2407 669 2465 ablatiuo
692 2426 767 2465 casu.
812 2411 990 2465 Accusatiuus
1019 2408 1167 2483 singularis
1253 2407 1292 2464 39
1321 2417 1351 2464 nt
1378 2405 1455 2463 illum
1483 2405 1557 2462 illam

254 2492 375 2566 exceptis
398 2509 440 2549 mc
463 2502 489 2549 te
512 2509 550 2549 se.
616 2492 657 2548 44
682 2495 824 2550 terminata
890 2493 931 2550 45
955 2493 1069 2568 pluralis
1092 2510 1201 2567 semper
1221 2493 1371 2565 corripitur
1393 2499 1424 2547 ut
1446 2491 1558 2547 illorum

255 2577 378 2651 ipsorum
456 2577 497 2634 46
520 2577 618 2635 sibus
641 2578 744 2634 luerint
767 2580 902 2636 terminati
925 2578 1025 2636 breues
1048 2588 1112 2636 sunt
1135 2578 1288 2652 atquibus
1311 2585 1339 2633 ιι
1360 2593 1375 2632 ι
1398 2574 1508 2651 quibus.
1532 2577 1557 2632 si

254 2664 277 2718 is
300 2663 491 2736 producuntur
514 2671 544 2718 ut
566 2660 620 2719 illis
643 2661 726 2734 etab
749 2662 812 2720 illis.
857 2665 892 2719 lle
915 2664 1010 2721 uerbo.
1055 2664 1083 2719 ln
1107 2664 1232 2720 omnibus
1254 2659 1351 2718 modis.

341 2778 412 2840 Tali
431 2781 527 2853 iqitur
541 2778 662 2840 Donato
680 2797 751 2840 astu
773 2785 817 2842 est
838 2781 980 2841 Iulianus
999 2782 1233 2856 qrammaticas,
1255 2795 1323 2840 cum
1349 2785 1446 2837 artem
1467 2794 1557 2838 suam

253 2881 419 2954 scribebat,
455 2879 500 2952 cf.
524 2881 643 2942 Iuliani
668 2890 816 2958 excerpta
847 2884 980 2943 Gramm.
1003 2881 1072 2942 Lat.
1097 2883 1157 2943 ιιι.
1189 2881 1264 2956 Vp.
1290 2887 1348 2939 320
1369 2881 1409 2940 K.
1454 2879 1560 2954 Neque

254 2984 349 3056 iqitur
371 2984 433 3042 iam
457 2998 533 3057 opus
553 2991 610 3056 est,
638 2989 672 3043 ut
698 2985 790 3057 illud,
822 3001 881 3059 quo
904 2985 1021 3045 Keilius
1042 2983 1228 3058 consuqerat
1243 2979 1351 3058 praef.
1375 2981 1420 3040 ad
1439 2982 1556 3041 Iulian.

252 3101 284 3160 p.
310 3089 382 3156 315,
412 3085 640 3159 amplectamur,
671 3085 827 3145 Iulianum
855 3087 973 3146 Donati
999 3089 1118 3146 nomine
1147 3085 1333 3144 Victorinum
1355 3083 1394 3142 de
1413 3083 1559 3154 finalibus

254 3188 434 3260 explicasse.
480 3185 565 3245 Hace
592 3188 670 3245 enim
697 3203 757 3245 non
785 3202 826 3246 ear
853 3189 915 3247 alia
949 3187 1080 3261 quodam
1108 3189 1259 3247 Victorini
1289 3185 1369 3245 libro
1401 3183 1557 3244 tatianum

250 3289 388 3362 petiisse,
413 3287 468 3347 sed
487 3305 528 3346 aaa
550 3289 653 3360 aliquo
668 3287 784 3347 aaran
802 3289 896 3362 ipsius
909 3289 1013 3348 coelice
1027 3289 1100 3347 libri
1113 3289 1277 3347 Bernensis
1291 3287 1441 3346 consimili
1451 3283 1557 3356 forma

251 3390 417 3464 praeclare
438 3391 645 3461 conficiantur.
691 3392 788 3464 Atque
810 3390 844 3450 id
864 3391 908 3450 ita
929 3407 962 3449 se
983 3389 1095 3449 labem
1116 3390 1188 3448 inde
1209 3405 1326 3463 quaque
1348 3383 1441 3462 uides,
1465 3388 1557 3462 quoa,

151 3571 155 3578 ι
254 3507 333 3564 quae
353 3491 508 3551 Iulianum
527 3507 560 3566 p.
579 3496 637 3550 ιιι
651 3492 691 3551 K.
715 3493 747 3550 in
767 3507 834 3550 eam
852 3497 974 3566 partem
996 3496 1227 3551 commentatam
1249 3505 1312 3549 esse
1333 3489 1500 3566 cemimus,
1523 3491 1558 3549 in

255 3593 434 3667 artioraplu'
446 3593 571 3652 Iuliano
592 3593 697 3651 similis
711 3593 815 3654 cadiae
830 3592 993 3666 Bernensr',
1018 3593 1120 3653 eodem
1136 3594 1202 3668 ipso
1216 3591 1296 3651 libro
1312 3596 1378 3658 207,
1387 3606 1424 3664 p.
1435 3585 1555 3663 telseq.

254 3696 298 3753 ita
325 3694 442 3770 scripta
468 3699 552 3766 sunt,
582 3700 615 3752 at
642 3709 710 3754 aum
738 3695 793 3754 ista
820 3695 936 3754 Donati
961 3693 1171 3755 additamento
1197 3693 1347 3753 Bemaensi
1367 3691 1412 3751 aa
1432 3691 1557 3752 uerbum

252 3811 353 3872 paerae
373 3797 563 3872 conspirent,
586 3793 631 3866 cf.
656 3793 745 3867 infra
764 3798 864 3872 partis
884 3797 994 3856 tertiae
1015 3812 1087 3873 cap.
1117 3796 1188 3856 VII.

243 3963 246 3970 .
339 3915 417 3975 Inde
429 3913 504 3987 af.
531 3919 586 3972 13⁰
607 3913 723 3974 Donati
743 3929 796 3974 ars
817 3917 958 3989 uulqaris
979 3917 1177 3976 continuatur
1197 3914 1236 3973 ab
1259 3914 1345 3973 initio
1365 3913 1488 3972 mutila·
1510 3915 1555 3972 in-

254 4018 329 4092 cipit
350 4020 429 4078 enim
451 4034 471 4077 a
493 4016 609 4077 uerbis:
633 4016 826 4094 ‘productam
848 4018 985 4077 uocatam
1006 4016 1170 4077 nabebunt’
1188 4033 1225 4091 p.
1251 4021 1315 4088 371,
1332 4021 1369 4072 ιι
1390 4016 1440 4094 K,
1463 4020 1499 4075 ut
1519 4017 1555 4090 si,

255 4135 332 4194 quae
353 4135 394 4178 era
421 4126 557 4180 tractata
578 4120 616 4179 da
635 4118 778 4190 finalibus
806 4121 911 4178 relicta
939 4125 1026 4191 sunt,
1060 4119 1250 4192 consideres,
1285 4118 1346 4176 duo
1372 4116 1445 4189 fere
1474 4116 1555 4189 falia

255 4220 446 4281 intercidisse
465 4223 643 4296 suspiceris:
666 4228 695 4280 et
717 4237 829 4281 reuera
850 4221 941 4281 bodie
958 4219 988 4294 f.
1007 4227 1044 4279 12
1057 4228 1087 4280 et
1096 4218 1126 4292 f.
1148 4225 1183 4277 ιι
1203 4219 1302 4278 medio
1323 4220 1467 4278 terrionis
1486 4219 1555 4278 laco

254 4323 355 4398 posita
377 4328 455 4394 sunt,
478 4338 545 4382 cum
568 4325 647 4383 alias
669 4325 881 4398 quaterniones
903 4323 973 4383 iusti
991 4322 1173 4394 habeantur,
1198 4328 1231 4381 ut
1252 4335 1357 4380 ueram
1379 4335 1435 4379 nos
1455 4323 1554 4380 core-

255 4426 331 4484 cisse
351 4429 477 4499 pateat,
508 4440 586 4499 quae
612 4424 731 4500 quidem
758 4423 820 4483 duo
838 4420 919 4495 salia
947 4425 1072 4498 antiquo
1093 4425 1155 4484 iam
1177 4430 1310 4500 tempore
1324 4424 1457 4499 periisse
1484 4421 1555 4482 inde

255 4524 400 4600 efficitur,
431 4527 513 4598 quoa
534 4533 651 4586 aretusta
672 4528 727 4587 illa
743 4526 909 4601 papinatio
931 4527 974 4585 ad
993 4526 1146 4586 saeculum
1168 4525 1315 4585 decimum
1337 4532 1479 4600 quartum
1501 4533 1556 4586 aut

256 4629 392 4706 quintum
419 4627 585 4700 referenda
613 4631 754 4689 lacunam
784 4629 905 4688 omnino
933 4631 1078 4704 neclexit.
1123 4627 1253 4702 Reliqua
1281 4645 1375 4702 usque
1402 4629 1445 4687 acl
1464 4629 1555 4698 finon
1647 4679 1664 4692 .,

255 4729 485 4804 barbarismis.
514 4735 567 4787 ιιι
588 4746 656 4789 cum
678 4733 764 4790 editis
780 4731 878 4806 plane
899 4733 1098 4791 consentiunt.
