3394 5448
517 365 802 416 machaeram
821 363 1000 414 umorum.
1160 369 1162 372 ·
1347 361 1407 424 221

105 556 156 616 hic
179 554 313 615 Donatus
334 551 583 632 ¹comprehendit,
614 552 832 613 Priscianus
860 553 889 624 iu
919 558 1057 631 quattuor
1085 550 1190 612 diuidit
1218 551 1409 619 differentias,

105 639 294 717 articulatam
319 653 458 716 uidelicet
480 661 510 714 et
532 653 763 725 inarticulatam,
787 654 946 714 litteratam
968 663 996 714 et
1011 651 1206 721 illitteratam,
1231 669 1307 729 quae
1323 651 1410 711 binae

104 759 237 819 inuicem
266 759 443 818 coniunctae
470 754 542 817 alias
570 763 709 836 quattuor
737 756 773 817 de
801 774 833 816 se
862 755 1004 816 reddunt:
1035 754 1189 815 articulata
1220 763 1249 814 et
1271 754 1408 822 litterata,

106 867 139 920 ut
164 869 222 921 est:
253 877 351 921 arma
382 860 579 936 uirumque
602 875 705 926 cano,
738 876 812 936 quae
836 856 990 917 articulata
1015 865 1138 918 uocatur
1161 875 1197 916 eo
1220 855 1298 932 quod
1323 855 1408 915 intel-

77 959 159 1040 sligi
183 969 294 1043 potest,
323 959 451 1021 litterata
475 978 547 1020 uero
571 978 606 1020 eo
629 961 706 1040 quod
730 959 830 1021 scribi.
875 958 1034 1021 articulata
1058 965 1087 1018 et
1110 957 1274 1022 illitterata,
1304 966 1335 1016 ut
1358 975 1409 1035 ge-

106 1065 201 1124 mitus
224 1063 377 1124 hominum
402 1071 432 1122 et
453 1061 567 1123 sibilus.
606 1061 745 1124 Litterata
768 1070 798 1123 ιι
819 1059 1004 1122 inarticulata
1022 1067 1080 1128 est,
1103 1061 1178 1121 sicut
1194 1078 1251 1120 uox
1268 1076 1407 1119 ranarum

104 1175 137 1226 et
160 1183 336 1235 cornorum,
361 1173 393 1224 ut
415 1183 488 1224 coar
511 1181 576 1232 cra,
601 1181 675 1240 quac
691 1164 848 1234 scribitur,
873 1161 924 1224 sed
947 1180 1006 1222 non
1021 1160 1209 1239 intelligitur.
1231 1224 1233 1229 ,
1256 1159 1407 1222 illitterata

102 1275 134 1326 et
164 1267 366 1336 inarticulata,
401 1284 476 1346 quac
506 1283 561 1326 uec
589 1265 733 1327 scribitur
761 1282 816 1326 nec
843 1263 968 1343 intelligi
996 1271 1106 1343 potest,
1136 1265 1213 1324 sicut
1241 1262 1409 1322 collisiones

105 1377 276 1449 petrarum,
301 1386 407 1429 cursus
430 1369 600 1436 llumiuum,
624 1370 739 1429 sonitus
763 1369 973 1428 tonitruorum.

68 1576 91 1613 ro
635 1554 683 1614 DE
707 1553 879 1615 Ll'l'TERA.

197 1675 267 1736 Post
288 1693 407 1743 uocem,
430 1673 502 1753 quid
518 1675 558 1733 sit
573 1674 687 1742 littera,
712 1673 845 1732 dcliuiuit
860 1684 890 1734 et
906 1671 982 1734 bene
998 1683 1066 1752 post
1082 1691 1201 1742 uocant,
1226 1673 1293 1751 quia
1310 1669 1407 1732 littera

105 1782 228 1856 siguum
253 1786 299 1838 est
320 1778 411 1837 nocie.
456 1777 545 1854 Signa
569 1782 666 1835 autem
690 1780 760 1834 sunt
781 1781 832 1834 aut
854 1776 937 1852 signa
953 1791 1053 1835 rerum
1071 1783 1120 1835 ant
1135 1777 1218 1852 signa
1242 1776 1407 1852 signorum.

106 1879 228 1940 ‘Terra'
252 1880 330 1939 enim
347 1879 464 1956 signum
480 1885 525 1938 cst
539 1879 598 1945 rei,
622 1875 697 1936 idest
720 1874 910 1945 substantiae,
934 1874 1049 1937 litterae
1073 1883 1181 1945 autem,
1205 1874 1313 1953 quibus
1335 1872 1407 1934 illud

104 1999 217 2042 nomen
233 1981 312 2060 quod
329 1988 374 2040 est
390 1983 495 2040 ‘terra’
511 1979 661 2047 scribitur,
687 1978 770 2056 signa
792 1985 862 2040 sunt
884 1979 977 2056 signi,
1000 1977 1078 2038 idest
1093 1977 1221 2037 nominis
1236 1993 1299 2036 rem
1315 1977 1407 2054 signi-

68 2103 91 2140 ιι
105 2084 234 2144 licentis.
281 2083 364 2143 bicta
389 2079 401 2162 ly
422 2077 483 2140 142
500 2077 513 2162 ll
537 2090 635 2141 autem
664 2078 761 2140 littera
789 2080 836 2141 uel
866 2098 881 2140 a
905 2080 1017 2148 lituris,
1046 2078 1124 2140 idest
1154 2076 1260 2139 tabulis
1283 2079 1406 2138 ceratis:

106 2197 177 2244 nam
207 2183 313 2244 liturae
342 2189 411 2244 sunt
440 2181 556 2244 tabulae
585 2189 717 2250 ceratae,
748 2181 911 2262 inquibus
939 2181 1110 2242 scribebant
1138 2179 1252 2259 antiqui
1276 2198 1309 2240 ea
1333 2196 1408 2259 quae

103 2284 318 2364 excogitabant
347 2294 376 2346 et
405 2287 531 2345 maxime
560 2287 589 2343 iu
621 2283 772 2354 noctibus,
806 2283 854 2345 uel
888 2283 966 2361 quod
1001 2282 1118 2362 legendi
1151 2282 1208 2342 iter
1241 2279 1408 2360 legentibus

103 2386 265 2468 praebeam
294 2387 341 2447 uel
363 2388 462 2448 littera
485 2386 594 2447 dicitur
622 2387 705 2464 quasi
733 2386 871 2464 legitera,
902 2405 937 2446 eo
960 2384 1040 2464 quod
1068 2386 1096 2444 in
1122 2401 1211 2444 uersu
1234 2383 1407 2461 frequenter

104 2493 243 2552 iteretur.
295 2489 473 2550 Litterarum
507 2489 598 2567 igitur
635 2488 748 2550 diuersi
779 2494 949 2568 repertores
981 2489 1076 2549 luere.
1133 2487 1249 2548 Primus
1279 2502 1408 2562 namque

66 2613 90 2650 ιι
105 2592 212 2654 Enoch
237 2593 380 2671 septimus
402 2588 439 2650 ab
462 2589 554 2651 Adam
577 2589 690 2652 litteras
712 2591 881 2670 repperisse
898 2589 1016 2656 dicitur,
1033 2587 1112 2650 unde
1128 2589 1156 2648 iu
1174 2588 1295 2668 epistola
1318 2586 1407 2648 ludae

105 2693 234 2772 legitur:
260 2693 359 2753 sicut
381 2691 537 2771 scripsit
560 2695 744 2771 septimus
765 2691 808 2752 ab
832 2691 950 2752 hdam.
996 2689 1109 2751 Deinde
1132 2689 1224 2751 Cham
1246 2689 1322 2750 filins
1345 2689 1407 2750 Noe

103 2812 308 2877 praenoscens
337 2792 546 2874 cataclysmum
576 2811 641 2855 esse
671 2794 802 2856 loturum
825 2794 895 2854 lecit
918 2791 991 2854 duas
1013 2791 1181 2862 columnas,
1211 2809 1298 2853 uuam
1329 2807 1407 2852 mar-

103 2917 242 2960 moream
273 2898 407 2977 quaein
435 2913 509 2975 aqua
538 2904 721 2966 seruaretur,
751 2905 780 2957 et
809 2893 931 2957 alteram
960 2893 1141 2963 latericiam,
1176 2911 1251 2971 quae
1280 2894 1310 2952 in
1337 2893 1407 2970 igne

103 3001 244 3069 duraret,
270 2997 377 3079 qrribus
400 3005 514 3076 septem
537 3004 617 3058 artes
640 2996 778 3060 liberales
800 2997 922 3060 tradidit
943 3005 976 3058 ut
998 3003 1066 3078 post
1092 2995 1234 3058 diluuium
1263 2992 1407 3055 stoliditas

64 3125 89 3163 ιι
104 3103 265 3164 hominum
292 3099 453 3182 pelleretur
476 3106 505 3159 et
526 3117 651 3160 acumen
678 3101 791 3178 ingenii
819 3107 1020 3162 exerceretur.
1064 3098 1169 3160 Postea
1192 3097 1309 3176 Moyses
1337 3095 1407 3158 alias

102 3205 243 3286 repperit
269 3203 382 3265 litteras
403 3205 435 3263 in
458 3211 559 3264 monte
582 3203 665 3262 Sinai
687 3202 780 3280 digito
808 3200 856 3262 dei
884 3203 1024 3281 scriptas,
1053 3218 1127 3281 quac
1156 3218 1249 3279 usquc
1273 3199 1310 3261 ad
1333 3206 1406 3259 tcm-

103 3325 178 3386 pora
204 3304 336 3366 hesdrae
364 3305 561 3375 durauerant,
589 3303 697 3384 quibus
724 3323 804 3366 nunc
826 3304 991 3366 Samaritae
1021 3309 1153 3364 utuntur.
1197 3301 1310 3363 Deinde
1333 3300 1406 3362 llas·

102 3409 176 3470 dras
199 3409 315 3469 inuenit
337 3406 410 3470 alias
432 3408 562 3469 leniores
578 3415 608 3468 et
622 3406 772 3468 laciliores
787 3404 824 3468 ad
839 3405 1045 3476 scribendum,
1069 3404 1178 3486 quibus
1192 3402 1294 3466 ludaei
1317 3410 1406 3465 utun·

102 3520 163 3573 tur.
199 3510 383 3572 Graecorum
401 3528 473 3570 uero
495 3510 609 3572 litteras
625 3509 789 3571 Phoenices
810 3516 1018 3591 reppererunt,
1043 3507 1122 3584 uude
1144 3508 1175 3566 in
1198 3506 1292 3566 initiis
1314 3503 1406 3565 libro-

65 3635 89 3672 ιι
103 3631 173 3674 rum
199 3611 369 3672 Phoeniceo
392 3610 492 3672 colore
515 3611 593 3673 idest
615 3613 706 3673 minio
728 3611 901 3673 scribuntur
923 3611 1049 3674 litterae.
1094 3609 1275 3671 Latinorum·
1289 3623 1407 3685 quoque

102 3718 222 3777 litteras
249 3713 414 3775 Carmentis
441 3714 570 3793 nympha
598 3713 763 3776 Nicostrata
792 3723 888 3776 mater
909 3713 1040 3776 Euandri
1069 3713 1193 3774 inuenit.
1237 3709 1406 3770 Carmentis

101 3825 206 3878 autem
230 3815 318 3886 dicta,
342 3816 477 3895 eoquod
507 3817 605 3878 lutura
633 3817 814 3878 carminibus
844 3816 984 3885 canebat:
1018 3814 1147 3896 nympha
1182 3810 1288 3873 dicitur
1320 3813 1406 3890 quasi

101 3919 242 4002 lympha,
266 3917 345 3980 idest
366 3935 456 3996 aqua,
480 3920 548 3998 quia
571 3921 648 3980 sicut
669 3938 745 4000 aqua
767 3919 911 3999 sapientia
935 3918 1098 3979 dillluebat.
1142 3914 1308 3975 Nicostrata
1332 3931 1405 3974 uero

102 4023 185 4084 idest
205 4021 374 4086 uictoriosa,
420 4017 510 4101 Νίκη
533 4023 612 4082 enim
628 4021 742 4083 Graece
766 4023 890 4083 uictoria
915 4019 927 4102 ll
946 4017 1006 4082 143
1024 4017 1038 4103 ll
1062 4019 1181 4088 Latine,
1204 4017 1253 4078 uel
1268 4015 1405 4094 gladiata,

64 4143 139 4185 eaeo
164 4123 248 4204 quod
276 4125 389 4201 ingenii
422 4125 559 4186 acumine
593 4123 719 4202 uigebat.
764 4124 894 4186 Aliarum
926 4142 1044 4204 quoque
1076 4122 1193 4184 litterae
1225 4121 1360 4200 gentium
1389 4139 1406 4180 a

102 4226 237 4288 diuersis
259 4225 431 4287 auctoribus
446 4233 585 4305 repertae
600 4234 684 4296 sunt,
708 4227 785 4290 sicut
800 4227 963 4289 Gothorum
980 4226 1094 4288 litteras
1109 4221 1232 4286 Goltllus
1248 4223 1406 4304 episcopus

103 4331 251 4411 repperit.
296 4331 410 4389 Genera
434 4329 522 4389 etiam
546 4327 710 4392 litterarum
734 4329 853 4393 diuersa
875 4335 951 4390 sunt.
997 4326 1149 4400 Quaedam
1172 4327 1252 4388 enim
1274 4325 1406 4386 unciales

175 4590 189 4634 1
209 4580 367 4648 Priscianus]
388 4583 404 4634 1
419 4601 448 4649 p.
467 4589 496 4646 5,
514 4585 584 4634 511.
653 4585 669 4632 2
688 4584 821 4634 litteratam
839 4583 982 4634 illiteratum
1055 4578 1229 4650 81p¹literata
1246 4580 1406 4632 inarticulata

103 4653 326 4723 iltionitruorum
414 4655 444 4702 11
463 4651 600 4712 dilflniuit,
617 4653 656 4703 aie
672 4667 772 4716 seraper
840 4653 873 4702 22
891 4653 1066 4703 cataclismum
1152 4653 1186 4701 25
1203 4665 1307 4714 moyses
1325 4664 1406 4714 supro

102 4725 197 4773 ιίιιιαιιι
283 4723 316 4770 26
334 4720 441 4786 replerit
525 4722 558 4770 29
576 4735 709 4786 grecorum
779 4720 911 4784 ph⁰eniccs
980 4726 1142 4786 replererunt
1218 4721 1251 4769 30
1269 4719 1405 4784 ph⁰eniceo

102 4787 638 4856 biuimpha,cs.1aidor.0riy.ld,1
707 4791 740 4840 32
758 4787 864 4854 nimphe
932 4791 966 4841 33
984 4787 1081 4855 limpha
1150 4789 1184 4838 34
1201 4784 1280 4836 Niche
1331 4801 1407 4853 grece

103 4859 268 4927 arreptam
