3390 5444
254 243 315 310 106
772 242 840 296 aas
858 242 1034 296 anonam

251 435 369 497 cetera?
406 435 491 508 Quod
512 435 553 494 ita
575 432 714 496 soluitur:
739 434 768 494 in
792 431 914 494 Graecis
936 432 1182 496 nominibus'eus
1204 452 1262 496 una
1285 431 1396 514 syllaba
1419 441 1478 494 est.

252 558 284 608 e,
308 537 363 599 alia
386 535 497 618 syllaba
519 555 568 607 us,
592 544 626 598 ut
647 553 770 597 urceus:
794 535 852 596 lroc
876 536 954 596 enim
978 553 1086 597 nomen
1108 535 1309 618 trissyllabum
1332 544 1385 605 est,
1409 534 1556 614 Orpbeus

251 647 350 702 autem
373 637 565 720 dissyllabum
588 645 642 700 ast.
685 636 759 698 ltern
788 638 907 698 nomina
936 637 1047 699 Graeca
1076 640 1107 699 in
1135 656 1188 700 eus
1216 637 1381 699 desinentia
1411 639 1555 699 uocatiuo

258 790 399 806 ......
421 742 533 804 Latina
555 739 672 802 indua
696 758 713 800 e
735 741 941 807 terminantur,
971 746 1004 800 ut
1026 759 1043 800 o
1066 739 1172 819 lignee.
1224 740 1298 802 ltem
1327 743 1359 801 in
1386 741 1445 801 ium
1474 746 1554 817 quot

251 862 362 923 genera
391 843 587 904 inueniuntur
614 844 645 903 in
674 839 804 902 secunda
832 839 1048 904 declinatione?
1096 841 1175 913 lluo,
1202 843 1341 904 leminioa
1371 850 1401 903 et
1428 847 1582 902 neutra:s

252 947 408 1018 feminina,
440 942 675 1025 utGlycerium.
719 942 791 1005 lnde
819 943 984 1005 Donatus
1012 943 1096 1004 dicit:
1135 944 1227 1006 Sunt
1253 951 1449 1022 praeterea
1477 941 1554 1004 alia

252 1050 398 1110 nomina
421 1065 512 1109 sooo
535 1053 681 1117 neutra,
711 1044 914 1107 intellectu
936 1045 1134 1123 leminina,
1158 1055 1197 1107 ut
1219 1046 1438 1107 Sofronium
1461 1045 1554 1106 Fro-

253 1153 395 1213 nesium
427 1148 651 1229 Glycerium.
695 1149 775 1209 llaec
804 1154 901 1208 autem
924 1147 979 1207 tria
1002 1148 1265 1228 proprianomina
1288 1153 1358 1208 sunt
1380 1147 1552 1209 mulierum.

251 1253 288 1314 Et
310 1259 448 1314 neutrum
471 1269 562 1313 unum
587 1269 696 1311 nomen
719 1247 941 1330 appellatiuum,
965 1256 998 1309 ut
1020 1249 1076 1310 hoc
1092 1258 1240 1320 scortum,
1264 1250 1320 1311 hoc
1337 1258 1381 1311 est
1398 1251 1553 1312 meretrix.

251 1355 328 1416 llinc
350 1352 414 1416 lob
431 1353 517 1414 dixit:
540 1371 631 1414 uxor
653 1370 731 1413 mea
754 1353 803 1412 sit
824 1357 987 1413 scortum
1012 1351 1184 1432 alterius,
1209 1360 1238 1413 et
1254 1351 1443 1414 Salomon:
1466 1371 1552 1433 pre·
1569 1367 1594 1406 ιο

252 1459 339 1518 tium
362 1457 483 1518 scorti
506 1456 565 1517 uix
589 1472 684 1516 unus
705 1455 820 1534 panis.
865 1453 976 1515 Neutra
999 1456 1031 1516 in
1054 1472 1119 1524 um,
1148 1463 1177 1515 ut
1201 1455 1258 1515 boc
1280 1453 1423 1534 templum
1446 1453 1555 1534 templi

252 1558 363 1640 templo
391 1539 534 1638 templum
565 1555 708 1637 templum
732 1576 747 1618 a
770 1554 882 1636 templo
905 1561 933 1616 et
955 1554 1062 1636 plurali
1090 1555 1200 1635 templa
1228 1555 1408 1636 templorum
1430 1555 1553 1637 templis

249 1659 360 1742 templa
387 1647 496 1739 templa
523 1677 539 1720 a
563 1657 689 1739 templis,
734 1657 783 1719 Sic
811 1656 976 1719 declinatur
1005 1657 1116 1720 donum
1144 1667 1294 1739 sceptrum
1322 1657 1551 1721 tabernaculum

186 1770 189 1780 '
251 1762 377 1825 uerbum
406 1760 609 1823 holocaustum
637 1767 808 1841 portentum
837 1765 950 1826 uotum.
994 1759 1067 1822 item
1096 1762 1127 1821 in
1154 1762 1231 1833 ium,
1261 1771 1294 1824 ut
1322 1762 1379 1822 hoc
1405 1761 1551 1822 ieiunium

250 1865 407 1947 prandium
430 1862 586 1926 consilium
609 1860 796 1940 euangelium
818 1861 995 1923 sacrificium
1019 1869 1047 1922 et
1069 1868 1179 1934 cetera,
1204 1871 1233 1924 et
1255 1864 1354 1924 omnia
1377 1863 1498 1925 nomina
1517 1865 1551 1926 in
1567 1877 1592 1918 1⁵

249 1987 301 2030 urn
333 1966 382 2029 uel
415 1968 446 2028 in
477 1968 541 2028 ium
573 1965 737 2027 desinentia
771 1962 919 2025 secundae
953 1963 1158 2026 declinationis
1186 1973 1266 2027 sunt.
1315 1965 1476 2028 Sciendum
1505 1973 1553 2028 est
1621 1975 1636 2002 ⁸·

249 2078 348 2130 autem
371 2067 408 2129 de
430 2067 482 2128 illo
504 2069 634 2136 nomine,
657 2064 735 2147 quod
759 2073 804 2126 est
825 2064 984 2136 balineum,
1009 2065 1088 2144 quod
1110 2067 1140 2128 in
1163 2066 1306 2146 singulari
1328 2086 1454 2128 numero
1474 2085 1552 2129 neu·

251 2179 329 2232 trum
352 2179 398 2231 est
419 2177 448 2231 et
469 2168 618 2230 secundae
641 2167 857 2236 declinationis,
880 2169 911 2229 in
933 2166 1039 2247 plurali
1060 2186 1134 2230 uero
1157 2186 1282 2231 numero
1304 2171 1489 2260 femininum·
1504 2177 1554 2231 est

251 2281 281 2334 ot
303 2274 417 2353 primae
439 2271 645 2333 declinationis
668 2277 697 2330 et
722 2271 766 2331 sic
787 2267 966 2330 declinatur:
990 2267 1047 2330 boc
1068 2269 1217 2332 balineum
1240 2271 1328 2334 huius
1348 2271 1458 2332 balinei
1478 2270 1553 2332 huic

251 2374 370 2437 balineo
398 2374 454 2436 hoc
483 2372 633 2435 balineum
656 2393 674 2434 o
696 2370 846 2433 balineum
870 2369 907 2431 ab
930 2369 986 2431 boc
1014 2370 1132 2434 balineo
1155 2382 1185 2435 et
1206 2372 1314 2454 plurali
1336 2374 1393 2434 bae
1415 2373 1552 2435 balineae
1567 2389 1594 2429 ao

251 2475 356 2539 barum
379 2476 563 2539 balinearum
586 2474 632 2537 bia
653 2474 780 2537 balineis
802 2472 855 2534 bas
877 2472 1009 2535 balineas
1031 2492 1049 2534 o
1071 2473 1207 2536 balineae
1228 2475 1266 2536 ab
1282 2471 1334 2537 ¹bis
1356 2475 1499 2551 balineis,
1521 2482 1555 2535 et

250 2581 295 2640 sic
323 2579 410 2640 etiam
439 2586 469 2666 et
495 2580 654 2660 ‘porrum'
678 2583 817 2638 neutrum
840 2593 949 2636 nomen
977 2583 1025 2638 est
1052 2582 1081 2636 et
1108 2577 1257 2639 secundae
1284 2576 1490 2639 declinationis
1517 2579 1552 2637 in

169 2717 173 2724 ·
250 2680 395 2760 singulari
416 2697 544 2742 numero
552 2725 682 2748 .......
706 2679 736 2739 in
752 2676 859 2758 plurali
882 2695 956 2739 uero
979 2677 1153 2740 femininum
1176 2679 1247 2742 iacit
1269 2687 1299 2741 et
1320 2681 1435 2760 primae
1458 2677 1553 2740 decli-

251 2785 379 2846 nationis
400 2790 460 2846 est:
490 2782 547 2843 hae
562 2793 665 2861 ‘cepae
693 2780 799 2842 harum
828 2797 970 2859 ceparum
994 2787 1160 2852 electura,
1189 2782 1325 2860 quamuis
1354 2782 1556 2861 antiquissimi

250 2886 313 2947 ina
336 2902 453 2965 quoque
475 2881 655 2963 singularem
679 2899 836 2944 numerum
858 2881 1001 2943 leminino
1023 2889 1134 2961 genere
1157 2886 1256 2963 ‘cepa'
1278 2884 1440 2963 protulisse
1462 2885 1550 2945 inue·
1566 2897 1595 2937 ὕ
1693 2892 1694 2934 ῑ

251 2987 386 3051 aluntur.
431 2985 612 3047 Naeuius:
635 2983 740 3046 illum
764 2983 798 3045 di
821 2983 962 3056 ierant,
985 2987 1046 3065 qul
1067 2987 1225 3065 primum
1248 2984 1389 3047 bolitor
1411 3003 1551 3063 cepam.

250 3087 436 3150 Lucilius:
459 3085 583 3167 lippus
607 3085 750 3147 edenda
773 3087 850 3148 acri
873 3086 1023 3148 assidue
1053 3088 1228 3167 ceparius
1250 3104 1350 3168 cepa.
1395 3088 1553 3167 Frequen-

251 3191 310 3250 tior
325 3195 423 3251 tamcn
439 3207 510 3250 usus
525 3188 595 3250 ‘boc
610 3190 695 3266 cepe’
717 3187 857 3269 protulit,
881 3187 960 3267 quod
977 3190 1009 3249 in
1024 3188 1167 3268 singulari
1189 3207 1316 3252 numero
1338 3199 1479 3252 neutrum
1504 3199 1553 3251 est

142 3345 147 3354 .
251 3300 281 3353 et
301 3288 519 3354 indeclinabile.
565 3289 744 3352 Naeuius:
780 3292 840 3352 cui
872 3308 964 3369 cepe
995 3290 1137 3353 edendo
1166 3291 1298 3354 oculus
1329 3291 1427 3354 alter
1461 3309 1552 3371 pro-

250 3391 350 3456 lluit.
394 3393 468 3455 ltem
491 3395 620 3454 Varro:
645 3391 858 3455 multitaria
880 3393 919 3453 in
942 3391 1097 3472 patellis
1125 3410 1287 3473 coquere
1315 3412 1415 3474 cepe.
1461 3393 1594 3473 Cepi-³⁰

251 3497 316 3556 cius
338 3502 368 3557 et
389 3496 536 3575 capicium
559 3503 678 3557 ueteres
700 3494 850 3556 dixerunt.
889 3494 973 3556 Scire
995 3503 1094 3556 autem
1117 3495 1261 3558 debemus
1283 3498 1314 3556 in
1338 3495 1385 3556 his
1407 3497 1552 3557 termina·

250 3596 383 3659 tionibus
406 3597 554 3660 secundae
576 3596 797 3668 declinationis,
826 3615 900 3677 quas
922 3595 1049 3659 diximus
1071 3597 1228 3659 terminari
1249 3599 1280 3658 io
1303 3615 1336 3658 er
1357 3598 1388 3658 in
1412 3599 1439 3657 ir
1461 3598 1492 3658 in
1516 3614 1553 3657 us

319 3868 408 3918 leion
443 3867 543 3932 syllaba
561 3867 611 3936 eat]
631 3869 761 3920 Lacunam
777 3870 816 3920 aie
833 3871 955 3934 expleas:
973 3870 998 3918 in
1017 3868 1116 3921 Latinis
1134 3883 1195 3919 uero
1214 3883 1265 3918 una
1282 3867 1381 3933 syllaba
1399 3879 1439 3919 est
1488 3870 1554 3919 tut

251 3947 352 3986 romeos
391 3936 551 4001 trisyllabum
603 3935 715 3990 3oocai
731 3939 757 3987 in
776 3935 839 4002 dua]
860 3937 990 3987 Lacunam
1007 3939 1128 3998 indicaui,
1147 3939 1207 4004 quia
1226 3937 1382 3988 &necarunt
1399 3945 1426 3988 et
1444 3937 1554 3989 Latino·

249 4021 304 4054 raon
322 4005 445 4056 nominarem
462 4007 488 4056 in
505 4021 550 4057 ene
568 4007 712 4057 emerentiane
729 4007 860 4058 aecanos
878 4005 948 4056 inter
964 4021 993 4056 ee
1011 4007 1153 4070 conparare·
1166 4011 1256 4071 patet:
1282 4007 1381 4056 illorum
1399 4022 1445 4068 eu,
1464 4005 1552 4056 tam

250 4087 279 4123 ee
299 4073 498 4125 terminationem
515 4089 580 4129 erae.
639 4075 787 4125 terminatur
856 4074 941 4140 lignea
1010 4089 1094 4124 meum
1181 4073 1349 4139 dgligerium
1421 4071 1549 4139 Donatus]

248 4156 276 4205 p.
297 4142 358 4204 3⁷5,
377 4143 412 4190 27
480 4141 654 4193 'lsaironium
672 4141 827 4193 ironcsaium
846 4141 982 4208 gligerium
1050 4143 1067 4192 8
1085 4141 1153 4192 Haec
1170 4151 1253 4191 autem
1272 4139 1329 4204 tria]
1348 4141 1395 4191 list
1412 4141 1463 4191 lroc
1480 4141 1551 4191 biom

250 4209 311 4258 bet
328 4223 416 4274 unum,
434 4225 483 4262 om.
502 4223 619 4260 neutrum
671 4221 698 4260 ut
716 4210 778 4260 haec
830 4211 857 4259 lr’
875 4211 995 4260 meretrix
1074 4212 1105 4261 10
1123 4209 1178 4269 lob]
1197 4225 1255 4274 cap.
1275 4207 1373 4260 XXXI
1392 4211 1426 4260 10
1478 4207 1554 4259 Salo-

251 4273 324 4342 mon]
343 4277 470 4331 Prouerb.
483 4278 512 4328 V
525 4281 576 4329 262
594 4280 723 4344 praecium
793 4282 823 4329 11
843 4293 918 4330 umus
989 4281 1021 4330 15
1039 4277 1218 4344 euuangelium
1288 4280 1318 4328 l't
1336 4274 1478 4346 balineum]
1498 4277 1554 4327 bal-

249 4395 359 4456 leneom,
376 4409 478 4461 semper
528 4396 555 4446 in
573 4396 739 4464 singulariter
824 4398 856 4447 19
873 4361 987 4447 baldium
1030 4396 1132 4446 ballenii
1149 4403 1198 4448 etc.
1249 4397 1283 4446 20
1301 4393 1391 4460 plurali
1411 4411 1425 4445 e
1442 4394 1552 4444 ballenie

250 4465 281 4512 21
301 4477 373 4512 arum
442 4465 514 4514 22111
526 4465 651 4532 aingadari
670 4461 787 4530 numero]
807 4466 938 4516 Lacunam
954 4466 1040 4524 statari,
1060 4466 1119 4531 quin
1137 4466 1163 4516 in
1179 4463 1341 4529 sequentibus
1353 4479 1403 4514 non
1415 4465 1449 4514 de
1459 4479 1552 4529 porro,

249 4532 298 4582 sed
313 4531 426 4613 defle&
444 4533 530 4597 agitur
597 4536 630 4585 23
648 4543 673 4584 et
690 4533 801 4612 primum¹
819 4533 996 4584 declinationis
1008 4533 1040 4583 he
1052 4548 1114 4599 cepe
1182 4534 1216 4583 25
1232 4531 1354 4581 leminina
1371 4546 1468 4596 genera
1485 4547 1552 4648 cepa

250 4600 283 4649 26
302 4614 395 4650 namus
412 4600 480 4650 rllam
499 4599 616 4652 deterunt
633 4617 683 4664 qne
751 4600 847 4652 bolrtur
932 4603 964 4653 27
982 4611 1101 4668 nepotum
1123 4615 1187 4666 cepa
1271 4599 1305 4651 28
1323 4613 1337 4649 o
1356 4613 1418 4665 cepe
1436 4600 1554 4666 protulit

250 4667 393 4801 Ξθριιιὲιὲιέι,
411 4667 550 4804 1592111111
609 4672 642 4722 30
659 4684 763 4734 quoque
780 4685 808 4720 re
824 4683 889 4739 eppe
957 4671 989 4722 31
1008 4667 1144 4737 uexerunt]
1165 4671 1204 4720 De
1215 4667 1335 4721 uniuerso
1347 4671 1403 4720 loco
1415 4667 1451 4734 cs.
1464 4667 1552 4719 Pra'sc.
