3390 5444
737 1264 802 1347 V

34 1503 60 1542 ·
244 1459 446 1614 TETRI
472 1461 908 1562 GRAMMATICI
932 1461 1297 1562 EXOERPTA.

679 1703 831 1711 *-
1356 1643 1372 1716 i

322 1885 385 1946 Hoc
407 1904 499 1965 opus,
524 1887 629 1965 exiguo
652 1887 732 1965 quod
754 1889 853 1949 cernis
874 1890 1007 1958 tramite,
1030 1887 1134 1957 lector,

367 1987 427 2049 Iam
452 1989 557 2050 Petrus
579 1987 691 2050 domini
713 1989 783 2050 iecit
804 2006 907 2050 amore
929 1989 986 2050 eui.
1054 2044 1057 2050 .

324 2087 469 2159 Plurima,
493 2107 569 2168 quae
590 2107 749 2170 procerum
772 2090 878 2152 tribuit
897 2091 1051 2171 purganda
1074 2088 1223 2169 cylindro,

365 2189 477 2252 Ordine
498 2202 569 2253 eunt
589 2193 689 2254 forsan
713 2210 772 2253 non
795 2190 873 2254 bene
894 2191 972 2253 dieta
995 2209 1074 2252 suo„

322 2289 364 2351 Te
387 2290 502 2370 flagito,
524 2291 680 2373 precibus,
703 2292 813 2364 lector,
836 2294 862 2354 si
883 2293 1015 2354 flecteris
1036 2291 1116 2363 uliis,

363 2391 399 2453 Vt
420 2393 501 2456 diens
523 2395 635 2457 clerus:
661 2394 763 2457 ‘Petre
787 2393 901 2458 miselle
923 2393 1016 2455 uaiei'

323 2493 516 2574 Omnipotens
538 2495 676 2558 dominus
699 2495 774 2558 caeli
797 2505 955 2574 terraeque
978 2505 1096 2557 creator

363 2594 519 2659 Lentonem
540 2599 641 2660 fouent
663 2606 750 2659 noete
772 2598 881 2676 dieque
902 2599 999 2680 pium!

320 2763 374 2826 Hie
395 2779 466 2827 sunt
486 2774 570 2847 prete
592 2763 682 2839 meio,
705 2769 730 2827 si
753 2765 864 2837 eredis,
888 2765 975 2846 plene
998 2768 1122 2827 rosetis:

363 2867 454 2928 Sume
475 2885 560 2930 rosas
583 2869 735 2938 menibus,
759 2886 849 2947 corpe
872 2866 1001 2928 reiectus
1023 2868 1093 2928 iter!

321 2966 377 3038 Oui
399 2971 495 3049 cupit,
520 2987 590 3031 eece
612 2969 696 3030 bibet
717 2979 820 3032 nostro
843 2969 880 3030 de
903 2970 1020 3048 gurgite
1042 2967 1178 3048 lymphas

361 3070 564 3149 vesceturque
586 3070 661 3133 eibis
684 3089 732 3132 me
755 3070 905 3132 tribuente
928 3069 1013 3130 libri!
1073 3154 1074 3158 Ἰ

320 3171 597 3234 Des1netiniendns
619 3173 727 3236 mentis
749 3190 872 3234 seruere
895 3171 1049 3241 tenebrae,

361 3273 485 3336 Desinat
506 3283 536 3336 et
558 3273 659 3336 uerbis
680 3272 757 3336 bella
779 3275 860 3334 ciere
882 3273 958 3334 suis!

319 3373 463 3438 Probinus
485 3383 601 3452 seruet,
623 3392 698 3453 quoe
721 3383 818 3436 textus
840 3374 938 3436 littero
961 3382 1124 3444 monstrnt,

361 3476 423 3538 Rex
447 3479 585 3556 quoniam
609 3476 744 3539 Christus
766 3476 876 3556 pacifer
897 3478 962 3556 ipse
985 3476 1050 3537 init.

320 3575 445 3639 Sumere
467 3596 534 3640 nem
556 3577 646 3640 ssores
668 3581 694 3639 si
716 3585 802 3639 torua
824 3576 921 3638 fronte
942 3577 1088 3658 superbos

361 3679 404 3740 De
426 3666 473 3742 bie
495 3687 660 3761 exspectet,
685 3680 782 3741 fessus
805 3678 840 3739 ed
863 3681 922 3739 ime
944 3680 1027 3740 ruet!

320 3779 378 3842 iem
401 3783 441 3843 sii
462 3801 533 3844 uere
555 3781 650 3853 selus,
673 3783 732 3842 iem
754 3782 792 3842 sit
814 3780 972 3842 eoncordIe
996 3789 1112 3856 sancte,

361 3883 421 3945 Iern
447 3891 589 3945 resonent
610 3884 699 3944 costis
722 3880 813 3944 uerba
836 3880 922 3943 beate
944 3881 1055 3943 modis!

175 4087 232 4138 DE
256 4083 511 4138 SIMILITVDINE
535 4086 675 4138 PRIMAE
698 4086 886 4137 LITTERAE
909 4084 1046 4136 AETATI
1068 4083 1225 4136 HOMINIS
1248 4084 1324 4137 Hoc
1342 4085 1411 4136 EST
1455 4067 1457 4072 Ι
1481 4089 1484 4098 ’

174 4168 391 4224 INFANTIAE.
1393 4199 1395 4204 ,

194 4271 359 4334 Sciendum
387 4279 431 4334 est
459 4280 557 4334 eutem
581 4274 629 4334 eui
652 4271 748 4334 iittere
770 4273 874 4335 similis
895 4291 962 4334 esse
982 4274 1102 4335 uidetur
1125 4271 1173 4334 uel
1196 4290 1285 4351 quem
1307 4271 1412 4333 simib-

104 4376 248 4437 tudinem
263 4372 364 4434 hebet.
402 4373 512 4435 Littera
530 4375 638 4437 dieitur
661 4374 765 4437 similis
787 4391 852 4436 esse
873 4375 988 4446 infanti,
1011 4376 1080 4455 quiri
1103 4393 1157 4456 per
1179 4375 1278 4436 uarias
1300 4380 1412 4436 aetates

173 4579 239 4630 eod.
258 4576 339 4632 uero.
357 4579 409 4628 522
425 4577 447 4642 s.
467 4574 526 4629 68¹³.
549 4577 647 4629 Vernae
663 4580 757 4628 nonio
774 4579 857 4645 initio,
874 4585 903 4628 nt
918 4579 977 4642 fere
990 4579 1035 4642 fii,
1052 4579 1101 4628 red
1116 4579 1143 4628 in
1156 4579 1210 4642 fine
1227 4579 1344 4642 operarii
1359 4579 1411 4628 ool·

103 4651 185 4700 locati
202 4651 273 4698 sum.
311 4682 326 4711 v
344 4661 367 4695 ν.
386 4646 401 4695 1
420 4647 514 4711 engue
532 4646 602 4708 quod
619 4647 703 4696 certus
721 4644 1256 4711 Stnnenocatar.meor.uern.1p.m
1324 4648 1341 4695 3
1359 4659 1410 4707 qno

103 4719 162 4770 rori.
221 4717 347 4779 procerim
365 4716 422 4771 coti.
475 4713 582 4764 eiiindro
599 4716 657 4766 eod.
709 4713 877 4766 Ibenediete
890 4714 1013 4766 Sinneruo
1082 4714 1251 4780 bpreeeibne
1267 4714 1324 4763 cod.
1381 4715 1408 4762 ll

103 4783 222 4850 iimpbes
242 4783 301 4833 eod.
371 4783 402 4832 17
420 4781 547 4849 superbus
565 4784 623 4833 eod.
1145 4795 1182 4836 ran
1282 4811 1288 4828 t

174 4851 236 4902 coti
258 4849 338 4901 Bern.
357 4853 408 4900 522
425 4866 494 4903 saec.
513 4849 664 4914 lx-xs.
685 4847 794 4900 lb-ib
862 4852 893 4900 21
913 4849 1055 4900 urrunnu
1109 4849 1241 4900 tri-nutu
