3386 5442
1313 27 1320 54 ι

1310 71 1316 107 t

851 137 967 234 *x
1309 130 1315 231 l

987 266 1012 295 ,ἱ
1306 252 1311 271 .

406 327 599 424 avorocns
617 370 787 424 auourm
807 370 856 422 me
875 292 1219 472 cumcuma&
1251 460 1258 474 .
1290 360 1298 388 ⁴
1338 368 1401 435 303

99 559 284 639 depingitur,
308 577 405 640 quam,
429 566 464 620 ut
485 556 553 620 alii
576 565 695 638 putant,
720 557 795 620 duas
818 577 883 620 esse
904 558 1019 620 litteras
1041 578 1057 618 o
1081 564 1110 621 et
1131 560 1157 629 i,
1181 558 1403 637 conglutinatae

98 668 201 722 autem
230 668 260 722 et
287 660 461 723 coniunctae
489 659 578 722 simul
605 660 680 722 alius
701 679 807 723 sonum
831 668 929 722 mutae
956 661 1054 722 locere
1083 661 1208 737 scimus,
1238 679 1314 742 quae
1343 661 1402 722 duo

97 770 280 826 testamenta
303 763 458 841 signifieat.

188 865 211 925 E
234 863 347 926 uocalis
369 851 429 934 est,
453 863 537 926 cuius
558 863 652 943 ligura
676 873 776 945 typum
801 866 940 928 trinitatis
963 865 1100 926 ostendit.
1146 863 1324 926 Breuiantur
1345 864 1402 944 syl·

68 965 208 1042 elatae,
231 983 307 1045 <luce
328 967 471 1028 liniuntur
493 968 580 1039 ine,
604 973 637 1026 ut
657 983 746 1047 saepe
770 974 799 1028 et
821 966 908 1028 hodie
924 973 954 1028 et
969 966 1173 1045 producuntur
1193 955 1233 1027 'in'
1249 965 1304 1028 alia
1328 966 1401 1027 lrora

99 1067 261 1138 aduerbia‚
292 1086 367 1149 quae
390 1069 534 1129 liniuntur
555 1069 587 1128 in
610 1086 641 1137 e,
672 1075 703 1130 ut
726 1067 812 1130 docte
840 1067 980 1148 pulchre,
1010 1071 1095 1130 cuius
1116 1113 1265 1130 .....
1287 1066 1402 1129 duobus

101 1167 116 1248 ll
138 1166 287 1249 i.106lll
311 1168 447 1249 capitulis
469 1170 613 1248 figuratur
635 1177 666 1230 et
686 1187 746 1232 una
769 1168 885 1249 uirgula
908 1171 986 1230 inter
1008 1170 1081 1231 duas
1103 1167 1177 1231 illas.

187 1270 420 1332 Psemiuooalis
442 1277 487 1333 est
509 1279 539 1332 et
560 1287 742 1341 consonans,
772 1273 858 1333 cuius
885 1271 978 1349 ligura
1007 1271 1085 1332 binis
1114 1270 1238 1350 cingulis
1267 1270 1401 1350 depingi·

99 1381 163 1440 tur,
194 1381 224 1433 ct
250 1391 309 1433 una
337 1380 417 1434 recta
445 1372 603 1434 deducitur
626 1371 782 1435 demedio
811 1375 889 1444 eius,
920 1371 1026 1434 deinde
1055 1371 1163 1434 dicitur
1190 1370 1311 1451 triplex:
1341 1379 1402 1433 tres

52 1473 186 1551 releges
209 1475 324 1554 figurat.

187 1575 212 1636 G
235 1585 315 1638 muts
338 1585 383 1637 est
405 1583 436 1636 et
457 1592 637 1646 consonans,
662 1593 737 1655 quae
760 1576 837 1638 lianc
860 1577 956 1654 legem
979 1574 1084 1644 habet,
1109 1584 1141 1636 ut
1163 1593 1252 1655 saepe
1273 1593 1402 1656 praeno·

100 1694 172 1738 meu
195 1675 345 1757 subposita
369 1677 531 1756 significet,
556 1684 588 1737 ut
610 1676 635 1738 G
659 1675 751 1738 Gaius
766 1678 884 1739 Caesar.
922 1675 1004 1748 Quae
1020 1676 1134 1738 duabus
1149 1676 1276 1756 uirgulis
1292 1679 1401 1757 scripta

99 1779 162 1839 duo
190 1785 367 1840 testamenta
396 1779 557 1858 siguificat,
592 1795 668 1857 quae
697 1777 810 1841 adiecta
838 1777 936 1839 uocali
969 1785 1095 1858 utraque
1129 1787 1214 1859 perte
1243 1797 1401 1841 numerum

99 1879 249 1960 complet,
272 1887 306 1942 ut
327 1899 363 1959 ga
386 1880 464 1941 idest
486 1897 502 1940 e
525 1889 555 1942 et
576 1881 761 1960 praeposita,
787 1887 819 1941 ut
842 1897 879 1959 ag
901 1879 979 1942 idest
1001 1887 1151 1942 sexcenta.

56 1996 85 2037 ιτ»
191 1981 216 2042 Η
239 1989 318 2043 muta
341 1989 371 2042 et
394 1999 561 2042 consonans
582 1981 731 2043 interdum
755 1989 824 2042 nota
847 1981 1055 2061 adspirationis
1078 1981 1223 2044 creditur:
1253 1983 1320 2044 ideo
1342 2001 1401 2044 nou

99 2082 302 2144 adnumerant
323 2100 387 2144 eam
411 2081 459 2143 alii
482 2101 549 2144 cum
572 2082 699 2153 litteris,
723 2100 759 2143 co
782 2081 859 2163 quod
883 2082 992 2145 dicitur
1015 2088 1120 2144 ‘uota'
1145 2092 1178 2145 ut
1200 2084 1303 2155 homo,
1327 2102 1401 2165 quo·
1449 2069 1452 2092 ²

100 2184 192 2246 modo
215 2185 323 2246 dicitur
345 2183 456 2254 littera,
488 2193 521 2245 ut
542 2185 573 2246 lri
596 2183 683 2253 milri,
712 2203 788 2266 quae
810 2183 927 2245 duabus
950 2183 1075 2264 cingulis
1097 2185 1295 2263 significatur,
1326 2201 1401 2262 quae

99 2287 162 2347 duo
185 2282 357 2348 testamenta
381 2288 561 2364 significant,
585 2294 672 2348 uetus
694 2293 724 2347 et
746 2303 870 2355 nouum,
894 2293 1002 2347 etune
1026 2294 1107 2348 recta
1131 2288 1209 2348 inter
1232 2285 1304 2347 duas
1327 2284 1401 2357 illas,

100 2405 179 2466 quae
202 2397 304 2468 typum
327 2389 494 2466 significant
514 2389 593 2448 inter
616 2387 689 2448 duas
712 2386 801 2466 leges.

57 2507 86 2544 uo
191 2489 337 2550 luocalis
360 2499 413 2551 est.
458 2489 573 2560 Quibus
595 2489 690 2550 modis
711 2489 823 2549 utitur?
867 2489 1002 2551 lutitur
1030 2507 1066 2550 ex
1088 2499 1156 2551 octo
1178 2488 1312 2569 partibus
1334 2508 1400 2551 ora·

98 2591 206 2652 tionis:
228 2591 303 2653 lraec
325 2600 394 2652 suut
415 2591 534 2652 nomina
559 2609 676 2660 earrrm,
700 2599 733 2652 ut
755 2608 863 2650 nomeu
887 2609 1053 2670 pronomen
1076 2591 1202 2653 uerbum
1225 2590 1401 2652 aducrbium

98 2693 289 2771 participium
320 2695 490 2754 coniunctio
520 2692 698 2773 praepositio
721 2691 898 2753 interiectio.
943 2691 1067 2762 Quando
1098 2695 1191 2754 utitur
1213 2702 1280 2754 octo
1303 2701 1403 2771 partes

100 2795 264 2854 orationis?
286 2794 299 2854 l
321 2794 419 2856 littera
437 2811 559 2861 nomen,
584 2795 673 2868 †tem
696 2811 877 2872 pronomen,
902 2793 974 2854 itera
999 2793 1141 2865 uerbum,
1165 2803 1211 2855 ter
1226 2793 1401 2855 aduerbium

101 2895 181 2956 laeta
203 2897 408 2975 participium,
431 2895 497 2976 †ex
520 2895 700 2964 coniunctio,
721 2896 951 2974 apraepositio,
975 2903 1047 2957 attat
1069 2897 1245 2956 interiectio.
1290 2895 1403 2975 Corpus

55 3019 83 3057 ιε
99 2997 166 3058 cius
188 2997 218 3057 in
241 2996 297 3058 alia
320 2997 393 3059 hora
415 3013 519 3058 omues
546 3003 646 3075 partes
673 2997 816 3057 orationis
844 2995 987 3075 complet,
1017 2999 1080 3058 uti
1105 3015 1227 3066 nomen,
1259 2997 1267 3055 i
1291 3015 1401 3076 prono·

97 3116 187 3168 meu,
212 3097 330 3178 quando
353 3098 462 3159 dieitur
483 3098 495 3156 i
517 3115 571 3177 pro
594 3115 668 3164 uno:
692 3098 870 3180 imperatiuo
894 3097 1021 3158 uerbum
1044 3107 1103 3160 est:
1126 3099 1254 3159 aucrlm
1277 3097 1403 3158 neutrali

101 3201 201 3284 uenit,
231 3207 263 3260 ut
285 3208 330 3262 est
352 3218 388 3259 eo
411 3201 445 3259 is.
492 3199 583 3264 'cliuo
606 3165 1400 3280 aduerbialli.1677lffism17es‘lffir·

100 3271 436 3381 ticipffiffiTessquid'
455 3299 584 3379 complet
611 3307 724 3376 partem
754 3300 944 3378 participium
974 3301 1102 3361 nominis
1131 3302 1213 3362 etin
1242 3299 1299 3361 alia
1328 3300 1405 3372 horu¹

99 3411 219 3484 partem
244 3403 345 3469 uerbi,
368 3410 403 3464 ut
424 3403 433 3460 i
457 3401 574 3481 quando
597 3401 705 3461 dicitur
719 3399 742 3480 †
758 3400 854 3461 albani
879 3402 1069 3477 coniungitur
1085 3401 1210 3462 duarum
1234 3400 1401 3462 litterarum

57 3525 85 3565 so
100 3503 285 3584 syllabarum
309 3505 339 3566 in
363 3522 430 3564 una.
476 3503 488 3562 l
510 3503 689 3582 praepositio
712 3501 830 3578 quando
853 3502 962 3563 dicitur
978 3504 1024 3563 ‘in
1034 3505 1054 3572 ’,
1079 3503 1157 3582 quod
1182 3512 1250 3563 aute
1274 3522 1291 3562 ιι
1316 3521 1402 3582 prae·

99 3608 236 3687 ponitur.
282 3605 467 3675 interiectio,
497 3613 530 3666 ut
552 3601 669 3684 †iuuax
692 3605 702 3662 i
724 3603 789 3663 simi
820 3605 830 3663 i
859 3604 938 3664 diui
967 3603 1053 3681 longa
1084 3604 1162 3664 idest
1189 3603 1200 3663 l
1230 3614 1260 3664 et
1287 3607 1317 3664 in
1346 3603 1401 3664 alic

99 3709 177 3769 hora
200 3725 385 3777 consonans,
414 3714 446 3767 ut
468 3709 563 3774 iuxta;
587 3707 597 3764 i
619 3703 743 3784 duplex,
767 3713 799 3764 ut
821 3705 877 3765 aio.
923 3705 1018 3784 Saepe
1041 3713 1138 3766 autem
1162 3706 1272 3766 dicitur
1294 3705 1402 3776 media,

100 3817 136 3870 ut
157 3811 213 3870 uir.
259 3809 339 3880 Quae
368 3806 509 3869 scribitur
538 3807 620 3883 uirga
649 3812 730 3866 recto
762 3805 890 3884 desuper
918 3814 949 3868 et
975 3806 1031 3868 alia
1060 3806 1216 3868 deducitur
1242 3809 1401 3886 superea,

99 3929 179 3990 quae
202 3918 303 3990 typum
328 3911 415 3970 unius
443 3907 496 3968 llei
524 3907 667 3976 ostendit,
697 3908 765 3984 quia
794 3915 895 3969 rectus
925 3917 969 3968 est
996 3909 1078 3969 deus.
1124 3909 1163 3970 lla
1193 3906 1264 3966 milri
1293 3925 1401 3968 nomeu

60 4013 221 4072 meirisin
244 4011 400 4072 llebraieo.
447 4009 519 4070 lotlr.
565 4008 598 4069 ln
622 4008 747 4070 Graeco.
778 4009 850 4070 lota.
881 4009 1045 4071 lnLatino.
1077 4009 1097 4070 l.
1122 4009 1132 4070 l
1156 4009 1240 4068 cuius
1283 4010 1401 4070 onerist

101 4115 209 4175 Trium
237 4128 398 4191 generum,
428 4119 462 4172 ut
480 4110 598 4208 lueet
623 4110 758 4211 ¹de
785 4111 846 4206 ime
870 4113 889 4171 i.
935 4111 981 4171 Fit
1007 4113 1017 4171 i
1040 4027 1400 4250 Quande-&uirga

103 4218 212 4295 posita,
237 4222 284 4275 ut:
308 4215 461 4292 ‘quonism
484 4212 564 4273 mille
586 4213 656 4272 anui
678 4221 747 4274 ante
770 4212 870 4274 oculos
906 4216 982 4274 uos’.
1298 4213 1381 4228 “““

101 4355 148 4362 ...—

173 4434 384 4500 lcouglurinete
452 4433 620 4482 deotriuuete
671 4443 739 4482 naute
807 4431 939 4497 dtlgurue
986 4431 1134 4481 breuiuutur
1151 4431 1239 4480 sillabe
1307 4431 1404 4482 erosa

103 4505 202 4552 ‘cuius’
220 4502 305 4552 forme
323 4505 365 4552 uel
382 4500 465 4565 ligura
483 4503 612 4552 occidisse
630 4503 739 4551 uidetur.
794 4502 825 4550 10
844 4501 967 4564 liguratur
1020 4501 1050 4549 11
1070 4515 1131 4564 sepe
1177 4513 1318 4564 pronomen
1372 4500 1403 4548 12

103 4569 234 4635 signidcnt
254 4581 282 4619 ut
299 4585 317 4634 g
334 4570 409 4634 gaius
428 4583 500 4618 cesar
570 4570 602 4618 14
620 4580 647 4618 ut
664 4583 697 4634 gn
710 4569 735 4616 id
748 4583 762 4616 c
774 4578 799 4617 et
817 4567 947 4632 preposita
966 4577 993 4617 ut
1005 4583 1039 4631 ag
1051 4567 1076 4616 id
1095 4577 1215 4616 scuccntu
1284 4569 1315 4616 lt
1328 4581 1403 4628 quern

103 4639 204 4688 dualouc
276 4637 435 4688 reinerus
455 4635 510 4686 illas
579 4638 612 4686 22
631 4637 772 4703 propositio
842 4636 875 4684 24
893 4649 924 4684 ex
943 4635 1121 4684 coniunctione
1139 4649 1153 4682 c
1171 4634 1312 4699 prepositio
1371 4637 1404 4684 26

103 4705 224 4771 complex
294 4707 328 4756 28
346 4705 389 4766 qui
408 4704 519 4770 complet
586 4707 619 4754 29
638 4705 775 4754 litterarum
795 4702 818 4764 iu
838 4717 887 4765 ppp
907 4702 1052 4752 sillabarum
1067 4703 1090 4750 iu
1107 4716 1156 4750 uun
1207 4704 1403 4769 30qucautcp

103 4789 136 4822 cu
205 4769 604 4836 stistmt1An:tstmptext
658 4772 853 4836 ilonguid.t.
937 4773 970 4820 32
989 4781 1016 4820 ut
1033 4771 1085 4819 iutu
1154 4771 1187 4819 35
1205 4771 1231 4818 in
1250 4785 1325 4834 greco
1377 4771 1402 4818 iu

103 4841 182 4892 latinu
234 4840 260 4888 iu
278 4841 350 4890 cuius
369 4855 462 4908 genere
