3400 5450
707 241 922 296 Bnuuurtsm.
1396 243 1456 308 103

154 433 300 498 Dicebant
326 442 425 496 tamen
452 441 569 495 ueteres
595 432 626 494 hi
654 451 762 514 specus
785 437 815 493 et
836 431 894 494 hoc
915 450 1038 513 specum
1061 431 1186 494 ethaeo
1208 451 1304 514 speca.
1351 433 1456 496 Cato:

153 555 266 616 speca
294 540 462 617 prosita‚
491 553 560 616 quo
589 552 684 616 aqua
713 535 756 596 de
784 537 844 598 uia
873 535 1015 606 abiret,
1044 543 1269 616 quaerentes
1297 538 1456 601 inuene-

153 647 249 701 runt
295 639 452 702 Ouidius
474 637 638 700 masculino
661 654 786 716 genere:

308 743 350 804 ut
371 759 507 822 specus
529 742 566 801 in
589 739 710 800 medio
733 739 855 818 uirgis
877 759 917 801 ac
940 741 1080 802 uimine
1102 739 1252 802 densus.

125 844 249 908 aldem:
306 845 447 924 Specus
470 850 525 904 est
549 840 752 903 tenebroso
775 859 909 904 caecus
931 841 1042 903 hiatu.

150 946 249 1007 ldem:
308 946 352 1008 Et
374 963 509 1026 specus
530 944 566 1004 in
589 942 709 1004 medio
732 949 864 1004 natura
887 944 1009 1004 lactus
1031 963 1073 1006 an
1096 951 1191 1014 arte,
1229 945 1454 1025 Ambiguum.

151 1047 252 1110 Penus
290 1065 408 1128 quoque
437 1055 467 1108 et
494 1044 648 1107 masculini
676 1052 706 1105 et
731 1046 868 1107 feminini
895 1051 925 1107 et
952 1046 1065 1108 neutri'
1083 1046 1243 1108 inuenitur.
1298 1047 1454 1110 Plautus

152 1150 317 1212 masculino
338 1167 449 1228 genere
472 1148 560 1210 dixit:

305 1251 384 1314 Nisi
406 1250 495 1312 mibi
517 1268 661 1312 annuus
682 1268 801 1330 penus
823 1249 868 1311 ab
890 1249 1124 1312 amatoribus
1146 1252 1378 1330 congeritur.

108 1382 136 1422 ao
152 1355 323 1418 Lucilius
344 1355 503 1416 leminino:

306 1456 433 1535 llagna
455 1473 572 1536 penus
593 1472 712 1534 paruo
735 1456 859 1535 spatio
883 1461 1101 1535 consumpta
1125 1455 1280 1536 peribit.

149 1559 331 1621 Horatius
352 1565 474 1620 neutro:

304 1661 436 1722 Portet
457 1659 645 1720 lrumenta
666 1676 872 1739 penusque.

150 1763 257 1825 Neutri
279 1763 433 1842 genetiuus
455 1770 500 1823 est
521 1762 658 1840 penoris,
687 1747 832 1840 ut'pecus
859 1761 985 1840 pecoris.
1032 1761 1185 1842 Caesar:
1216 1763 1454 1842 propinquos

106 1876 307 1934 15uostros
328 1863 507 1925 Messalas
530 1861 634 1923 domo
657 1859 868 1940 deflagrata
889 1881 1029 1942 peuore
1051 1863 1267 1925 nolebamus
1286 1866 1452 1944 priuare.

150 1965 214 2028 lloc
236 1984 348 2046 penum
371 1966 460 2026 etiam
482 1964 660 2026 Alrauius
682 1961 804 2044 protulit
826 1962 945 2024 diceus:

621 2065 663 2126 ln
685 2083 819 2145 penum
842 2063 945 2127 erile.

150 2171 342 2240 Promiscua,
371 2177 404 2230 ut
425 2169 474 2230 hic
496 2166 544 2228 uel
568 2166 641 2229 baec
663 2185 781 2230 coruus.
826 2166 954 2229 Nomina
983 2174 1081 2230 autem
1110 2168 1274 2234 masculina
1304 2170 1454 2233 secundae

149 2273 357 2335 declinationis
378 2273 409 2332 in
433 2290 468 2332 us
491 2269 656 2331 desinentia
679 2269 722 2330 sic
743 2268 945 2330 declinantur:
973 2268 1022 2331 bic
1050 2289 1145 2349 agnus
1172 2271 1262 2334 huius
1291 2273 1361 2350 agni
1383 2271 1454 2334 buic

104 2405 134 2442 :a
149 2393 228 2454 agno
256 2374 336 2435 hunc
363 2391 471 2452 agnum
500 2391 518 2432 o
546 2387 623 2448 agne
650 2368 738 2431 uelo
766 2389 860 2450 agnus
889 2370 927 2433 ab
954 2371 1013 2433 boc
1041 2391 1117 2452 agno
1140 2380 1170 2434 et
1191 2372 1297 2453 plurali
1326 2373 1357 2434 bi
1384 2375 1453 2452 agui

148 2477 258 2539 horum
281 2494 427 2556 agnorum
449 2474 496 2535 his
518 2474 602 2552 agnis
624 2473 678 2534 hos
700 2490 791 2552 agnos
813 2491 830 2534 o
853 2475 922 2552 agni
944 2473 982 2535 ab
1005 2474 1051 2536 bis
1073 2476 1166 2553 agnis.
1212 2476 1263 2537 Sic
1285 2474 1452 2536 declinatur

147 2577 297 2657 benignus
325 2579 419 2639 iustus
445 2577 514 2657 pius
541 2583 639 2638 castus
667 2575 785 2636 ieiunus
812 2575 927 2637 laustus
955 2583 1120 2656 oportunus
1143 2594 1251 2638 auarus
1273 2578 1452 2638 criminosus

147 2683 272 2742 insanus
293 2681 432 2742 iuimicus
454 2679 567 2739 amicus
587 2677 690 2738 firmus
713 2676 810 2739 bonus
832 2676 910 2739 altus
930 2685 1051 2739 sanctus
1073 2686 1102 2740 et
1124 2678 1248 2757 reliqua.
1293 2677 1366 2741 ltem
1395 2697 1453 2761 per

146 2782 250 2844 duou
280 2781 328 2842 bic
356 2781 485 2843 carduus
511 2785 650 2841 strenuus
677 2779 880 2841 nominatiuus
906 2778 1085 2842 indicatiuus
1111 2772 1306 2861 imperalium
1329 2789 1359 2841 et
1381 2779 1451 2842 reli·

100 2913 130 2952 :s
146 2901 217 2963 qua.
262 2884 334 2945 ltem
364 2883 484 2944 nomina
512 2882 655 2942 leminina
687 2881 836 2943 secundae
870 2880 1075 2944 declinationis
1091 2883 1133 2959 ¹in
1163 2901 1197 2944 us
1225 2881 1391 2944 desinentia
1419 2883 1450 2943 in

144 2984 291 3064 singulari
313 3004 440 3047 numero
462 2985 504 3045 sic
527 2983 728 3044 declinantur:
761 2983 835 3044 haec
862 2982 983 3062 abyssus
1012 2983 1100 3046 huius
1128 2983 1225 3065 abyssi
1254 2984 1324 3047 huic
1345 2982 1451 3066 abysso

145 3088 226 3150 hanc
254 3087 392 3168 abyssum
415 3105 432 3148 o
455 3085 579 3166 abyssus
602 3085 640 3146 ab
667 3084 723 3146 hac
750 3084 864 3166 abysso.
909 3086 958 3146 Sic
986 3085 1173 3147 declinantur
1200 3086 1274 3148 baec
1301 3087 1450 3167 Aegyptus

144 3190 223 3253 haec
245 3184 381 3272 humusll
397 3189 417 3250 l.
434 3183 522 3270 99:11
539 3187 613 3248 haec
635 3187 784 3258 heremus,
808 3196 838 3249 et
859 3189 979 3249 nomina
1003 3187 1143 3250 arborum
1170 3189 1201 3250 in
1224 3205 1259 3250 us
1281 3189 1450 3251 desinentia

143 3292 290 3354 feminina
313 3298 384 3353 sunt
406 3296 435 3350 et
456 3290 604 3351 secundae
632 3288 852 3361 declinationis,
881 3296 914 3351 ut
935 3289 1009 3350 haec
1038 3309 1166 3370 quercus
1188 3292 1275 3371 pinus
1297 3291 1398 3354 laurus
1421 3300 1451 3353 et

96 3423 128 3462 ω
144 3394 272 3472 reliqua.
317 3393 442 3454 Nomina
471 3400 569 3453 antem
599 3399 704 3453 neutra
734 3393 776 3453 sic
804 3390 1008 3464 declinantur,
1032 3402 1066 3454 ut
1088 3401 1133 3455 est
1153 3392 1210 3455 hoc
1234 3393 1338 3473 uulgus
1360 3393 1450 3456 buius

144 3496 232 3576 uulgi
253 3494 323 3556 huic
347 3492 438 3571 uulgo
460 3491 517 3555 boc
545 3492 653 3572 uulgus
675 3512 693 3554 o
716 3493 824 3574 uulgus
846 3494 883 3556 ab
906 3495 964 3556 boc
986 3493 1085 3572 uulgo.
1131 3494 1181 3558 Sic
1203 3493 1370 3556 declinatur
1392 3494 1450 3557 hoc

143 3598 271 3680 pelagus
291 3597 350 3659 boc
372 3597 464 3658 uirus.
509 3597 689 3676 Asperius
712 3595 798 3658 dicit:
823 3597 897 3658 lloc
920 3595 1138 3658 euidentius
1161 3596 1353 3658 sciendum
1377 3605 1448 3668 est,

143 3700 244 3780 quod
267 3699 387 3760 omnia
418 3698 565 3759 nomina
594 3706 727 3761 neutra
754 3699 790 3760 ln
812 3697 998 3776 singulari
1027 3715 1181 3759 numero
1204 3698 1285 3760 siue
1307 3700 1344 3760 in
1366 3698 1449 3780 plu·

103 3835 108 3843 ·
143 3801 222 3864 rali
249 3801 482 3862 nominatius
511 3817 598 3861 casu
625 3807 665 3861 et
683 3800 903 3863 accusatius
932 3801 1166 3868 etmocatiuo
1193 3817 1301 3861 unam
1330 3798 1448 3862 decli·

97 3905 340 3972 asnationem
369 3901 522 3973 habent,
552 3905 606 3964 ita
636 3910 673 3962 ut
701 3920 767 3982 per
795 3903 914 3963 omnia
944 3902 1092 3964 nomina
1121 3907 1255 3963 neutra
1282 3919 1349 3964 nec
1377 3921 1447 3963 una

144 4007 278 4068 littera
302 4009 338 4067 a'n
362 4004 636 4066 declinationis
663 4002 918 4066 similitudine
947 4021 1094 4065 casuum
1123 4005 1288 4082 ipsorum
1310 4006 1448 4065 mutari

145 4129 225 4138 ..ω-

215 4195 227 4243 1
247 4206 344 4258 specus
363 4205 411 4256 pro
429 4190 472 4240 siti
541 4190 649 4240 Adeuia
667 4189 767 4240 habiret
818 4200 969 4254 quaerentes
988 4185 1151 4255 inuenerunt]
1170 4190 1270 4240 Dermat
1285 4189 1350 4241 baec
1367 4191 1449 4243 uerba

141 4266 171 4314 in
189 4261 321 4312 Prisciani
337 4258 466 4310 codicibus
483 4254 513 4322 (1
527 4275 554 4323 p.
575 4261 631 4318 200,
651 4261 666 4307 d
684 4257 732 4319 H.)
800 4254 956 4324 80uidius]
977 4259 1316 4324 Ρώο.1.1,2ὂθ,9εεᾳ.
1385 4261 1447 4310 Ain

143 4331 228 4382 medio
247 4329 291 4378 uia
309 4328 391 4392 uirgis
477 4330 585 4378 bcecus
672 4323 835 4392 bplaustus]
855 4327 889 4391 cf.
910 4327 991 4376 Pn'ac.
1011 4329 1028 4380 l.
1046 4329 1064 4377 l.
1083 4329 1115 4377 19
1200 4326 1300 4392 8gene
1379 4326 1446 4378 9ab

143 4399 254 4464 “Ab
272 4396 442 4514 ⁰⁰¹¹Ab¹¹¹‘·t
466 4392 562 4514 aad
583 4395 776 4514 bulci?
844 4394 1002 4516 bbAba
1019 4391 1446 4527 Aiusbttutffls

143 4462 299 4599 pplcpepppp
350 4479 402 4581 hp.
419 4479 487 4581 pm
506 4501 554 4582 bos
572 4545 656 4597 agnus
735 4533 768 4583 28
786 4479 841 4598 prr?
850 4531 917 4582 clud¹
1002 4532 1036 4582 ut
1053 4531 1154 4582 cardius
1205 4499 1343 4581 atrbuuuus
1413 4533 1446 4582 26

143 4603 205 4654 baec
221 4603 340 4668 habysgs
358 4600 435 4650 buius
453 4599 526 4664 abysi
544 4599 605 4649 huic
622 4600 703 4664 abyso
722 4596 783 4666 eta]
871 4601 904 4650 27
922 4600 1046 4664 aabyaum
1098 4607 1209 4665 egyptus
1282 4600 1317 4651 28
1334 4613 1410 4649 umus

143 4672 257 4722 laesimus
346 4670 379 4719 29
396 4666 464 4718 lema
549 4665 738 4738 ermpertus]
756 4685 785 4734 p.
803 4667 1062 4731 caasaumubrt
1128 4667 1162 4722 36
1178 4668 1205 4717 iu
1223 4682 1271 4723 cm.
1323 4683 1410 4722 casum

143 4741 233 4794 :autari
