3394 5448
585 332 640 408 un
659 330 847 384 sunonem
864 333 969 386 aare.
1311 348 1425 399 ccxcv

134 543 187 604 pro
208 524 335 586 intlnitio
358 522 456 604 (imi-l,
482 519 621 582 utillud:
645 522 801 584 ‘Dominus
816 522 953 602 regnabit
974 524 1004 583 in
1018 530 1172 583 aeternum
1198 531 1227 582 et
1248 523 1349 594 ultra',
1372 543 1427 604 pro

132 610 287 687 ‘semper';
310 626 365 688 pro
387 607 458 677 loci,
484 606 626 668 utillud:
649 610 752 688 ‘porro
774 607 849 670 ultra
871 617 901 668 te
924 615 993 670 sunt
1007 609 1161 684 sagittae’;
1184 627 1239 687 pro
1263 609 1425 689 ‘amplius'‚

132 703 163 754 ut
184 692 269 754 illud:
294 693 376 773 ‘qnid
401 705 460 762 est,
484 690 692 771 quodnebuit
714 692 790 754 ultra
813 693 912 754 lacere
935 694 1040 754 uineae
1057 698 1164 762 meae’‚
1189 703 1218 753 et
1240 693 1330 755 illud:
1354 697 1426 754 ‘non

130 777 285 840 uocaberis
315 776 393 839 ultra
422 773 584 847 derelicta’,
615 784 658 837 et:
690 780 761 838 ‘non
791 778 906 839 discent
934 777 1011 838 ultra
1042 775 1230 856 belligerari'.
1277 779 1424 841 ‘Praeter’

130 865 256 925 sumsit
278 863 438 925 accusatiui
461 879 546 924 casus
572 863 765 942 praepositio,
787 864 908 942 ponitur
930 862 1085 942 aliquoties
1107 882 1162 942 pro
1185 862 1314 925 ablatiua
1337 865 1423 926 ‘sine‘

130 947 177 1010 uel
198 966 253 1030 pro
275 950 443 1026 ‘excepto’3
472 966 526 1027 pro
555 955 714 1010 accusatuo
742 950 796 1009 ita:
826 951 897 1008 ‘non
927 955 972 1008 est
997 947 1070 1008 deus
1098 956 1218 1027 praeter
1243 948 1424 1018 Dominum',

130 1052 183 1114 pro
204 1032 331 1095 ablatiuo
354 1035 409 1094 ita:
438 1032 554 1096 ‘similis
582 1032 676 1095 lactus
706 1040 751 1094 est
773 1031 859 1094 nobis
880 1041 998 1112 praeter
1027 1035 1205 1111 peccatum,
1237 1033 1314 1094 idest
1335 1035 1424 1095 ‘sine‘

130 1116 175 1180 uel
198 1119 335 1198 ‘excepto
358 1120 504 1199 peccato'.

209 1203 291 1264 luter
312 1203 424 1283 ‘super’
449 1210 480 1263 et
502 1204 615 1284 ‘supra’
637 1203 694 1266 hoc
717 1201 813 1272 distat,
837 1203 915 1281 quod
932 1204 1048 1285 ‘super'
1071 1202 1225 1285 aliquoties
1246 1203 1294 1263 ‘ad
1311 1203 1423 1266 locum’

128 1289 280 1367 signifieat,
304 1299 350 1350 ut:
374 1287 521 1350 ‘ascendit
542 1307 632 1371 super
653 1287 750 1351 caelos
765 1289 919 1350 Dominus’
944 1285 989 1366 (ds
1011 1288 1168 1368 dominus),
1193 1289 1307 1368 ‘supra’
1325 1289 1422 1352 locrun

129 1382 257 1444 tautum,
282 1383 328 1434 ut:
352 1373 465 1436 ‘statuit
487 1390 576 1454 supra
599 1382 714 1455 petram
736 1374 829 1454 pedes
852 1375 956 1435 meos’
1001 1373 1123 1453 ‘Vsque'
1147 1375 1329 1452 praepositio
1353 1394 1422 1436 raro

127 1461 189 1519 sine
210 1460 306 1540 aliqua
331 1460 450 1539 ponitur
471 1461 692 1540 praepositione
720 1469 749 1520 et
776 1459 932 1538 aliquoties
954 1457 1028 1527 loci,
1058 1457 1214 1540 aliquoties
1243 1477 1317 1519 uero
1345 1470 1421 1522 tem·

127 1543 206 1622 poris
229 1543 320 1606 habet
340 1543 601 1624 significationem,
634 1543 704 1613 loci,
734 1552 766 1604 ut
794 1543 881 1606 illud:
906 1537 941 1604 'ia
970 1544 1161 1625 mariusque
1183 1544 1219 1604 ad
1241 1549 1348 1616 mare',
1373 1555 1420 1607 et:

126 1631 152 1689 ‘a
174 1627 295 1690 flumine
324 1647 417 1709 usque
445 1629 482 1690 ad
512 1631 655 1691 terminos
685 1632 813 1698 terrae’;
836 1631 1003 1709 temporis,
1034 1637 1065 1689 nt
1091 1627 1178 1690 illut:
1209 1628 1369 1691 ‘descende
1391 1632 1420 1692 in

125 1716 286 1794 Aegyptum
310 1713 490 1776 etestoibi
514 1713 704 1794 usquedum
735 1712 830 1774 dicatu
858 1713 936 1775 tibi?
982 1714 1101 1775 ‘Penes'
1130 1715 1312 1795 praepositio
1341 1715 1419 1777 idern

127 1816 245 1878 semper
266 1799 421 1876 significat
446 1798 524 1879 quod
547 1807 577 1860 et
599 1798 712 1880 ‘apud’,
736 1797 879 1862 utillud:
902 1800 946 1860 ‘tu
969 1797 1065 1869 fldem,
1090 1817 1176 1879 quarn
1201 1798 1303 1869 habes,
1326 1817 1420 1880 penes

124 1893 153 1945 te
176 1882 276 1955 lrabe',
299 1883 375 1946 idest
397 1883 485 1964 ‘apud
508 1888 560 1945 te'

592 2021 638 2082 tte
660 2019 840 2083 ablatiuis
862 2038 938 2081 sex.

205 2137 338 2200 Ablatiui
361 2155 448 2201 casus
471 2141 707 2222 praepositiones
730 2139 785 2202 hoc
814 2139 902 2201 modo
929 2137 1046 2200 casibus
1074 2147 1306 2219 praeponuntur.
1353 2143 1417 2204 ‘t’2

125 2226 151 2284 ‘a
174 2224 301 2285 Domino
324 2223 434 2285 laetum
458 2233 503 2286 est
524 2225 619 2286 illud.’
665 2225 749 2287 ‘Ab':
780 2223 828 2285 ‘ab
852 2225 915 2305 ipso
938 2224 1016 2284 enim
1039 2221 1160 2286 salntari
1183 2231 1273 2285 meo!
1318 2225 1417 2288 ‘Abs'z

125 2308 243 2371 ‘beatus
265 2309 321 2379 uir,
345 2311 429 2371 cuius
453 2319 496 2370 est
519 2309 659 2372 auxilium
680 2308 733 2372 abs
755 2315 806 2380 te',
831 2317 860 2370 et
882 2308 966 2370 illud:
991 2311 1100 2370 ‘omnia
1124 2327 1199 2390 quae
1222 2309 1328 2371 ‹ledisti
1346 2313 1418 2372 milri

124 2394 176 2456 abs
202 2403 234 2455 te
262 2398 352 2464 sunt’‚
381 2413 436 2474 pro
458 2395 506 2456 ‘de
535 2399 577 2456 te'
599 2404 677 2457 sunt
723 2395 820 2457 ‘Cum’
844 2393 962 2474 quaudo
985 2392 1160 2456 aduerbium
1185 2404 1244 2464 est,
1269 2414 1324 2476 per
1347 2417 1366 2478 q
1388 2406 1419 2459 et

122 2478 179 2541 tuo
200 2498 243 2541 uu
271 2479 460 2542 scribendum
489 2489 549 2550 est,
578 2499 645 2542 cum
673 2497 746 2542 uero
775 2479 970 2560 praepositio,
999 2496 1053 2557 per
1075 2498 1092 2540 c
1115 2487 1241 2550 tantum,
1272 2491 1303 2540 ut
1329 2481 1416 2542 illud:

123 2565 284 2645 ‘rapiemur
307 2568 336 2626 in
360 2564 490 2628 nubibus
507 2569 537 2626 in
554 2584 623 2626 aera
637 2573 667 2625 et
682 2567 724 2626 sic
739 2583 857 2642 semper
873 2581 939 2624 curu
954 2563 1081 2625 nomino
1098 2565 1230 2628 erimus?
1269 2565 1414 2628 ‘Coram':

10 2674 11 2692 ¹
122 2651 181 2728 ‘qui
204 2667 252 2710 nte
275 2651 429 2712 confessus
452 2651 541 2712 luerit
563 2669 665 2712 coram
689 2648 873 2718 hominibus,
903 2648 1068 2711 confitebor
1096 2658 1201 2728 elego
1224 2667 1293 2711 eum
1315 2669 1415 2714 coram

122 2744 203 2812 patre
228 2754 307 2804 rneo,
331 2737 382 2813 qui
405 2738 501 2798 estin
525 2735 638 2797 caelis!
683 2735 804 2796 Ponitur
827 2742 926 2795 autem
948 2740 978 2794 et
997 2751 1052 2814 pro
1067 2730 1187 2811 ‘palam’
1212 2741 1242 2795 et
1264 2753 1318 2814 pro
1342 2740 1415 2799 ‘ma-

10 2851 12 2876 ÷
123 2820 251 2890 niieste’,
284 2829 329 2881 ut:
360 2821 471 2882 ‘coram
500 2819 676 2901 loquebatur
704 2827 734 2880 et
761 2837 861 2880 coram
894 2819 1012 2880 adluit?
1062 2816 1168 2880 ‘Clam’
1203 2821 1325 2899 ponitur
1359 2841 1414 2901 pro

10 2965 11 2968 ,
122 2903 262 2967 aduerbio
285 2904 436 2976 ‘occulte’,
465 2905 544 2966 unde
572 2913 602 2966 et
629 2903 785 2966 ‘clancule’
814 2905 1008 2966 diminuendo
1035 2904 1190 2965 diriuatur.
1236 2904 1360 2966 Ponitur
1384 2916 1412 2967 ct

120 2991 422 3068 propraepnsitione
450 3007 537 3052 casus
563 2989 697 3061 ablatiui‚
730 2999 774 3050 nt:
805 2988 892 3052 ‘elam
921 2988 1103 3050 custodibus'
1132 2998 1161 3049 et
1191 2990 1277 3050 ‘clam
1300 2993 1414 3052 uocatis

120 3076 232 3154 tnagis’.
279 3075 361 3135 ‘lle'2
392 3074 441 3135 ‘sle
463 3074 546 3136 caelo
574 3075 706 3136 auditum
735 3075 828 3136 iecisti
856 3075 1021 3144 iudicium?
1065 3073 1138 3134 ‘E':
1169 3076 1198 3155 fe
1220 3077 1313 3144 iure';
1344 3076 1412 3137 ‘ius’

10 3209 11 3230 q
119 3162 195 3220 enirn
231 3161 440 3241 uniuscuisque
473 3162 589 3241 priuata
622 3159 805 3240 intellegitur
838 3167 982 3239 potestas,
1014 3178 1068 3220 nos
1095 3157 1236 3220 dicimus:
1274 3162 1303 3220 ‘e
1331 3160 1414 3223 caelo

122 3247 200 3306 uenit
228 3243 317 3305 nobis
343 3244 506 3306 auxilium’
556 3246 646 3307 ‘Ex':
676 3248 724 3306 ‘ex
752 3246 963 3323 praefectura!
1009 3245 1199 3305 Praefectura
1228 3244 1334 3306 dicitur
1363 3266 1412 3308 res

120 3328 302 3399 officialis-a
323 3349 381 3410 qua
404 3331 547 3407 praelecti
570 3339 714 3392 uocantur
735 3329 944 3391 Romanorum.
990 3327 1051 3390 Nos
1073 3337 1171 3390 autem
1195 3349 1262 3393 curn
1279 3332 1411 3412 apostolo

120 3413 259 3476 dicimus:
290 3417 398 3476 ‘omnis
426 3417 505 3477 enirn
533 3416 665 3495 pontiiex
693 3434 729 3476 ex
758 3414 927 3477 hominibus
954 3413 1127 3494 adsumptus
1158 3434 1212 3495 pro
1241 3415 1409 3478 hominibus

120 3501 330 3562 constituitur!
381 3499 478 3561 ‘Pron
507 3501 573 3581 ‘pro
601 3500 733 3562 cliente.’
778 3498 900 3562 ‘Cliens’
929 3502 1009 3561 enim
1039 3508 1068 3559 et
1096 3518 1201 3562 seruus
1228 3499 1410 3580 intellegitur

119 3591 148 3643 et
167 3586 289 3656 amicus,
317 3602 372 3646 nos
396 3604 556 3648 neronum
579 3583 727 3667 psalmista
751 3585 893 3648 dicimus:
923 3585 990 3666 ‘pro
1018 3583 1152 3665 patribus
1176 3588 1234 3646 tuis
1257 3587 1317 3646 nati
1339 3596 1410 3648 sunt

120 3667 172 3729 tibi
194 3669 271 3731 lilii?
315 3671 430 3732 ‘Prae'z
454 3670 620 3735 ‘custodes
633 3719 641 3735 .
655 3720 683 3735 ..

199 3809 310 3870 Restat
326 3807 438 3881 solium
459 3805 589 3884 tertium
614 3811 645 3870 iu
668 3826 736 3885 quo,
758 3815 916 3883 postquem
939 3809 977 3868 de
997 3804 1205 3869 interiectione
1226 3815 1412 3870 transactum

119 3915 168 3983 est,
192 3912 255 3970 ium
276 3913 346 3984 finis
367 3914 422 3971 toti
442 3913 585 3988 opusculo
607 3913 773 3987 inponitur.
818 3911 918 3986 Ipsius
945 3927 1020 3971 uero
1042 3912 1080 3970 de
1101 3913 1310 3971 interiectione
1331 3918 1410 3972 truc-

119 4015 211 4086 tutu,
246 4014 302 4088 qna·
331 4015 462 4089 quinque
494 4014 644 4090 capitibus
669 4011 893 4088 continebatur,
923 4015 1041 4074 tertium
1068 4031 1109 4074 ex
1131 4020 1240 4090 purte,
1270 4016 1411 4089 quartum

119 4116 251 4188 quintum
272 4121 417 4192 superest.

198 4215 261 4277 Pol.
290 4215 364 4277 tw:
405 4215 638 4278 .....deratum
672 4214 779 4296 aliquid
814 4218 937 4286 uiderit,
972 4216 1057 4278 dicit:
1093 4217 1166 4279 ‘Deo
1196 4218 1331 4297 gratiasl’
1379 4217 1410 4278 ln

119 4300 272 4380 scripturis
294 4303 372 4362 enirn
397 4301 574 4363 innenimus.
617 4301 782 4363 laetantis:
813 4301 882 4363 ‘hua
906 4301 1067 4364 calefactus
1089 4321 1164 4372 sum,
1194 4302 1253 4364 uidi
1282 4302 1408 4364 iocuml'

119 4384 294 4449 Gaudentis:
320 4389 407 4465 ‘euge
431 4385 507 4447 bone
528 4404 617 4448 seruc
633 4393 663 4446 et
678 4385 797 4447 ndettst’
842 4387 977 4467 Oplontis
993 4406 1011 4446 o
1027 4397 1056 4448 et
1079 4390 1206 4456 utinam;
1231 4406 1258 4456 o.
1277 4395 1309 4448 ut
1322 4385 1408 4448 itinn:
1503 4441 1506 4448 .

119 4468 147 4528 ‘o
169 4473 280 4533 utinam
305 4473 333 4552 (o
353 4479 363 4551 t
383 4471 507 4552 utinam)
531 4473 560 4532 in
577 4470 722 4532 thalamos
737 4473 827 4532 inuisi
843 4473 977 4534 Caesaris
991 4473 1122 4542 issem!’;
1147 4473 1268 4542 utinam,
1291 4473 1409 4552 quando

120 4554 240 4616 uerbum
266 4574 324 4617 non
347 4559 490 4637 sequitur,
514 4558 678 4618 interiectio
701 4563 755 4626 est,
784 4557 860 4619 sicut
882 4555 1012 4619 solemus
1036 4557 1112 4618 bona
1135 4557 1219 4618 nobis
1235 4559 1408 4637 promitten-

120 4639 193 4702 tibus
215 4640 412 4722 respondere:
436 4643 562 4703 ‘utinam
585 4642 723 4703 utinanrl’
767 4642 914 4712 Minonis,
940 4651 986 4704 ut:
1010 4643 1068 4703 ‘eia
1090 4650 1120 4704 tu
1144 4645 1189 4704 eia
1212 4642 1258 4704 lac
1279 4649 1312 4704 tu
1335 4641 1407 4704 lact’

118 4723 164 4784 Sic
184 4728 264 4787 enim
287 4728 425 4808 inquietis
453 4725 613 4789 iuuenibus
642 4729 786 4788 urinantes
808 4729 909 4789 dicere
931 4727 1076 4790 solemus:
1106 4729 1163 4791 ‘eia
1186 4737 1217 4789 tu
1240 4730 1284 4789 eia
1308 4727 1354 4788 lac
1377 4737 1408 4789 tu

121 4809 187 4871 lact'
237 4810 321 4873 Vnde
350 4820 380 4872 et
406 4813 546 4875 minantis
573 4821 656 4875 recte
685 4811 820 4874 obtinent
848 4813 1103 4892 significationem.
1148 4812 1346 4892 Blandientis,
1376 4823 1409 4874 ut
