3412 5452
309 295 352 343 CL
650 281 700 330 DE
720 277 1042 330 GRAMMATICORVM
1060 275 1267 328 curnuouls

395 472 474 532 Huic
495 472 637 544 cataloaa
651 470 759 528 Petrus
773 469 884 529 Daniel
892 475 1001 545 postea
1017 466 1139 528 addidit
1155 469 1248 528 haec:
1276 463 1389 527 Vetium
1414 465 1545 543 Longum
1567 464 1601 526 de

310 572 520 652 orthographia
541 567 547 652 Ι
566 580 596 631 et
618 569 825 631 Adamantiuur
848 569 1018 648 Martyrium
1048 570 1085 631 dc
1107 587 1124 628 v
1148 577 1177 630 et
1199 568 1217 628 b
1241 571 1373 646 integros
1395 569 1529 648 repperit
1549 569 1600 628 Ve-

312 677 398 736 neriis
421 673 462 736 Gt.
486 673 643 734 Puteanus.
668 669 839 734 Posteriori
859 675 951 733 etiam
973 680 1108 749 ternpore
1128 672 1175 732 tris
1189 673 1254 730 alin
1269 688 1360 732 manu
1382 672 1532 734 adiectum
1545 681 1602 730 est:

277 805 280 816 ¹
312 777 517 838 Adarnantiurn
541 776 605 836 siue
627 774 800 854 Martyrium
824 773 860 834 de
883 775 906 836 B
929 784 1009 836 rnuta
1034 784 1063 835 ct
1086 774 1107 835 V
1131 773 1236 834 uocati.

396 879 428 940 Is
450 881 545 953 ipitur
564 879 834 953 prammaticaram
855 877 1062 956 catatonum),
1085 893 1170 953 quem
1192 893 1232 936 ea
1255 883 1354 937 uetae
1375 877 1480 938 codiee
1494 875 1606 936 descri-

308 991 395 1060 ptum
417 998 480 1042 esse
502 983 625 1041 notulae
647 981 719 1040 illae
734 982 772 1040 alr
787 981 853 1056 ipso
867 981 959 1041 Petro
973 981 1101 1040 Daniele
1115 981 1249 1053 marpini
1262 980 1404 1056 adpictae
1425 977 1607 1053 manifestis-

310 1089 382 1145 sime
404 1084 603 1159 conprobetur,
628 1084 836 1157 maximopere
856 1080 997 1157 carprnit
1018 1099 1086 1141 cum
1110 1081 1304 1155 Bononiensi,
1329 1079 1448 1164 quiesi
1468 1083 1536 1143 iric:

397 1184 435 1246 ΙΝ
459 1183 563 1246 ROMA
588 1181 765 1244 PUERUNT
794 1181 925 1246 Donatus
954 1183 1122 1243 Priscianus
1152 1183 1319 1243 Victorinus
1342 1182 1493 1244 Fotbicius
1515 1183 1608 1259 (Euti-

312 1289 386 1362 cius)
410 1286 571 1348 P'iauianus
594 1294 624 1345 et
646 1284 880 1345 Connuinianus
926 1284 957 1344 in
981 1284 1090 1362 Spania
1107 1287 1202 1364 Caper
1216 1294 1246 1345 ot
1261 1286 1400 1363 Ogrctius
1423 1286 1610 1362 (Agroetius).

313 1390 344 1449 tn
374 1389 552 1466 Carthagine
580 1387 740 1467 Pompeius
769 1386 923 1447 ilisidorus
951 1387 1092 1463 Scrugius
1121 1394 1262 1448 tractator
1292 1397 1321 1446 ct
1343 1387 1530 1465 Augustinus.
1580 1386 1611 1446 in

314 1490 413 1552 Sicilia
435 1489 606 1551 Honoratus
629 1497 659 1549 et
686 1487 761 1550 aiter
783 1488 905 1566 Sergius
929 1487 1020 1567 (corr.
1043 1488 1192 1568 Sercgius)
1223 1487 1368 1550 Marianus
1389 1499 1420 1550 et
1441 1489 1611 1550 Metrorius.

397 1595 465 1653 Iam
488 1594 571 1668 quod
591 1599 732 1687 quattuor
747 1589 860 1653 Donati
880 1591 955 1652 libri
974 1607 1037 1651 esse
1059 1592 1213 1666 dicuntur,
1238 1594 1281 1652 ita
1304 1594 1370 1668 pais
1391 1594 1611 1666 auctionarii,

314 1704 346 1757 ut
368 1701 530 1757 merelatum
554 1696 591 1754 de
612 1691 731 1768 littera,
760 1694 937 1770 domitabit
958 1699 1016 1754 etc.
1045 1711 1108 1753 una
1129 1709 1196 1754 cam
1219 1701 1287 1754 arte
1307 1697 1422 1756 minore
1443 1702 1474 1755 et
1495 1697 1614 1756 maiore

314 1797 615 1918 utmrseMMrisma
636 1794 1128 1886 aquranralttum
1157 1793 1342 1870 resedissit,
1372 1814 1556 1872 quamquam
1580 1815 1615 1856 eo

315 1917 433 1977 quoque
462 1898 631 1974 consipere
654 1915 830 1975 possumus,
861 1905 908 1973 ut,
939 1900 992 1974 qui
1018 1897 1121 1958 Seruii
1146 1901 1265 1958 nomine
1293 1901 1331 1959 de
1358 1901 1469 1959 ultimis
1489 1900 1618 1976 syllabis

317 2009 469 2064 tractatas
496 2019 516 2060 a
546 2001 687 2062 iutsctio
709 1998 815 2077 priori
840 1997 914 2060 tora'
929 2017 960 2075 p.
989 2005 1188 2058 rtet-tato
1209 2002 1307 2062 editus
1327 2009 1384 2076 est,
1414 2009 1524 2076 quarto
1544 2003 1617 2062 loco

316 2104 454 2179 intellepi
473 2101 677 2178 suspicemur:
699 2103 749 2163 liic
770 2105 848 2164 enim
868 2102 984 2162 libellus
999 2102 1119 2161 Donato
1134 2102 1275 2162 tribuitur
1296 2111 1325 2162 et
1338 2120 1358 2162 n
1373 2103 1495 2164 Iuliano
1508 2121 1617 2179 aram-

316 2209 428 2268 matico
448 2213 478 2284 et
498 2207 611 2282 tepitur
631 2207 713 2266 inter
734 2205 850 2265 Donati
868 2206 984 2279 scripta
1007 2206 1038 2264 in
1060 2202 1165 2264 cadim
1188 2203 1340 2266 Beruensi
1357 2213 1422 2279 207,
1446 2205 1492 2279 cs.
1515 2225 1619 2282 supra

312 2329 345 2387 p.
362 2310 394 2369 X
402 2311 490 2370 t'III.
529 2309 646 2368 Deinde
661 2308 810 2390 Honorati
831 2309 964 2380 nomine,
989 2307 1022 2366 id
1036 2308 1118 2382 quod
1133 2305 1265 2368 Maximi
1288 2305 1475 2387 l'ictorini*)
1498 2317 1527 2367 et
1549 2309 1617 2366 Me-

317 2415 406 2474 trorii
426 2413 570 2473 sacietate
590 2407 752 2482 eaincitur,
777 2408 880 2472 Seruii
900 2417 1050 2470 tractatus
1071 2411 1220 2483 metricos,
1244 2407 1385 2486 inprimis
1406 2413 1618 2471 centimetrum

316 2515 452 2588 catalupi
473 2519 582 2573 auctor
604 2512 787 2572 intellexisse
810 2513 949 2580 tridatem
971 2518 1000 2570 et
1022 2512 1104 2586 quad
1124 2512 1166 2570 ad
1180 2513 1318 2586 alteram,
1343 2514 1395 2587 qai
1415 2521 1544 2573 amatur
1559 2514 1620 2572 troc

316 2620 392 2686 laco,
416 2616 531 2676 Donati
551 2612 732 2689 discipulam
755 2615 862 2674 attinet
883 2612 1039 2690 Seruium,
1069 2616 1107 2673 de
1133 2615 1235 2673 littera
1257 2615 1296 2673 de
1324 2611 1441 2689 syllaba
1464 2615 1502 2674 de
1525 2617 1618 2690 pedi-

317 2721 370 2780 bas
396 2724 451 2779 etc.
479 2716 587 2777 librum
618 2717 682 2776 dici
707 2718 816 2792 optime
845 2716 961 2776 Kallias
990 2713 1067 2775 uidit
1091 2733 1123 2791 p.
1155 2723 1201 2779 27.
1253 2717 1385 2777 Alterius
1413 2734 1485 2777 nera
1513 2717 1622 2792 Serpit

317 2822 410 2881 libros
432 2835 537 2880 nouem
561 2817 610 2876 ‘de
631 2819 733 2877 littera
754 2825 783 2877 et
804 2819 842 2877 de
863 2814 1065 2877 barbarismo'
1089 2818 1133 2876 aa
1148 2817 1260 2877 Donati
1279 2816 1512 2878 commentarios
1532 2818 1619 2891 rese·

318 2924 427 2983 rendas
448 2936 511 2980 esse
526 2926 624 2996 patet,
649 2937 840 2994 quamquam,
865 2921 940 2994 quid
960 2919 999 2978 de
1014 2920 1180 2978 uenenaria
1201 2917 1347 2980 librorum
1361 2922 1616 2994 enarradarum,

319 3041 379 3086 aaa
401 3024 473 3082 satis
494 3027 620 3094 caristat,
646 3017 707 3081 nisi
720 3022 803 3094 qaod
816 3019 889 3080 inde
909 3021 1054 3094 efficitur,
1079 3022 1131 3081 snb
1146 3022 1250 3096 Seraii
1262 3023 1383 3081 nomine
1403 3023 1621 3099 multoplures

318 3125 548 3189 commentarios
562 3120 656 3182 medii
678 3124 749 3182 aeui
761 3123 942 3198 temporibus
958 3121 1152 3184 circumlatas
1170 3122 1277 3197 fuisse,
1302 3141 1391 3198 quam
1413 3125 1497 3185 notis
1513 3127 1620 3186 adhuc

320 3233 523 3290 innotuerunt.
568 3225 676 3299 Itaque
698 3241 759 3284 non
782 3226 894 3299 dubito,
918 3227 990 3299 pain
1014 3234 1042 3285 et
1057 3227 1108 3284 itte
1122 3225 1224 3301 Serpii
1243 3232 1402 3299 tractatus,
1427 3243 1511 3302 quem
1527 3227 1621 3287 liuius

319 3332 390 3392 libri
408 3347 441 3405 p.
467 3333 637 3386 tra-toa
657 3329 789 3401 primum
810 3327 907 3402 edidi,
938 3335 1029 3401 atquc
1056 3329 1095 3398 is,
1126 3329 1212 3388 cuias
1237 3326 1414 3402 [rnamenta
1442 3345 1482 3388 ea
1503 3331 1620 3389 codicis

322 3439 377 3492 123
398 3437 464 3490 arte
484 3431 579 3506 petita
601 3427 688 3502 infra
710 3430 811 3505 capite
841 3429 887 3488 VI
898 3431 1112 3504 proposituras
1132 3446 1213 3502 sum,
1244 3431 1287 3490 ad
1307 3431 1504 3490 nouenariran
1525 3428 1620 3490 utum

320 3549 476 3594 numerum
492 3532 707 3607 pertinuerint.
751 3530 905 3591 Prisciani
925 3547 998 3591 nera
1018 3531 1091 3590 libri
1111 3533 1222 3607 uipinti
1246 3548 1282 3592 eo
1302 3534 1406 3608 effecti
1425 3549 1488 3591 esse
1509 3529 1620 3592 uiden·

321 3644 379 3704 tur,
402 3635 484 3710 quod
505 3634 549 3693 ad
570 3629 781 3705 duodeuipinti
803 3634 880 3692 artis
898 3636 1121 3708 prammaticae
1148 3635 1242 3694 libros
1269 3643 1459 3695 accesserunt
1479 3635 1555 3694 liber
1580 3635 1622 3692 de

321 3737 479 3797 duodecim
517 3735 643 3809 Verpilii
674 3735 822 3794 Aeneidos
848 3736 959 3810 primis
992 3734 1128 3796 uersibus
1160 3743 1251 3811 atque
1282 3736 1320 3796 tle
1352 3733 1473 3796 nomine
1498 3751 1619 3812 preno-

321 3842 401 3900 mine
421 3845 476 3899 etc.
499 3838 624 3897 libellus.

415 3941 519 3999 Vtrum
547 3945 646 3999 autem
674 3940 822 4014 Asperian
848 3937 1035 4002 intellexerit
1066 3939 1205 4016 carmani
1229 3943 1376 4018 scriptor,
1410 3940 1618 4016 Imrioremne,

322 4041 376 4118 qui
398 4041 526 4115 dicitur,
552 4057 593 4100 an
614 4057 698 4114 eum,
727 4057 813 4116 quem
840 4041 927 4102 truita
954 4041 1027 4102 libri
1042 4059 1078 4118 p.
1102 4047 1219 4101 aa—at
1240 4041 1339 4112 edidi,
1361 4043 1474 4102 certius
1496 4043 1623 4112 definiri

323 4146 433 4220 nequit.
479 4145 577 4218 Atque
603 4143 777 4220 Pompeium
804 4160 863 4218 quo
890 4141 958 4204 iure
986 4143 1097 4217 Afrum
1126 4146 1256 4219 dicerit,
1286 4143 1349 4206 iam
1377 4142 1496 4205 Keilius
1517 4161 1552 4220 p.
1579 4151 1621 4203 27

391 4428 418 4492 *J
442 4431 575 4495 Per-peram
598 4434 667 4480 enirn
690 4430 814 4481 Sionrrus
838 4431 897 4481 otini
921 4433 995 4482 caesi.
1014 4447 1091 4485 mser.
1109 4431 1183 4485 Bern.
1204 4433 1212 4481 Ι
1231 4448 1257 4498 p.
1276 4435 1326 4483 422
1345 4447 1396 4482 rem
1416 4433 1450 4481 ita
1468 4432 1621 4497 explicauit,

325 4509 351 4548 ut
369 4513 457 4547 ornnes
480 4499 543 4546 istos
568 4498 645 4548 iibros
669 4501 770 4550 Petrum
796 4499 924 4548 Danielem
947 4501 1067 4550 lrnbnisse
1085 4501 1162 4562 idque
1179 4501 1229 4550 iilis
1249 4501 1333 4550 rrerbis
1352 4505 1487 4551 ‘uenerunt
1504 4499 1536 4550 nd
1555 4508 1621 4551 nos’

323 4568 418 4685 ipstprp2
432 4576 550 4616 testatum
574 4583 632 4618 esse
653 4567 756 4617 diceret.
793 4567 887 4616 Eodem
913 4570 974 4617 uitio
997 4569 1086 4634 lapsus
1113 4579 1153 4618 est
1175 4568 1325 4618 Streuberus
1349 4568 1476 4634 Piriioiogi
1499 4578 1559 4622 torn.
1583 4569 1622 4619 tlt

326 4651 340 4699 p
392 4699 436 4763 *ἢ
455 4702 515 4751 lude
533 4702 602 4766 quod
622 4704 642 4751 is
663 4718 712 4752 rron
733 4703 860 4753 Maximus
878 4703 1026 4754 Victorinus
1046 4703 1120 4769 piano
1140 4705 1258 4764 nomine,
1286 4705 1331 4754 sut
1351 4704 1478 4754 Maximus
1501 4715 1620 4764 runcatur,

325 4770 447 4836 explicari
465 4781 562 4836 potest,
581 4772 624 4834 qui
643 4771 736 4820 iactum
755 4773 802 4832 sit,
822 4785 849 4820 ur
866 4771 932 4820 orodi
951 4773 1017 4821 sorni
1038 4773 1153 4822 hominos
1172 4773 1351 4822 ‘niaximiani’
1373 4787 1463 4822 nornen
1483 4771 1621 4837 tingerent.
