3412 5452
287 349 394 398 cvap
804 333 853 383 DE
871 330 1074 412 Funvtnttu

329 522 393 586 Edu
417 539 533 602 utroque
564 528 687 584 testante
716 521 927 582 Consentio
1051 493 1069 520 ⁴⁵

289 624 580 706 plusquamperfecto
609 631 706 692 carel,
735 623 921 685 Cominio·
1003 631 1011 674 ῖ
1059 627 1068 688 “,

287 746 354 790 nus
382 735 480 800 lumen
511 725 629 786 ederam
659 741 725 812 esse
757 723 829 786 dicit
857 725 920 799 (cs.
1027 765 1033 796 ,-

289 825 456 906 Gainsredi
477 826 530 904 qui
545 825 661 888 dicitm
675 835 824 902 excerpta
839 835 920 888 auct.
1004 875 1009 882 .

294 930 393 993 Vatia.
423 933 451 992 V
465 949 500 1008 p.
526 937 583 988 150
604 930 652 990 ed.
677 927 784 1004 Mai).

359 1049 405 1110 VI
430 1049 534 1110 deden
556 1045 761 1112 Einsidlensis
784 1054 820 1106 15
841 1065 920 1108 saec.

288 1153 322 1214 Χ
342 1152 386 1212 ad
407 1147 563 1212 unuani·
592 1149 630 1209 de
656 1147 829 1212 accentibus
849 1148 924 1210 libri

288 1258 401 1328 locum,
437 1251 491 1328 qui
517 1259 560 1312 est
584 1269 617 1328 p.
643 1258 717 1326 526,
742 1258 761 1311 8
789 1253 835 1326 II,
866 1242 931 1326 bees

288 1356 377 1416 babet
409 1351 545 1430 marpini
578 1347 768 1430 adscriptum
791 1372 827 1431 p.
860 1359 922 1426 108,
969 1420 972 1430 ⁴
1182 1419 1214 1431 ,,

288 1475 369 1519 man·
393 1473 473 1517 saec·
497 1456 544 1516 X:
969 1435 979 1462 k
1091 1422 1249 1482 ddarutus
1268 1438 1300 1496 p.
1327 1426 1372 1494 17,
1399 1426 1441 1496 ²³.

333 1555 482 1639 Sineipul]
501 1557 573 1618 Sine
589 1559 685 1637 capite
700 1555 747 1617 uel
761 1560 825 1619 sine
841 1559 923 1637 prin·
977 1557 1028 1616 ¹Vl
1056 1565 1099 1617 cst
1127 1557 1270 1635 sinciput,
1299 1573 1366 1616 cunr
1394 1552 1582 1632 intellegatur
1697 1579 1698 1606 r

289 1661 355 1739 cipe
377 1677 429 1720 seu
452 1660 618 1738 posteriora
644 1661 705 1736 (stc)
729 1677 798 1740 pers
819 1660 924 1740 capitis
951 1666 1094 1720 sensatum
1117 1666 1215 1738 capul.

290 1760 337 1822 uel
361 1769 482 1822 senalus
504 1773 600 1841 caput.
639 1761 768 1823 Cicero
790 1779 863 1822 uero
879 1761 923 1822 di·

292 1863 414 1924 nridinnr
438 1862 557 1942 capitis,
588 1863 793 1926 Flauianus
821 1881 923 1924 sanum

292 1973 381 2045 ceput
402 1963 477 2027 dicit
497 1963 544 2026 uel
567 1965 657 2026 semis
678 1971 776 2044 ceput.

375 2169 437 2230 Sed
456 2176 552 2230 restat
573 2167 638 2230 alia
660 2167 797 2245 qrcuestio
818 2167 985 2232 litteraria.
1025 2168 1167 2246 Catadupi
1188 2168 1267 2230 enim
1284 2167 1442 2231 Bobicnsis
1464 2168 1585 2246 antiqui

285 2270 464 2346 {Muratori
487 2269 689 2346 Antiquitates
710 2269 842 2332 Italicae
863 2272 932 2348 III,
952 2280 1031 2350 ¹820,
1061 2273 1106 2346 cs.
1138 2273 1170 2334 C.
1199 2271 1328 2336 Tiuroti
1349 2281 1496 2349 excerpta
1520 2275 1541 2331 l.
1564 2275 1585 2331 l.
1663 2259 1668 2266 ¹
1700 2293 1701 2304 2

286 2393 321 2452 p.
347 2381 384 2435 at
406 2377 487 2448 net.)
510 2370 572 2433 iam
595 2373 706 2434 dudum
722 2371 833 2434 mentio
852 2373 944 2447 sacta
964 2383 1031 2435 erat
1054 2376 1113 2434 bae
1135 2376 1166 2435 in
1188 2390 1224 2433 re
1244 2382 1274 2434 et
1294 2371 1587 2446 alieiffersclaeidio
1688 2417 1690 2425 2

292 2475 378 2549 olim,
410 2473 481 2536 dein
504 2491 523 2533 a
545 2472 648 2536 Keilio
677 2483 768 2550 atque
796 2476 960 2553 Mardara,
989 2475 1042 2551 qui
1069 2493 1136 2536 cum
1164 2474 1229 2536 alia
1256 2483 1317 2536 tum
1345 2477 1422 2536 baec
1448 2473 1586 2537 exbibet:

292 2577 428 2641 ‘Librum
451 2577 472 2638 I
493 2575 639 2637 Flauiani
661 2579 699 2637 de
720 2592 864 2637 consensu
886 2575 1040 2638 numinum
1062 2585 1091 2638 et
1113 2573 1335 2658 uerborum)

376 2683 469 2742 Hunc
489 2676 587 2755 ipitur
608 2681 705 2740 locum
727 2695 789 2739 uno
810 2671 955 2740 censensu
977 2695 1085 2748 omnes,
1109 2677 1163 2755 pai
1186 2676 1217 2738 in
1240 2681 1299 2739 bac
1320 2676 1497 2754 quaestione
1518 2695 1587 2741 eno·
1702 2753 1703 2762 ἵ

292 2783 398 2845 danda
419 2783 618 2856 sudauerunt,
642 2780 720 2842 satis
738 2778 938 2857 probabiliter
966 2782 1010 2840 ad
1037 2780 1173 2857 quintum
1202 2779 1338 2842 Obarisii
1365 2780 1473 2842 librtam
1495 2789 1587 2842 rettu-

292 2888 403 2945 lerunt.
448 2881 540 2944 Cuius
567 2881 668 2958 operis
695 2881 790 2944 libras
816 2890 957 2959 quattuor
983 2881 1121 2959 priores,
1158 2901 1232 2958 quos
1259 2900 1279 2941 a
1308 2880 1413 2957 quinta
1438 2879 1589 2944 sunnetas

293 3003 515 3061 nonnumquam
549 2983 716 3060 separatim
750 2992 779 3044 a·
803 2983 944 3045 librariis
976 2983 1108 3060 scriptos
1132 2983 1233 3058 fuisse
1259 2983 1401 3046 conicere
1427 2982 1515 3060 iicet,
1551 3003 1587 3044 en

296 3089 387 3148 babes
409 3085 522 3147 diserte
544 3094 733 3148 muneratos
754 3085 787 3148 in
808 3090 951 3163 catalopo
972 3085 1244 3162 arammaticorum
1271 3085 1439 3161 Beruensi,
1469 3088 1508 3146 de
1530 3105 1589 3162 pua

294 3189 383 3250 buius
408 3187 509 3264 partis
536 3187 640 3264 capite
664 3187 765 3265 primu
788 3187 983 3250 dissentimus
999 3206 1033 3265 p.
1058 3187 1277 3249 CXXXIIIII:
1306 3189 1350 3248 De
1371 3187 1468 3250 Italia
1488 3234 1583 3250 .....

295 3287 537 3352 renidentium·
558 3290 640 3372 IIII.
1444 3277 1447 3290 '

378 3393 488 3467 Itaque
515 3409 618 3452 rerum
646 3401 736 3468 etque
765 3400 929 3469 temporum
956 3390 1068 3454 notitia
1090 3390 1256 3468 paullatim
1279 3389 1441 3468 diffluente
1463 3391 1588 3461 accidit,

295 3503 326 3557 ut
355 3492 491 3555 Charisii
518 3492 638 3554 nomine
664 3493 817 3555 obliuione
843 3497 956 3555 obtecto
983 3493 1048 3556 eiras
1074 3493 1193 3570 scripta
1220 3495 1308 3554 ruodo
1333 3493 1507 3556 Geminiani
1537 3513 1589 3555 uo

294 3595 375 3657 mine
393 3603 654 3672 proponerentur,
677 3595 765 3658 caius
785 3595 831 3658 rei
846 3600 879 3658 K
878 3596 967 3658 eil-ius
982 3594 1177 3658 uerisimilem
1191 3611 1316 3656 causam
1331 3594 1470 3656 reddidit
1479 3597 1588 3672 praes.

299 3696 419 3759 Obaris.
439 3715 472 3774 p.
497 3696 654 3768 XLVIII,
681 3699 770 3759 mode
793 3697 947 3760 Flauiano
968 3697 1091 3760 cuidam
1113 3695 1336 3772 tribuerentur,
1366 3700 1449 3773 quod
1469 3697 1590 3773 paridem

296 3817 464 3862 eromenes
491 3797 588 3875 ipsius
613 3799 748 3861 Charisii
772 3799 972 3878 praenomine
997 3802 1157 3873 confictum
1185 3806 1252 3860 erat
1279 3797 1338 3874 ita,
1365 3806 1403 3860 ut
1427 3797 1491 3861 iam
1512 3799 1590 3861 satis

296 3900 420 3964 uetustis
448 3899 630 3977 temporibus
657 3904 718 3963 duo
750 3901 812 3964 ista
843 3901 969 3965 uomina
1001 3901 1091 3980 quasi
1116 3904 1199 3962 nulle
1232 3899 1295 3962 nisi
1323 3899 1456 3975 fortuito
1486 3921 1589 3964 rerum

295 4022 416 4066 conexu
437 4002 481 4061 ad
500 4020 563 4064 sese
584 4003 763 4065 accedentia
790 4007 878 4090 made
904 4004 1068 4070 coniuncta
1095 4003 1388 4078 circumferrentur,
1417 4005 1505 4065 modo
1530 4021 1590 4080 pro

295 4124 328 4167 se
353 4107 493 4183 quodque
521 4104 706 4166 auctoritate
733 4105 879 4182 uiuerent.
932 4109 995 4180 Ouo
1017 4108 1138 4182 sactum
1167 4113 1227 4185 est,
1254 4105 1290 4166 let
1317 4103 1440 4166 iamin
1466 4106 1591 4168 scleoliis

297 4206 502 4268 Beruensibau
524 4217 553 4268 et
575 4207 771 4270 dominianus
792 4218 822 4270 et
836 4208 1007 4271 Flauianus
1023 4188 1154 4270 seorsim
1169 4209 1382 4282 laudarentur,
1406 4207 1590 4270 coniunctim

296 4307 329 4369 in
352 4317 418 4368 arte
440 4325 591 4388 anonyma
613 4309 765 4372 Beruensi
780 4328 816 4387 p.
845 4319 912 4386 133,
939 4319 974 4370 29
1001 4319 1092 4387 atque
1114 4310 1199 4385 apud
1222 4311 1454 4372 Malserlraaum
1476 4319 1505 4371 et
1528 4312 1590 4372 Cle-

365 4612 392 4678 *l
412 4615 488 4665 Recte
506 4617 534 4666 ll.
554 4617 648 4666 Kellios
673 4617 757 4666 Herm.
775 4617 786 4666 l
804 4631 829 4684 p.
849 4619 898 4668 333
920 4617 987 4666 huuc
1011 4616 1111 4666 riudam
1135 4633 1184 4667 non
1210 4619 1243 4668 nd
1265 4618 1453 4668 celeberrimum
1478 4617 1591 4666 codicem

299 4681 491 4748 Neapolitanum
521 4686 645 4748 pertinere
671 4700 750 4750 posse
774 4685 850 4747 uidit,
879 4687 975 4751 quippe
997 4685 1042 4747 qui
1065 4685 1137 4736 Bobii
1160 4688 1272 4751 scriptus
1299 4697 1324 4736 et
1350 4701 1438 4736 ornnes
1465 4686 1592 4736 contineat

297 4751 409 4812 quiaque
427 4753 513 4810 libius,
533 4753 557 4800 in
577 4768 684 4814 utrorum
704 4754 892 4804 uniuersitatem
912 4754 961 4802 iste
979 4754 1055 4802 rrerba
1074 4755 1178 4804 minime
1200 4756 1342 4818 orrodrant,
1360 4764 1385 4804 et
1402 4768 1450 4803 suo
1469 4755 1522 4803 loco
1542 4751 1590 4802 So-

298 4819 387 4885 sipstri
407 4821 508 4868 nourlne
525 4822 611 4870 addito
630 4823 654 4871 iu
674 4822 763 4871 eodem
783 4821 824 4870 illo
843 4821 958 4886 catalogo
978 4833 1137 4872 enumeretur
1155 4838 1181 4889 p.
1200 4823 1259 4874 821.
