3394 5448
310 391 493 441 ccxxxv111
600 381 649 430 ors
669 378 820 431 rvtmno
838 378 1035 431 ronsrano
1054 347 1295 431 onauuamco

305 569 393 629 Item:
418 567 538 630 ‘Abiit
561 567 729 628 excessit
752 567 876 628 euasit
900 569 1053 647 erupit'.
1098 568 1182 638 Item,
1212 568 1348 645 quotiens
1376 567 1466 628 medii
1490 576 1519 628 et
1541 585 1586 646 po·

303 656 408 714 stremi
432 672 538 714 uorsus
560 654 829 722 consonantia'est,
853 651 994 712 utillud:
1095 701 1099 709 .

473 737 625 799 Plaudit
647 746 682 798 et
704 737 900 817 adpositas
922 739 1064 816 spargit
1086 739 1122 798 in
1146 755 1209 798 ore
1231 757 1344 799 rosas.

389 872 564 953 Polyptoton
589 882 632 933 est
654 872 809 934 multitudo
831 891 952 934 casuum
974 874 1117 934 uarietate
1140 873 1286 943 distincta,
1309 880 1354 932 ut:

474 957 602 1019 Litora
627 957 809 1020 litoribus
831 961 1041 1028 contraria,
1066 956 1248 1020 fluctibus
1271 959 1388 1019 undas
1596 981 1607 1019 a

472 1043 668 1123 lnprecor.
693 1062 790 1105 arma
812 1046 941 1114 armis,
965 1054 1134 1123 pugnent
1156 1044 1303 1123 ipsique
1327 1049 1563 1123 nepotesque.

303 1129 391 1191 Item:

472 1213 520 1273 lix
543 1212 665 1275 nihilo
689 1213 844 1274 nihilum
868 1215 909 1275 ad
932 1213 1088 1275 nihilum
1111 1233 1219 1294 posse
1240 1214 1398 1274 reuerti.

302 1300 376 1361 item
400 1299 567 1360 Persius:

471 1386 614 1448 Marcus
637 1384 753 1445 Dama.
782 1384 915 1463 Papae!
947 1383 1071 1445 Marco
1094 1383 1303 1463 spondente
1325 1401 1540 1444 recusas-
1596 1405 1615 1443 n

471 1467 618 1531 Marcus
641 1469 750 1530 dixit:
774 1471 826 1531 ita
850 1477 919 1537 est:
943 1470 1113 1545 adsigna,
1137 1469 1272 1540 Marce,
1296 1466 1469 1531 tabellas.
1502 1477 1505 1485 '

303 1571 393 1632 ltem:
418 1570 503 1631 ‘llic
525 1577 613 1632 tuus
636 1571 761 1651 pater?
784 1570 1245 1651 patremhuncappellasl
1268 1589 1366 1632 nuuc
1383 1569 1454 1631 tibi
1476 1572 1587 1650 patris

302 1674 434 1718 nomen
456 1657 561 1718 uenit
582 1659 619 1716 in
643 1657 839 1717 mentemt’

388 1841 399 1925 ΙΙ
415 1845 435 1904 i.
452 1839 514 1904 tab
530 1839 544 1926 ll
564 1843 741 1922 Paradigma
769 1850 814 1904 est
836 1845 998 1924 propositio
1021 1843 1148 1924 exempli
1170 1843 1315 1906 hortantis
1338 1853 1389 1905 aut
1410 1843 1586 1904 deterrentis.

302 1927 535 2000 llortantis,ut:
950 1975 953 1983 .

470 2017 638 2076 Antenor
659 2013 784 2094 potuit
805 2013 939 2075 mediis
962 2013 1116 2095 elapsus
1138 2014 1289 2077 Achiuis

219 2159 223 2166 ,
471 2098 651 2179 illyricos
672 2107 875 2180 penetrare
897 2101 1004 2161 sinus

303 2192 333 2245 et
355 2192 463 2245 cetera.
502 2184 693 2254 Deterrentis,
717 2197 767 2246 ut:

471 2271 513 2330 tt
535 2288 605 2331 non
627 2271 681 2332 sic
703 2270 889 2350 Phrygius
911 2279 1088 2350 penetrat
1109 2269 1387 2333 Lacedaemona
1410 2276 1537 2349 pastor

471 2353 733 2436 Ledaeamque
757 2353 931 2416 Helenam
952 2355 1136 2418 Troianas
1160 2358 1261 2416 uexit
1283 2354 1325 2416 ad
1348 2353 1473 2416 urbes.
1596 2376 1616 2414 n

302 2457 477 2535 Paradigma
501 2455 612 2518 dictum
636 2457 802 2536 exemplum
826 2457 896 2518 dicti
925 2457 974 2518 uel
1001 2460 1072 2520 lacti
1099 2456 1222 2519 alicuius
1248 2465 1298 2519 aut
1320 2475 1356 2516 er
1379 2455 1467 2517 simili
1488 2461 1535 2516 aut
1555 2451 1586 2514 o'x

302 2540 436 2604 dissimili
457 2560 567 2620 genere
590 2545 772 2604 conueniens
795 2545 831 2614 ei,
856 2561 943 2622 quam
967 2545 1113 2621 ponimus,
1137 2540 1255 2626 rei,·ut
1278 2551 1335 2604 est:
1359 2540 1401 2601 ‘T
1409 2560 1460 2602 am
1482 2540 1495 2599 l
1500 2542 1585 2602 orti-

302 2636 359 2688 ter
381 2629 462 2689 ruit
483 2636 571 2708 aput
593 2627 798 2708 Hipponem
822 2627 961 2708 Scipio,
986 2647 1092 2708 quam
1114 2628 1241 2688 Vticae
1263 2628 1379 2690 Cato'.

1597 1949 1616 1989 tt

302 2863 526 2899 stttmmnvmmm.

386 2921 561 2978 41nlionns
587 2941 616 2995 p.
641 2926 694 2978 37:
737 2920 904 2997 Polyptoton
926 2951 967 2962 -
989 2931 1112 2997 nepotes.
1157 2921 1237 2978 ltem:
1268 2918 1334 2977 ‘ttae
1361 2930 1427 2977 tuus
1454 2927 1529 2994 pater
1549 2945 1586 2958 -

305 3009 331 3062 in
355 3008 494 3063 mentem!

368 3092 406 3147 14
429 3090 563 3150 Iulianus
583 3111 612 3164 p.
638 3097 692 3148 48:
738 3093 892 3166 paradigma
915 3123 956 3134 -
979 3093 1053 3149 Cato.

307 3324 420 3360 conrcrs
438 3324 590 3361 nemausas
609 3311 658 3361 tot
677 3325 824 3361 racanato.

371 3381 384 3427 1
403 3373 538 3445 abscessit]
560 3379 611 3428 Cic.
630 3380 655 3428 in
674 3378 748 3433 Catil.
767 3379 802 3428 11
819 3395 877 3442 cap.
898 3381 912 3427 1
964 3377 1068 3426 mednet
1083 3377 1206 3442 postremi
1283 3379 1299 3426 4
1315 3375 1461 3426 Polibtoton
1510 3373 1585 3423 uarie

302 3457 377 3496 tatem
448 3450 463 3497 5
482 3442 581 3511 Litora]
605 3446 683 3512 Verp.
702 3450 764 3498 Aen.
784 3446 831 3497 IV
847 3449 911 3503 628:
929 3447 964 3509 rs.
982 3446 1049 3498 Don.
1065 3462 1093 3510 p.
1114 3447 1174 3506 398,
1193 3447 1227 3495 28
1307 3446 1323 3495 8
1342 3443 1381 3492 Ex
1400 3439 1490 3508 nihilo]
1510 3442 1587 3492 Persii

301 3515 358 3567 Sat.
377 3514 489 3576 11184,
507 3514 685 3577 cfilsid.or.
704 3515 720 3564 Ι
740 3518 783 3577 35,
803 3519 835 3564 17
903 3511 1053 3578 ilPersius]
1074 3513 1130 3564 Sat.
1154 3512 1182 3561 V
1196 3515 1235 3562 ⁷⁹.
1256 3514 1288 3563 81
1358 3514 1391 3562 to
1407 3511 1556 3560 marcidama

301 3597 402 3632 :scissae
474 3586 503 3631 11
525 3594 551 3631 ut
568 3583 642 3647 signa
714 3585 744 3632 12
763 3593 821 3632 tuus
840 3593 909 3648 patet
960 3581 1009 3630 lroc
1027 3581 1073 3630 tibi
1142 3583 1172 3630 14
1191 3580 1350 3646 praepositio
1421 3580 1452 3630 16
1470 3581 1576 3628 Antenor

306 3651 385 3716 Verp.
405 3651 471 3700 Aen.
491 3651 507 3698 1
526 3653 587 3708 242,
606 3651 640 3712 cs.
659 3652 726 3703 Don.
744 3667 771 3714 p.
790 3651 851 3711 402,
870 3654 905 3701 30
972 3649 1054 3698 aciuis
1073 3647 1177 3698 illiricus
1264 3651 1297 3698 19
1314 3647 1362 3697 hac
1379 3661 1430 3696 non
1450 3647 1473 3696 si
1491 3645 1574 3711 frigius

305 3719 383 3783 Verp.
404 3720 469 3768 Aen.
491 3718 549 3767 VII
568 3721 622 3768 363
691 3718 839 3769 anetensem
911 3721 942 3768 nt
962 3719 1030 3767 dicta
1047 3717 1192 3782 exemplum
1262 3731 1294 3765 ex
1311 3715 1433 3765 similium
1451 3726 1495 3764 aut
1557 3715 1584 3760 11

301 3822 454 3900 ¹conueniens
474 3821 528 3899 eius
546 3793 722 3885 cdmponimus
740 3821 776 3868 rci
845 3823 878 3871 23
897 3820 972 3886 perlit
988 3819 1104 3869 Iulianus
1122 3824 1147 3868 et
1165 3817 1283 3868 Isidorus
1301 3833 1341 3868 or.
1356 3817 1374 3865 Ι
1391 3820 1436 3904 311ι
1447 3819 1483 3866 34
1532 3823 1584 3880 aput

300 3903 419 3955 rpponem
473 3899 560 3951 utrque

830 4060 1064 4069 Ἥ
1110 4063 1112 4068 .

386 4249 552 4310 Praetereo
581 4251 644 4311 loci
671 4266 732 4309 non
754 4247 852 4326 pauci
880 4247 1000 4309 Iuliani
1026 4266 1045 4307 α
1067 4247 1229 4308 cardinale
1254 4247 1292 4305 de
1319 4243 1501 4305 Lorenzana
1521 4237 1585 4302 editi

300 4352 416 4416 codicis
439 4353 601 4413 tiernensis
623 4350 742 4414 anxilio
765 4349 876 4428 optime
897 4357 1062 4428 sanantur,
1086 4357 1132 4420 nt,
1156 4347 1183 4410 si
1204 4349 1359 4408 Iulianum
1381 4349 1489 4408 iterwn
1505 4345 1584 4424 prelo

301 4456 438 4518 minere
459 4455 525 4532 puis
546 4463 677 4530 statuat,
703 4451 782 4514 artis
804 4451 970 4514 Bernensc's
997 4456 1023 4513 is
1050 4451 1198 4512 rationem
1221 4451 1331 4510 habeat
1352 4467 1442 4525 qnam
1464 4445 1585 4509 momine
1674 4435 1675 4438 '

299 4565 339 4622 sit
359 4557 613 4639 necessarium).
1508 4563 1510 4568 ·

369 4817 397 4880 ²¹)
415 4816 456 4866 Ex
474 4816 563 4865 loliani
581 4825 635 4864 arte
652 4814 732 4865 multa
750 4815 775 4863 ia
793 4827 914 4879 magnum
932 4813 1024 4861 librum
1042 4809 1188 4876 glossarum
1207 4821 1308 4875 recepto
1325 4807 1407 4860 luisse
1425 4821 1503 4873 supra
1518 4803 1585 4857 docui

301 4901 327 4954 p.
348 4885 439 4936 XLlV.
459 4883 503 4944 Ll,
529 4895 555 4934 ut
577 4883 653 4934 huius
672 4899 773 4946 quoque
791 4881 922 4931 codicibus
940 4881 972 4930 ad
992 4879 1116 4930 lulianum
1135 4879 1322 4929 emendandum
1341 4879 1462 4929 utendum
1479 4878 1519 4927 sit.
