3420 5450
516 361 626 414 cont).
645 361 775 415 BERNN.
795 364 844 414 522
864 368 892 416 el
909 366 967 416 432.
1304 383 1393 431 xum

113 560 148 617 illa
172 555 282 630 ulique,
312 573 382 630 quae
409 571 461 614 neo
488 555 599 614 auditur
622 550 687 631 (us)
716 572 767 612 nec
797 556 920 630 tangitur
950 553 1032 631 (us),
1065 558 1137 616 sicut
1165 557 1264 616 dicitur
1290 559 1393 616 iustitia

112 646 183 720 pietas
204 649 232 696 et
253 640 370 714 reliqua.
414 641 528 715 Proprie
550 633 615 713 (ee)
639 640 672 696 ad
695 657 796 716 corpus
818 641 953 716 pertinet,
983 645 1046 718 quia
1069 659 1289 717 amoenamus,
1320 646 1393 719 quod

113 735 189 806 potest
211 743 255 783 res
278 743 357 798 esse,
380 734 408 782 et
429 727 572 800 proprium
595 734 622 782 et
644 725 841 800 appellatiuum
864 725 960 800 habet,
990 737 1021 785 ut
1042 728 1143 786 dicitur
1168 728 1253 784 Roma
1282 728 1393 785 ciuitas:

112 813 278 874 communiter
300 809 334 867 ad
357 827 413 868 rem
437 810 597 885 coniungis,
628 810 734 867 scilicet
761 811 929 885 spiritalem,
958 829 1027 888 qnae
1050 831 1151 890 corpus
1174 830 1234 870 esse
1257 830 1311 870 non
1334 823 1395 887 pol·

113 909 160 970 est,
183 906 214 954 ut
235 895 335 955 dicitur
356 895 462 953 iustitia
489 895 578 970 pietas
602 889 736 972 [iustitia]
765 896 901 969 dignitas,
930 901 992 972 quio
1020 897 1066 954 illa
1094 914 1202 972 semper
1229 899 1393 970 communio,

113 986 170 1042 idest
194 981 359 1057 appellatiun
387 981 531 1053 dicuntur,
558 982 620 1055 quin
650 982 740 1038 omnia
768 981 901 1056 spiritalia
929 985 1036 1040 nomina
1060 984 1103 1040 liis
1126 980 1174 1059 (ht)
1196 982 1293 1040 similia
1318 1000 1395 1040 num·

113 1085 178 1146 quam
199 1069 358 1142 proprium,
380 1066 429 1123 sed
450 1082 558 1140 semper
579 1066 774 1142 appellatiuum
796 1067 906 1124 liabent.

184 1185 240 1245 His
266 1183 368 1244 arbas
393 1184 493 1243 codex
514 1184 558 1242 ad
576 1185 666 1255 tinem
690 1183 856 1259 perductas
878 1191 936 1252 est,
965 1186 1052 1245 cuias
1073 1186 1101 1243 si
1120 1186 1194 1245 uilia
1216 1183 1395 1260 patiendam

113 1303 191 1364 nepae
218 1286 306 1346 malti
330 1287 425 1360 pretii
444 1285 565 1361 publici
589 1287 665 1345 iaris
687 1284 801 1358 fecisse
828 1287 947 1360 uidear,
977 1287 1011 1346 id
1031 1293 1060 1345 el
1082 1289 1230 1347 assentior
1247 1285 1346 1359 facile
1365 1292 1395 1347 et

112 1392 160 1452 loc
177 1402 330 1464 eosspero
344 1389 473 1462 inpenae
487 1384 696 1462 confessuros,
720 1388 796 1449 naec
819 1404 935 1464 qaoque
957 1389 1002 1447 od
1021 1390 1114 1448 medii
1134 1391 1206 1449 aeai
1226 1389 1394 1449 doctrinam

112 1490 284 1552 nairatilcm
301 1491 426 1566 penitas
447 1491 685 1564 connascendom
708 1505 766 1550 non
789 1506 919 1566 prorsas
940 1489 1039 1562 samse
1060 1492 1259 1565 neplependa.
1304 1491 1395 1565 Epai-

111 1596 166 1656 den
185 1593 265 1652 donc
286 1592 500 1668 arlipropltam
520 1593 650 1667 primam
666 1593 792 1667 repperi
811 1593 902 1652 tritam
923 1593 1099 1666 linaearum
1121 1594 1286 1652 uarietates
1307 1598 1396 1666 atque

107 1696 298 1772 proprietates
318 1695 399 1754 inter
419 1710 452 1754 se
473 1701 699 1770 cooperantem.

183 1795 244 1857 Sed
263 1797 311 1856 lais
332 1796 513 1876 appendicis
533 1798 598 1857 loco
626 1796 662 1856 ab
691 1797 846 1871 quondam
874 1798 1046 1870 arpnmenti
1071 1796 1296 1856 similitudinem
1323 1797 1396 1856 litet

110 1901 280 1973 admonere,
309 1914 388 1974 qaae
409 1901 441 1958 in
463 1905 601 1959 extremo
626 1899 740 1962 codicis
764 1897 926 1958 Beraensis
949 1905 1008 1958 432
1024 1899 1147 1974 papiae
1168 1915 1247 1960 saec.
1271 1897 1401 1958 Iit-X

110 2003 142 2061 de
160 2001 272 2061 Donati
292 2006 361 2060 arte
382 2003 498 2077 sarapta
519 2007 590 2061 sont
611 2003 700 2076 quasi
719 2001 952 2061 introductoria.
996 1999 1075 2060 Stant
1096 2008 1197 2060 eatena
1218 2001 1311 2060 llaec:

182 2103 326 2161 Sciendum
350 2113 391 2160 est
414 2105 518 2179 primo,
549 2106 612 2178 quia
640 2105 790 2162 auctoritas
817 2106 1012 2178 scripturarum
1041 2105 1084 2161 uel
1113 2105 1211 2160 artium
1234 2102 1396 2179 plerumque

110 2189 186 2247 tribus
212 2189 420 2246 commendatur
448 2189 551 2262 modis,
581 2190 651 2246 idest
672 2187 849 2246 corillrmatur
871 2205 1005 2263 persona,
1028 2190 1089 2247 loco
1113 2198 1141 2245 el
1164 2198 1302 2263 ternpore,
1325 2189 1397 2245 sicul

109 2276 229 2350 scriptum
252 2283 296 2331 est
317 2274 345 2330 ln
368 2275 528 2348 euangelio:
560 2274 641 2332 ‘Cum
666 2283 746 2331 natus
769 2282 843 2331 esset
864 2273 940 2330 lesus
963 2277 990 2330 in
1012 2274 1149 2333 Bethleem
1176 2273 1273 2330 ludeae
1296 2272 1397 2346 (iudae)

109 2363 132 2416 in
151 2358 243 2417 diebus
265 2358 381 2416 Herodis
403 2358 499 2434 regis!
545 2360 661 2418 liicendo
691 2362 778 2416 enirn:
815 2358 886 2416 ‘cum
917 2369 996 2416 natus
1024 2369 1097 2416 esset
1123 2357 1224 2437 lesus,
1251 2374 1396 2433 personam

109 2444 232 2510 ostendit;
261 2443 399 2502 addendo:
429 2444 474 2501 ‘in
497 2444 634 2502 Bethleem
657 2445 753 2502 ludeee
776 2442 893 2515 (iudael'
922 2444 1012 2501 locum
1042 2444 1212 2501 demonstrat
1234 2451 1261 2498 ot
1284 2442 1397 2499 subiun-

107 2529 201 2604 geudo:
224 2529 266 2584 ‘iu
289 2529 385 2586 diebus
408 2529 534 2586 llerodis'
559 2537 666 2604 tempus
689 2530 816 2587 declarat.
846 2528 965 2586 Persona
987 2538 1076 2586 autem
1098 2531 1179 2586 liuius
1202 2529 1269 2586 artis
1291 2528 1397 2600 llooati,

107 2615 174 2671 locus
199 2615 284 2671 llomn
312 2623 371 2686 est,
406 2625 542 2690 tempore,
572 2615 728 2686 mlestus,
756 2614 914 2671 Constantis
936 2614 1111 2688 imperatoris
1135 2613 1183 2671 lilii
1206 2613 1395 2671 Constantini:

108 2701 208 2774 scripsit
229 2700 301 2756 lianc
323 2707 409 2756 artem
433 2701 509 2757 iussu
531 2699 591 2757 lulii
615 2715 707 2775 papae.

181 2799 258 2860 Eius
283 2799 400 2860 codicis
426 2805 638 2873 ornamentum
668 2805 827 2866 occarnle,
855 2805 889 2860 at
915 2800 1002 2867 solet,
1030 2798 1190 2874 descripsit
1214 2798 1254 2857 H.
1277 2799 1397 2858 Kailios

102 2899 197 2977 praes.
226 2902 272 2962 ael
300 2901 493 2961 Consentiam
518 2918 550 2976 p.
576 2906 640 2959 329.
669 2907 735 2960 330.
780 2900 844 2962 Sed
872 2902 904 2962 ia
937 2902 1058 2961 atinae
1085 2901 1226 2976 popinae
1258 2901 1397 2974 maraine

105 3003 252 3078 inferiori,
288 3019 369 3078 qaae
400 3003 439 3063 de
464 3003 648 3063 monasterio
676 3003 855 3064 Miciacensi
879 3005 997 3079 scripta
1024 3009 1107 3071 sant,
1141 3002 1185 3062 ila
1212 3001 1396 3062 saltabant:

104 3103 152 3166 llic
174 3111 218 3164 est
239 3101 318 3165 liber
340 3104 436 3164 sancti
457 3101 609 3164 maximini
632 3104 814 3164 miciaeemsi
836 3103 1018 3181 monaslterii
1041 3119 1130 3180 quam
1146 3106 1172 3164 si
1188 3103 1254 3182 quis
1268 3101 1306 3162 de
1320 3103 1396 3162 istoc

104 3203 161 3265 loco
180 3205 185 3284 Ι
203 3204 338 3286 Vespillo
361 3223 470 3286 sep...
507 3207 642 3267 Ceteram
664 3207 742 3267 doec
763 3207 858 3267 aaran
881 3209 981 3267 omnia
1003 3209 1034 3267 in
1055 3222 1170 3266 rasura
1190 3207 1397 3280 acceptassent

103 3310 175 3382 alio,
205 3325 270 3384 aaa
297 3314 417 3379 aetna,
446 3325 549 3370 mann·
595 3308 735 3370 Codicem
757 3309 842 3368 Petri
861 3309 999 3368 Danielis
1023 3307 1135 3381 faisse,
1160 3309 1341 3384 priusquam
1364 3308 1396 3366 in

104 3410 264 3486 Bonparsii
279 3417 462 3487 potestatem
484 3413 619 3486 ueniret,
644 3428 712 3472 cuna
733 3413 887 3487 suspicari
906 3418 1138 3472 consentaneam
1159 3411 1213 3482 sil,
1238 3415 1298 3468 tam
1319 3425 1397 3469 con-

99 3514 234 3584 sanata
264 3527 318 3586 ea,
348 3515 432 3588 qaod
457 3514 593 3576 Danielis
619 3529 711 3574 mana
739 3519 768 3572 et
795 3513 899 3573 titulus
926 3513 1062 3572 oniensi
1086 3511 1159 3571 libri
1185 3512 1219 3571 in
1240 3511 1399 3587 peculiari

101 3615 236 3675 micitia
264 3617 402 3691 scriptas
429 3621 473 3676 est
499 3620 529 3675 cl
555 3617 667 3676 maltam
693 3614 820 3689 sinpalis
845 3616 969 3688 popinis
990 3619 1079 3674 natae
1100 3613 1249 3673 adiectae.
1294 3611 1399 3687 Neque

101 3733 166 3776 aare
193 3717 300 3777 malim
323 3723 396 3792 pasl
423 3717 507 3777 Petri
526 3717 662 3777 Danielis
683 3722 808 3777 mortem
831 3715 1022 3789 Bonnarsios
1049 3717 1129 3776 nanc
1157 3714 1292 3775 codicem
1313 3729 1398 3773 snam

100 3817 181 3892 sent,
205 3819 265 3879 sed
279 3819 376 3894 prior
396 3819 501 3878 habuit
523 3819 637 3879 Paulas
652 3818 810 3887 Patauino,
833 3834 919 3893 anem
942 3832 1023 3878 anno
1046 3824 1122 3876 1603
1143 3832 1205 3877 ana
1226 3832 1294 3876 cam
1316 3814 1397 3875 Bon

100 3923 196 3993 perseo
223 3921 314 3980 Petri
337 3920 475 3981 Danielis
508 3920 602 3982 libros
629 3921 733 3980 emnse
766 3925 873 3980 auctor
900 3927 945 3981 est
972 3919 1102 3998 Daulias
1127 3935 1150 3978 s.
1180 3935 1210 3976 a.
1239 3916 1397 3991 Bonpars,

100 4025 177 4081 citius
204 4039 320 4084 nomen
348 4039 531 4097 qttampaam
554 4025 586 4083 in
607 4021 713 4083 codice
734 4038 881 4096 nonquam
903 4029 1012 4101 aperte
1037 4022 1181 4097 scriptam
1207 4026 1267 4092 est,
1297 4027 1398 4078 tomen

98 4126 197 4184 litteris
220 4124 257 4184 P.
282 4125 320 4183 P.
344 4125 538 4186 adnotatioai
564 4127 595 4185 in
617 4127 725 4201 primo
751 4127 868 4200 popina
896 4127 1032 4200 marpiai
1057 4123 1234 4197 adscriptae
1260 4119 1399 4180 subiectis

98 4228 264 4300 se'pnilicari
286 4225 425 4302 uidetur,
453 4243 515 4301 aaa
543 4229 593 4287 air
614 4227 721 4286 doctas
749 4225 851 4286 eodem
872 4227 961 4288 modo
983 4226 1202 4286 Consentianoe
1224 4224 1300 4282 artis
1322 4220 1397 4281 Ber-

98 4330 187 4388 nensis
208 4328 338 4388 tilulum
354 4343 536 4403 pernersnm
564 4330 782 4403 latterpretatas
803 4335 864 4398 est,
894 4346 953 4404 qao
973 4329 1090 4388 Kailios
1116 4325 1238 4386 librarii
1264 4340 1398 4384 errorem

97 4431 204 4492 sudam
226 4431 313 4492 aian
328 4447 362 4505 p.
386 4435 452 4490 333.
476 4436 545 4490 att.
591 4429 625 4489 P.
648 4429 771 4490 Patauii
792 4437 907 4500 aulem,
936 4433 989 4506 proi
1015 4431 1068 4489 illa
1090 4428 1240 4488 aacodala
1262 4447 1396 4522 quiNq3

98 4539 244 4606 ςιυιῑΑῑῡ
266 4532 359 4592 aneis
381 4531 517 4601 inclusit,
541 4532 635 4592 acrba
658 4533 733 4591 llaec
755 4537 839 4591 sant:
872 4530 951 4592 llaec
973 4527 1066 4592 uerba
1090 4530 1221 4609 quinque
1244 4529 1398 4588 ciuitatum

96 4631 127 4695 ab
153 4635 257 4714 inepto
290 4632 441 4711 scriptore
469 4634 564 4713 posita
593 4639 661 4693 sunt
689 4650 723 4692 ex
748 4634 825 4692 notis
848 4631 882 4701 O.
907 4633 938 4696 C.
959 4649 1116 4712 perperam
1146 4629 1318 4698 intellectis,
1347 4631 1399 4708 qiii

97 4735 198 4815 alioqui
221 4733 389 4798 dubitabat
410 4751 447 4794 aa
470 4734 671 4814 significarent
693 4735 828 4814 quintum
851 4733 1005 4795 consulem
1021 4735 1217 4814 autquinque
1232 4732 1396 4792 ciuitatum.

97 4838 189 4916 itaque
211 4857 253 4900 ne
278 4853 387 4898 errare
409 4835 562 4898 uideretur
584 4842 743 4912 utrumque
766 4837 866 4916 posuit
887 4835 920 4897 P.
943 4835 976 4897 P.
1000 4838 1170 4912 Boaaarsii
1189 4848 1294 4894 nomen
1315 4839 1344 4893 et
1366 4834 1398 4892 in
