3400 5450
304 341 346 406 78
823 341 892 392 ARS
910 339 1088 393 ANONYMA

305 528 581 608 Conparatiuns
610 529 755 608 ‘gradus
784 527 966 604 ,abracius
1003 527 1109 589 casui
1145 525 1367 604 adiungitur
1394 522 1602 606 {utriusque

304 633 459 692 numeri.
504 630 634 692 Dicimus
657 631 750 691 enim:
779 629 906 690 ‘Hector
927 630 1035 691 iortior
1061 625 1204 691 Diomede
1232 627 1279 688 uel
1303 626 1442 688 audacior
1469 625 1602 688 Troianis

305 732 381 793 luit’.
427 733 548 804 Quoties
570 730 698 808 aliquem
722 730 818 791 alieno
840 731 944 809 generi
966 748 1172 810 conparamus,
1196 738 1266 792 tunc
1289 729 1502 810 conparatione
1524 726 1601 790 abla-

304 835 368 895 tiuo
382 831 527 912 singulari
542 835 684 911 iungitur,
701 840 733 892 ut
747 831 870 893 ‘Hector
885 832 991 893 lertior
1006 830 1171 893 Diomede’.
1208 832 1333 903 Quando
1355 837 1453 891 autem
1477 827 1601 908 aliquem

303 953 358 997 suo
390 935 493 1012 generi
525 951 738 1015 conparamus,
776 941 846 994 tunc
880 937 1090 1013 conparatiuus
1123 931 1253 995 ablatiuo
1285 932 1392 1013 plurali
1425 933 1538 1000 seruit,
1575 941 1621 991 uta
1681 951 1682 954 ¹

304 1036 428 1098 ‘Hector
450 1037 589 1098 audacior
611 1036 748 1098 Troianis
771 1036 848 1097 iuit'.
894 1035 1058 1115 Aliquando
1082 1036 1295 1114 conparatiuus
1317 1035 1415 1096 minus
1438 1052 1454 1094 a
1478 1033 1600 1112 positino

305 1137 466 1217 significat,
491 1139 626 1219 quamuis
649 1139 774 1218 recipiat
795 1138 1055 1216 conparationem,
1080 1145 1112 1198 ut
1134 1141 1227 1198 ‘mare
1243 1137 1398 1198 Ponticum
1421 1133 1540 1196 dulcius
1561 1143 1600 1194 est
1681 1209 1682 1222 χ

305 1257 392 1318 quarn
417 1249 515 1302 cetera
539 1242 654 1302 maria'.
690 1241 787 1301 illinus
809 1239 888 1300 enim
911 1239 1058 1318 significat
1079 1240 1290 1319 conparatiuus
1313 1235 1456 1299 neutralis
1479 1235 1599 1304 dulcius,
1681 1313 1682 1318 ἵ

304 1359 393 1430 qpam
416 1344 441 1402 si
463 1341 586 1404 dixisset
607 1343 735 1421 position
758 1341 854 1402 dulce.
899 1339 971 1401 inde
992 1338 1211 1401 Priscianus
1238 1340 1324 1402 dicit:
1370 1341 1433 1402 Est
1455 1338 1599 1418 quando
1681 1373 1682 1422 }

305 1445 576 1522 conparatiuus
598 1450 825 1521 conparatur
841 1442 1015 1504 etminus
1037 1443 1249 1522 significat,
1268 1449 1319 1502 ut:
1343 1439 1630 1504 ‘marePonti-to
1681 1443 1682 1496 5

305 1563 384 1606 cum
402 1543 621 1606 dulciusest
642 1561 749 1624 quam
772 1545 925 1604 cetera'.
947 1543 1098 1605 llicnon
1115 1542 1311 1613 addulcia,
1329 1543 1392 1604 sed
1416 1542 1458 1602 ad
1482 1559 1601 1603 amara

305 1647 403 1708 la'cta
438 1647 709 1725 conparatione
742 1644 783 1706 ad
821 1646 1015 1706 contraria
1053 1644 1236 1717 ostendit,
1274 1663 1373 1706 mare
1409 1643 1599 1704 Ponticum

305 1765 459 1827 paruum
487 1746 630 1826 aliquid
660 1746 891 1815 dulcedinis,
920 1765 1027 1825 quarn
1057 1755 1181 1809 cetera
1211 1744 1361 1807 babere.
1411 1745 1487 1806 ltem
1518 1745 1599 1813 scias,

305 1850 531 1929 conparatiuum
555 1865 612 1909 una
635 1845 747 1927 syllaba
770 1849 893 1909 uincere
908 1849 1078 1925 genetiuum
1094 1849 1230 1928 positioi,
1254 1865 1269 1908 a
1286 1864 1344 1925 quo
1361 1848 1444 1909 uenit
1461 1844 1504 1929 111.
1515 1841 1598 1926 87¹1]

306 1953 362 2013 nisi
386 1953 445 2012 sint
466 1948 617 2018 anomala;
641 1951 666 2010 si
688 1966 760 2028 ergo
783 1949 915 2011 dicamus
930 1949 1032 2028 ‘pilon’
1055 1951 1228 2028 ‘egregior’‚
1251 1949 1365 2011 hiatum
1387 1945 1599 2009 intolerabilem
1612 1959 1633 1999 ιι

306 2053 403 2116 tribus
424 2049 578 2114 uocalibus
600 2051 728 2112 iecisset.
773 2051 845 2113 lnde
868 2052 1085 2113 Priscianus
1108 2052 1193 2114 dicit:
1216 2048 1291 2112 lllud
1309 2067 1427 2129 quoque
1443 2047 1598 2110 nomnium

307 2163 367 2226 est,
397 2154 475 2235 quod
498 2154 598 2215 emnia
620 2156 810 2232 conparatiua
833 2155 976 2232 positiuos
998 2171 1056 2215 una
1080 2151 1190 2232 syllaba
1213 2153 1361 2230 excedunt
1383 2159 1413 2212 et
1434 2149 1601 2231 superlatiui

307 2257 516 2337 conparatiuos
539 2273 597 2316 una
620 2253 730 2333 syllaba
753 2263 911 2336 superant,
939 2262 974 2316 ut
996 2254 1064 2316 ditis
1088 2254 1177 2315 ditior
1200 2252 1377 2325 ditissimus,
1401 2254 1475 2315 clari
1496 2251 1600 2313 clarior

307 2356 501 2428 clarissimus,
530 2359 608 2436 nigri
631 2354 747 2435 nigrior
770 2358 963 2434 nigerrimus,
993 2354 1099 2417 similis
1121 2356 1246 2417 similior
1269 2355 1451 2426 simillimus,
1476 2355 1599 2434 exceptis

307 2461 390 2540 prior
412 2461 529 2540 primus
552 2469 581 2522 et
603 2459 751 2521 anomalis
773 2459 872 2519 minor
895 2459 988 2518 maior
1010 2456 1086 2538 plus.
1130 2457 1184 2518 Est
1211 2457 1330 2539 quando
1352 2476 1407 2538 par
1429 2464 1477 2520 est
1497 2473 1597 2535 conpa-
1610 2467 1631 2506 a)

307 2563 420 2623 ratiuus
447 2560 644 2640 superlatiuo,
674 2568 707 2622 ιιι
733 2560 840 2639 agilior
867 2559 1028 2638 agillimus,
1058 2559 1172 2621 iacilior
1200 2559 1366 2622 facillimus.
1413 2559 1467 2621 Est
1488 2556 1598 2639 quando

309 2665 437 2726 uincitur
465 2664 665 2744 superlatiuus
693 2681 751 2724 una
781 2660 906 2742 syllaba,
936 2668 970 2722 ut
998 2661 1124 2722 inlerior
1151 2662 1286 2731 iniimus,
1322 2661 1448 2722 ulterior
1475 2660 1598 2728 ultimus,

308 2768 438 2827 exterior
454 2777 605 2828 exuemus
619 2764 667 2827 uel
684 2766 821 2825 extimus.
851 2764 1047 2844 Conparatiua
1071 2772 1169 2825 autem
1193 2767 1301 2834 omnia,
1324 2772 1358 2825 ut
1379 2765 1421 2824 ait
1441 2761 1597 2823 Priscia-

308 2887 390 2939 nus,
414 2870 424 2928 i
447 2868 570 2928 breuem
593 2865 727 2928 uocalem
751 2865 863 2928 babent
885 2873 954 2926 ante
977 2883 1021 2934 or,
1044 2873 1077 2925 ut
1099 2865 1215 2928 doctior
1229 2867 1371 2946 grandior
1387 2864 1494 2926 melior
1508 2865 1598 2923 minor

307 2971 415 3037 iunior,
439 2986 494 3049 pro
515 2971 660 3038 iuuenior,
691 2969 760 3045 quia
782 2969 812 3028 in
836 2966 916 3028 nullo
943 2968 1135 3047 conparatiuo
1158 2969 1166 3026 i
1189 2977 1257 3030 ante
1280 2987 1315 3028 οι·
1336 2966 1463 3048 produci
1491 2970 1631 3045 potesate

308 3069 453 3151 quaedam
476 3072 487 3130 i
508 3068 574 3132 loco
597 3071 788 3132 consonantis
809 3068 929 3138 habent,
954 3077 987 3130 ut
1010 3070 1104 3131 maior
1126 3071 1220 3148 peior.
1267 3068 1425 3130 Sciendum
1451 3065 1597 3146 estquod

309 3173 407 3233 omnia
430 3175 621 3252 conparatiua
643 3174 674 3233 in
693 3191 727 3232 or
742 3170 910 3231 desinentia
934 3172 1101 3232 communis
1123 3180 1194 3232 sunt
1214 3171 1341 3249 generis,
1357 3170 1436 3232 idest
1451 3167 1598 3231 masculini

308 3281 338 3335 et
359 3274 511 3345 feminini,
547 3281 579 3336 ut
607 3275 655 3336 bic
683 3281 713 3334 ot
740 3273 813 3334 baec
841 3273 970 3343 doctior,
999 3273 1047 3333 bic
1070 3281 1099 3333 et
1122 3272 1196 3334 haec
1223 3273 1402 3352 sapientior:
1423 3272 1479 3333 'sio
1507 3271 1600 3332 hicet

307 3377 382 3438 baec
410 3377 509 3438 aerior
538 3375 641 3437 melior
670 3376 764 3437 maior
785 3375 870 3454 peior
892 3375 1016 3437 inertior
1038 3377 1198 3454 pauperior
1220 3374 1360 3435 audacior
1383 3381 1413 3436 et
1435 3382 1546 3443 cetera,
1573 3379 1600 3430 et

308 3485 421 3540 mutata
444 3496 478 3539 or
501 3479 531 3538 in
554 3495 589 3540 us
611 3479 724 3541 iaciunt
745 3479 971 3556 conparatiuum
995 3479 1094 3538 neutri
1116 3477 1236 3556 generis
1259 3484 1288 3538 et
1309 3476 1460 3547 adoerbii,
1490 3483 1522 3536 ut
1546 3472 1630 3533 hoco

308 3583 427 3660 sapiens
456 3581 618 3660 sapientius
641 3585 670 3640 et
691 3580 842 3658 sapienter
870 3580 1044 3659 sapientius,
1074 3587 1105 3640 et
1132 3579 1188 3640 hoc
1216 3579 1311 3640 audax
1338 3578 1481 3640 audacius
1504 3584 1533 3637 et
1551 3593 1597 3636 aa·

307 3681 410 3744 dacter
438 3679 486 3742 uel
515 3681 668 3743 audaciter
695 3681 843 3742 audacius.
894 3679 966 3742 ltem
994 3680 1052 3742 hoc
1080 3700 1148 3742 acre
1176 3683 1275 3742 acrius
1303 3688 1332 3741 et
1360 3681 1471 3742 acriter
1497 3678 1596 3740 acrius.
1681 3693 1682 3718 ι

307 3783 381 3845 ltem
404 3782 461 3845 hoc
488 3782 622 3863 prudens
650 3783 829 3862 prudentius
852 3789 881 3842 et
903 3782 1067 3862 prudenter
1095 3782 1289 3862 prudentius,
1312 3781 1370 3844 hoc
1393 3781 1524 3843 clemens
1542 3779 1597 3841 cle·

307 3887 437 3948 mentius
460 3893 490 3946 et
511 3885 674 3946 clementer
703 3883 878 3946 clementius
904 3885 989 3953 lacit;
1020 3891 1049 3944 et
1076 3886 1152 3946 sicut
1185 3886 1370 3965 conparatiui
1392 3903 1497 3946 omnes
1517 3885 1545 3944 in
1565 3899 1597 3941 or

307 4042 536 4050 --—--=——

376 4142 488 4192 Pieotor
539 4141 657 4191 audatior
725 4139 886 4191 3ablatiuos
954 4139 1067 4190 4ieotor
1135 4140 1322 4208 bconpatiuus
1392 4140 1504 4191 diector
1549 4147 1596 4188 uo·

306 4209 382 4260 ianus
450 4209 650 4277 8conparatina
719 4209 882 4275 ilpossitiuo
933 4203 1092 4272 Priscianus]
1113 4207 1228 4273 ipsa,
1248 4208 1336 4260 1411.
1406 4211 1439 4260 10
1455 4219 1598 4274 conpararor

307 4288 332 4328 et
349 4279 438 4328 minon
491 4287 529 4328 est
546 4277 650 4340 quando
669 4277 702 4326 ad
719 4277 848 4327 contraria
864 4286 1020 4343 conparatur
1038 4285 1063 4326 et
1079 4275 1164 4326 minus
1183 4276 1299 4344 positiuo
1316 4275 1447 4342 signilicat
1458 4276 1597 4326 Pristim

309 4349 339 4397 11
357 4344 463 4396 “dultin
532 4348 565 4395 ad
583 4360 666 4408 mares
679 4360 747 4397 corr.
767 4360 838 4394 mara
925 4347 956 4396 13
974 4343 1111 4394 dulcidinis
1192 4346 1225 4395 14
1242 4359 1257 4394 a
1275 4357 1304 4394 co
1375 4347 1407 4397 lo
1424 4341 1595 4394 intolerabilem

308 4418 340 4468 19
357 4410 518 4481 Priscianus]
538 4414 557 4464 I
570 4430 599 4480 p.
619 4417 730 4476 100,1:
766 4412 829 4462 lllud
852 4427 956 4476 quoque
978 4412 1123 4476 sciendum,
1147 4412 1217 4476 qnod
1240 4413 1326 4462 omnio
1343 4422 1368 4462 et
1385 4413 1553 4479 comparatius
1573 4418 1597 4457 et

307 4483 465 4550 superlatiua
482 4483 589 4532 duarum
609 4483 736 4532 excedunt
754 4496 886 4531 numerum
905 4480 1060 4546 syllabarum
1079 4483 1195 4546 exceptis
1213 4483 1285 4546 prior
1297 4489 1324 4532 et
1335 4482 1434 4547 primus
1447 4475 1596 4530 etanomolis

306 4551 360 4605 his:
384 4551 469 4601 minor
486 4562 511 4600 er
527 4553 610 4600 maior
627 4561 655 4601 st
670 4552 745 4616 peior
763 4561 788 4599 et
805 4549 873 4616 plns.
944 4550 975 4599 17
999 4549 1128 4615 positione
1196 4551 1229 4600 20
1246 4550 1338 4615 primis
1408 4559 1447 4604 eet
1464 4543 1596 4612 quarn]cs.

306 4619 390 4673 Prisc.
409 4622 426 4670 1.
445 4623 507 4684 dp.
526 4621 584 4682 100,
605 4621 636 4668 11
705 4615 934 4684 21Estquando]
955 4618 1214 4680 rs.Pro'ao.I.l.12
1282 4620 1315 4668 22
1334 4618 1444 4668 uincitor
1509 4618 1596 4666 ibex·

308 4689 419 4738 ursimus
489 4687 636 4753 conparatio
655 4697 739 4736 autem
808 4682 966 4751 Priscianus]
987 4685 1020 4749 cf.
1039 4686 1056 4734 1
1073 4701 1100 4750 p.
1119 4689 1166 4750 91,
1186 4688 1232 4745 16,·
1255 4703 1282 4752 p.
1301 4688 1383 4745 eo,1
1469 4685 1500 4735 28
1517 4681 1595 4733 lentini

306 4756 339 4804 ‘29
357 4755 465 4805 inercior
533 4757 673 4821 pauperies
691 4754 810 4804 arrdntior
890 4757 923 4806 29
941 4753 1061 4810 mutatior
1078 4754 1104 4804 in
1124 4769 1153 4803 us
1222 4756 1255 4806 30
1273 4754 1408 4822 audatius,
1427 4753 1464 4806 bic
1527 4752 1554 4802 at
1574 4761 1596 4798 et

307 4823 397 4874 acriter
414 4825 498 4874 acrius
516 4835 541 4874 et
558 4822 649 4873 acriter
665 4824 749 4873 acrius
