3394 5448
439 332 738 388 .n1usnuuur1tn
758 334 972 388 snsnouvu.
1295 332 1356 399 277

148 519 230 580 lnter
252 517 363 581 llumen
387 527 416 579 et
437 521 562 581 lluuium
585 527 615 580 et
635 539 752 583 amnem
776 529 806 582 et
833 529 997 583 torrentem
1025 521 1082 582 hoc
1109 523 1248 592 interest,
1277 521 1356 599 quod

56 625 173 694 flumen
196 637 216 681 o
237 620 331 682 lloere
359 621 483 692 dicitnr,
517 621 627 682 fluuius
654 622 827 702 temporalis
855 641 930 703 aqua
959 631 1017 693 est,
1051 623 1148 684 amnis
1177 623 1214 684 ab
1243 623 1355 686 ambitu

59 722 305 800 cognominatur,
330 729 461 794 torrens,
491 725 542 801 qui
565 722 663 782 hieme
684 723 885 786 intumescens
912 723 1059 786 imbribus
1082 723 1260 806 niuibusque
1283 743 1355 786 con·

61 823 178 902 pietur,
203 831 313 884 aestate
336 831 484 902 torretur,
507 822 585 884 idest
606 825 746 887 siccatur.

32 940 45 978 ⁵
148 925 230 987 lnter
251 927 442 986 innocentem
465 935 496 986 et
516 927 675 987 innocuum
700 926 756 987 hoc
777 927 915 998 interest,
939 927 1017 1008 quod
1033 928 1177 989 innocens
1199 927 1355 990 sanctitate

59 1045 179 1087 morum
201 1025 392 1105 intellegitur,
415 1028 577 1095 innocuus,
601 1029 651 1106 qui
673 1028 801 1089 nocendi
824 1031 885 1089 uim
908 1047 968 1089 non
991 1027 1089 1089 hahet.

146 1129 228 1188 luter
249 1145 427 1206 generosum
451 1134 480 1188 et
502 1127 631 1188 nobilem
660 1127 717 1189 hoc
744 1129 883 1197 interest,
913 1127 992 1209 quod
1019 1146 1181 1208 generosus
1204 1148 1238 1191 ex
1262 1129 1355 1192 nobili

59 1247 175 1308 genere
197 1231 340 1299 nascitur,
364 1228 472 1290 nobilis
494 1227 636 1309 operibus
659 1228 705 1290 uel
728 1228 835 1310 opibus
857 1230 898 1290 nt.

146 1331 227 1393 lnter
249 1334 364 1409 regium
387 1339 418 1392 et
439 1330 570 1410 regalem
593 1329 650 1392 ltoc
670 1331 810 1402 interest,
835 1331 914 1409 quod
935 1332 1036 1414 regius
1058 1348 1134 1410 puer
1157 1339 1214 1402 est,
1244 1331 1355 1411 regalis

22 1451 45 1487 10
58 1454 130 1503 rex,
155 1433 205 1513 qui
227 1434 305 1511 regit
326 1450 461 1510 regnum.

146 1535 227 1596 lnter
254 1541 401 1596 amentem
432 1543 461 1594 ct
490 1533 657 1595 dementem
684 1531 742 1593 hoc
770 1534 908 1602 interest,
939 1533 1017 1611 quod
1046 1551 1148 1595 amens
1170 1541 1230 1597 tota
1254 1543 1354 1598 mente

58 1642 155 1707 caret,
180 1635 319 1715 demens,
342 1636 393 1714 qui
414 1643 529 1714 partem
552 1635 678 1705 retinet,
702 1635 786 1712 quasi
810 1633 979 1697 deminutus
1000 1643 1086 1715 parte
1108 1637 1226 1698 mentis.

146 1738 229 1798 lnter
255 1735 386 1817 pecudes
410 1744 438 1796 et
459 1754 567 1816 pecora
596 1737 653 1797 lroc
680 1737 818 1806 intercal,
848 1737 928 1814 quod
957 1739 1089 1817 pecudes
1112 1745 1260 1815 nmquam
1283 1758 1355 1800 oues

59 1847 174 1900 tanturn
197 1839 373 1919 accipimus,
397 1855 505 1918 pecora
529 1845 627 1899 autem
650 1839 779 1900 mixtura
801 1839 933 1899 omnium
956 1837 1137 1901 animalium.

23 1962 44 2000 rs
144 1941 224 2001 lnter
247 1940 452 2001 demonstrare
475 1947 505 2000 et
526 1946 693 2000 monstrare
715 1938 773 2001 hoc
794 1941 934 2010 interest,
958 1939 1037 2020 quod
1059 1948 1226 2002 monstrare
1249 1939 1352 2012 semel,

57 2042 263 2104 demonstrare
285 2049 385 2103 autem
406 2043 532 2121 saepius.

142 2143 222 2204 lnter
246 2142 366 2204 diuitem
391 2151 421 2204 et
442 2143 601 2204 honestum
624 2148 655 2203 et
676 2144 871 2222 pecuniosum
895 2149 925 2203 et
939 2141 1118 2223 locupletem
1134 2149 1165 2206 et
1179 2143 1352 2225 opulentam

57 2257 85 2306 ot
108 2245 230 2308 beatum
259 2244 314 2306 ltoc
341 2246 480 2314 interest,
512 2243 590 2321 quod
619 2243 704 2305 diues
732 2260 805 2304 auro
828 2249 857 2304 et
879 2252 1017 2322 argento,
1047 2243 1191 2306 honestus
1219 2245 1354 2308 moribus

57 2347 168 2407 dicitur
197 2355 227 2407 et
253 2346 394 2426 dignitate
423 2351 453 2406 ct
479 2343 660 2414 ltonoribus,
689 2345 870 2424 pecuniosus
897 2365 913 2407 a
941 2344 1101 2425 pecoribus
1123 2345 1247 2417 dicitur,
1270 2346 1352 2409 loen·

21 2448 168 2529 sopletem
192 2449 254 2526 agri
277 2449 402 2509 iaciunt:
432 2446 543 2508 dicitur
565 2445 602 2507 ab
626 2464 677 2516 eo,
707 2444 787 2526 quod
811 2448 850 2507 sit
877 2445 934 2507 loci
964 2447 1086 2526 plenus,
1117 2446 1276 2528 opulentus
1305 2447 1352 2511 his

56 2549 196 2610 omnibus
218 2547 340 2629 plenus,
364 2547 443 2609 beati
466 2547 635 2609 abanimo.
863 2609 865 2614 ,

141 2651 224 2712 Inter
246 2649 343 2730 palam
367 2657 396 2711 et
417 2667 519 2710 coram
541 2648 598 2709 hoc
613 2649 750 2719 interest,
773 2648 852 2729 quod
874 2649 971 2730 palam
995 2650 1128 2713 omnium
1150 2653 1350 2730 praesentiam

56 2760 154 2822 notat,
179 2771 280 2814 coram
303 2769 462 2832 personam
485 2751 622 2830 accipere
644 2749 803 2812 desiderat.

140 2855 222 2915 lnter
251 2852 352 2914 album
382 2860 412 2913 et
438 2850 599 2912 candidum
635 2849 692 2912 hoc
719 2854 860 2922 interest,
896 2850 975 2929 quod
1004 2849 1103 2913 album
1131 2853 1268 2916 naturale
1295 2862 1349 2924 est,

20 2954 217 3016 secandidnm
241 2972 310 3016 cura
334 2953 413 3016 iacit.

122 3178 136 3225 1
151 3184 177 3224 et
189 3172 287 3224 amritA
306 3187 415 3235 amnem,
427 3187 474 3224 om.
485 3170 539 3221 etC
591 3171 659 3233 quod
673 3171 750 3221 liuere
758 3169 881 3220 diciturA
900 3170 969 3233 quod
980 3171 1085 3231 llnmina
1095 3171 1225 3236 pluraliter
1233 3172 1362 3226 dicuntnr'

55 3245 149 3292 littttius
170 3241 317 3308 temporalis
330 3239 372 3290 ΒΟ
422 3238 610 3289 arbamnnun
662 3238 974 3302 3eognominaturcm.B
1008 3241 1120 3301 qnemA
1155 3241 1300 3296 intumescit
1310 3241 1352 3293 ΒΟ

52 3314 68 3361 t
86 3320 169 3362 estate
180 3311 201 3360 B
220 3309 313 3358 llttmen
331 3323 346 3357 ε
364 3307 442 3358 liuere
458 3307 560 3368 dicitur,
572 3308 666 3356 llumen
679 3321 694 3356 a
706 3305 918 3372 temporalisque
930 3315 978 3371 cst,
990 3320 1079 3357 amnes
1091 3307 1123 3356 ab
1138 3308 1236 3358 amoito
1254 3324 1352 3376 cogno·

53 3381 180 3442 minatur,
204 3387 302 3427 torrens
321 3376 364 3438 qni
383 3375 473 3440 hyeme
490 3375 636 3424 intumescit
653 3384 677 3424 et
693 3372 1010 3439 imbribus-completur
1023 3374 1194 3437 Gotdcsredus
1209 3391 1238 3441 p.
1252 3379 1284 3426 70
1334 3379 1351 3428 8

53 3447 203 3512 intelligitur
215 3447 339 3494 innocuus
352 3445 396 3506 qni
409 3457 459 3493 non
472 3443 549 3492 hebet
560 3443 611 3492 uim
623 3440 757 3490 innocendi
768 3441 788 3491 B
800 3442 922 3491 innocens
931 3468 965 3477 —
974 3441 1019 3504 qui
1028 3455 1078 3492 non
1090 3441 1166 3492 habet
1178 3444 1230 3492 uim
1243 3445 1351 3495 nocendi

53 3515 71 3563 Ο
90 3514 212 3576 Geticosr.
222 3529 250 3578 p.
263 3516 305 3570 80,
323 3512 358 3573 rs.
370 3512 445 3576 [loiff¹
456 3527 483 3575 p.
494 3513 544 3561 270
596 3509 692 3572 tquod
704 3509 962 3574 aicgenerosutusA
981 3510 1050 3572 quod
1062 3525 1203 3576 generosus
1222 3512 1350 3562 nascendo

52 3583 173 3648 ⁰peribns
191 3581 225 3631 sit
242 3581 275 3642 B,
294 3581 390 3644 aliquot
406 3579 634 3642 uerboracntpatt'o
646 3579 744 3631 relicto.
780 3577 921 3642 generosus
934 3578 1049 3626 nascitur
1060 3577 1201 3640 (nascendo
1212 3575 1247 3643 Ο)
1257 3581 1349 3630 nobilis

54 3652 146 3715 opibus
160 3646 222 3698 fltG
241 3647 413 3710 Gotdofredus
423 3663 449 3710 p.
459 3649 493 3697 80
543 3643 928 3710 iilnterregemctregslemG
963 3644 1013 3694 ltoc
1024 3654 1063 3694 est
1074 3645 1170 3696 interB
1205 3648 1273 3712 regis
1286 3662 1351 3713 puer

53 3717 71 3766 Ο
105 3732 173 3783 puer
184 3715 279 3781 regalis
292 3725 331 3765 est
342 3713 382 3764 ΒΟ
417 3715 482 3762 luter
495 3714 593 3777 regium
607 3723 631 3762 et
642 3727 728 3776 regern
740 3711 790 3760 ltoo
802 3714 918 3772 interest,
937 3713 1007 3775 quod
1019 3713 1106 3778 regius
1119 3729 1184 3779 puer
1195 3714 1288 3780 regalis
1301 3725 1349 3779 est,

54 3800 96 3832 tux
114 3784 178 3847 quia
197 3784 262 3848 regit
279 3797 386 3847 regnum
401 3781 518 3844 liotltosr.
529 3798 555 3845 p.
567 3783 608 3838 80,
627 3782 660 3844 es.
671 3781 748 3845 liciff.
758 3797 788 3844 p.
800 3782 852 3830 288
922 3781 952 3828 11
966 3789 1018 3830 tota
1030 3791 1115 3831 menta
1127 3783 1151 3830 Α
1168 3783 1193 3832 in
1212 3793 1264 3833 toto
1282 3795 1351 3832 caret

54 3862 135 3902 mente
155 3851 199 3900 ΒΟ
267 3852 299 3900 12
316 3850 418 3911 quiem.
433 3850 452 3898 ll
487 3848 592 3898 demens
604 3848 673 3913 paule
686 3845 810 3898 mentisC
828 3849 935 3913 reliquls
950 3850 1048 3899 omissis
1082 3849 1350 3912 retinetquasidemi-

53 3931 126 3970 notus
146 3927 223 3985 parte
238 3933 285 3968 om.
303 3917 323 3966 B
341 3931 429 3966 amens
447 3918 473 3965 in
491 3926 570 3966 totum
588 3926 657 3966 caret
673 3926 765 3976 mente,
784 3915 889 3965 demens
906 3927 1005 3980 partem
1024 3916 1114 3966 retinet
1125 3916 1208 3968 dictus
1224 3918 1350 3968 diminuta

54 4000 122 4052 parte
135 3987 232 4036 mentis
243 3985 414 4046 Gotlrcsretlua
423 4001 452 4049 p.
461 3987 495 4035 80
563 3985 595 4035 13
607 3984 735 4048 pellicem,
746 3980 813 4033 tac
847 3983 959 4048 pecudes
972 3993 1068 4034 tantum
1082 3999 1144 4034 oues
1156 3985 1296 4051 accipimus
1308 3985 1349 4036 ΒΟ

54 4059 83 4106 14
100 4055 252 4105 animalium
270 4063 310 4102 est
320 4051 361 4102 ΒΟ
378 4052 488 4117 pecudes
501 4060 597 4101 tantum
611 4066 673 4100 oues
685 4051 824 4116 accipimus
835 4076 867 4088 -
877 4051 1025 4101 animalium
1037 4060 1076 4102 est
1086 4053 1258 4116 Gctdcfreduc
1266 4070 1295 4117 p.
1305 4056 1347 4115 80,

52 4125 85 4186 rs.
96 4125 177 4188 1ὶεί).
190 4138 218 4186 p.
229 4123 280 4171 280
349 4122 381 4171 15
399 4121 424 4169 in
442 4131 585 4168 monstrare
603 4129 627 4168 et
638 4119 845 4168 demonstrareB
862 4127 1036 4170 monstramus
1054 4116 1129 4169 εειιιοι
1145 4121 1349 4172 demonstramus

54 4193 157 4257 saepius
169 4189 198 4250 B,
208 4189 274 4239 idem
286 4187 376 4248 (semel
387 4213 418 4222 -
428 4186 528 4251 sepius)
541 4185 560 4236 Ο
577 4193 603 4236 et
612 4187 784 4249 Gothosreduo
799 4202 827 4251 p.
836 4189 879 4250 80,
889 4187 924 4250 cs.
935 4187 1010 4252 lleiff.
1020 4205 1046 4252 p.
1059 4189 1110 4238 280
1179 4190 1211 4238 l'l
1223 4199 1248 4237 ct
1258 4188 1348 4254 ubique

52 4277 97 4309 om.
109 4258 152 4308 ΒΟ
188 4257 354 4322 pecuniosum
368 4256 468 4304 beatum
487 4255 635 4318 locupletem
655 4254 803 4318 opulentum
816 4253 864 4303 ltoc
876 4256 980 4304 interest
992 4255 1032 4304 ΒΟ
1100 4257 1132 4305 18
1149 4255 1223 4306 diues
1240 4267 1348 4321 argento

53 4342 168 4389 :utroque
186 4323 206 4374 B
224 4324 297 4373 dines
315 4336 378 4373 anto
394 4321 584 4388 argentoqueC
653 4323 846 4373 liidiciturcm.
856 4319 897 4371 ΒΟ
932 4333 957 4372 et
967 4322 1105 4372 honoribus
1114 4324 1205 4374 dicitur
1214 4324 1303 4373 beatus
1316 4325 1348 4372 ab

53 4396 136 4444 attinio
156 4391 309 4457 locupletem
327 4391 384 4456 agri
400 4390 497 4440 iacinm
516 4387 557 4440 ΒΟ
620 4391 653 4440 20
671 4389 753 4440 dictus
772 4388 792 4438 B
808 4389 891 4446 ,locis
910 4390 1001 4454 plenus
1019 4389 1061 4439 ΒΟ
1128 4393 1160 4440 21
1179 4391 1219 4440 lais
1237 4406 1286 4442 om.
1304 4389 1347 4442 ΒΟ

54 4462 172 4512 omuibus
191 4458 267 4508 bonis
285 4457 376 4524 plenus
395 4467 514 4520 tanquam
528 4453 668 4523 (tnntquam
678 4456 706 4520 Ο)
727 4457 847 4522 operibus
857 4458 961 4523 (opibus
972 4456 1004 4519 Ο)
1022 4459 1076 4508 auis
1090 4458 1203 4508 eminens
1214 4456 1256 4510 ΒΟ
1274 4458 1347 4509 dines

53 4545 110 4579 :roro
128 4537 304 4594 argentoque,
322 4527 447 4576 honestus
464 4527 578 4576 moribus
596 4525 700 4583 dicitur,
722 4525 877 4590 pecuniosus
895 4540 910 4574 a
927 4525 1063 4591 pecoribus
1081 4526 1185 4587 dicitnr,
1208 4527 1297 4576 beatus
1315 4527 1347 4575 ab

53 4600 146 4657 animo,
160 4594 279 4660 locuples
291 4594 322 4644 ab
335 4609 365 4645 eo
378 4594 449 4658 qnod
460 4595 494 4644 sit
505 4594 569 4644 locis
578 4594 680 4658 plenus,
690 4593 825 4660 opulentus
838 4593 957 4644 omnibus
967 4592 1007 4643 his
1019 4593 1110 4659 plenus
1120 4603 1240 4656 tanquam
1254 4593 1347 4658 opibus

54 4667 105 4716 suis
123 4666 242 4716 eminens
257 4663 428 4725 Gotdosredns
439 4679 466 4728 p.
475 4665 509 4714 80
577 4664 609 4711 22
623 4661 752 4711 hominnm
766 4661 937 4726 praesentiam
949 4661 1143 4727 (praesentium,
1156 4677 1225 4715 corr.
1238 4661 1302 4710 -iam
1315 4660 1347 4723 Ο)

53 4733 91 4783 ΒΟ
109 4734 225 4783 omniunt
239 4731 412 4795 praesentium
425 4731 448 4781 Α
510 4731 543 4781 23
555 4731 641 4795 accipe
653 4729 676 4779 Α
694 4745 740 4780 om.
750 4727 792 4778 ΒΟ
809 4728 894 4846 palam
906 4728 1036 4779 hominum
1047 4728 1216 4779 -desiderat
1229 4729 1346 4792 dctdofr.

51 4819 75 4865 p.
89 4805 127 4856 80.
141 4804 184 4864 91,
198 4799 233 4862 cs.
245 4799 321 4864 lteiff.
334 4815 361 4864 p.
372 4801 422 4850 280
479 4800 513 4848 24
523 4799 590 4847 lnter
602 4797 686 4848 album
697 4811 798 4848 -cura
820 4797 870 4846 scit
882 4813 929 4849 ort.
940 4798 972 4862 Α,
984 4797 1045 4852 cdd.
1054 4793 1097 4849 ΒΟ
1108 4803 1134 4848 et
1147 4796 1264 4860 Gotdofr.
1276 4813 1303 4862 p.
1313 4800 1346 4847 01
