3394 5448
471 337 764 390 ORTHOGRAPHIA
785 337 1051 391 arusianensis.
1347 337 1409 402 297

109 526 192 604 trunti
217 535 263 588 est
284 525 445 588 ‘cobibeo’.
489 525 663 587 iuniores
685 534 783 588 autem
812 527 890 587 idem
918 527 1001 589 ‘cio’
1024 545 1077 606 per
1100 526 1172 588 ‘ad’
1196 526 1413 606 componebant

109 629 179 688 loco
202 629 220 689 ἀ
245 649 261 690 ε
289 635 433 708 ponentes
462 634 492 689 et
519 627 652 690 dicentes
681 630 809 699 ‘accio'‚
841 629 920 690 unde
949 630 1006 709 ipsi
1034 647 1152 709 quoque
1180 628 1259 691 aliud
1286 628 1412 692 uerbum

109 729 330 792 deriuauerunt
358 735 516 792 ‘accerso'
545 731 651 792 tertiae
679 729 897 808 coniugationis
925 731 973 792 uel
1002 734 1172 794 ‘accersio'
1196 739 1318 810 quartae
1340 750 1413 793 con·

108 833 289 910 iugationis,
314 831 393 894 umis
415 833 579 894 seeundum
603 832 739 911 antiquos
762 835 903 895 ‘arcesso’
924 836 1045 904 tertiae,
1074 835 1207 894 iuniores
1229 839 1327 895 autem
1351 835 1413 894 ‘ac-

83 939 213 995 aeerso’
236 936 341 996 tertiae
366 936 413 996 uel
436 935 591 996 ‘accersio'
615 943 738 1016 quartae
759 935 920 996 inuenitur.
1016 928 1022 940 '

357 1172 394 1272 (t.
431 1171 813 1246 ORTHOGRAPHIA-
832 1171 1168 1248 musmuuusts

201 1325 339 1405 ‘Religio'
363 1326 431 1386 ideo
455 1325 571 1396 tlicitur,
596 1325 673 1403 qtrud
696 1326 808 1387 animas
830 1325 937 1404 religet
959 1326 996 1388 ad
1019 1325 1130 1388 cultum
1153 1327 1298 1388 diuinum.

201 1427 337 1509 ‘Scripsi’
367 1433 526 1506 propterea
554 1447 609 1509 per
636 1447 656 1508 p
682 1426 833 1498 scribitur,
862 1430 930 1508 quia
959 1427 1036 1508 apud
1066 1428 1197 1490 Graecos
1223 1447 1243 1507 p
1266 1434 1331 1488 ets
1355 1445 1412 1488 uua

112 1529 215 1592 littera
240 1537 299 1601 est,
323 1549 411 1610 quant
435 1536 600 1606 uocantur.

75 1645 98 1684 ¹⁰
200 1631 364 1694 ‘Assiduus’
389 1634 564 1693 ‘assecutus’
589 1633 728 1692 ‘assatus'
751 1650 806 1711 per
828 1631 901 1694 duas
923 1651 945 1694 s.

199 1736 370 1813 ‘aggestus'
388 1735 563 1812 ‘suggestio’
581 1732 825 1811 ‘suggerendum'
843 1731 1003 1812 ‘suggillat’
1020 1733 1211 1812 ‘suggillatio'
1229 1751 1283 1813 per
1298 1732 1372 1794 duas
1383 1751 1412 1810 g.

201 1835 334 1896 ‘Annuit'
359 1835 489 1896 ‘innuit'
515 1836 693 1896 ‘innocens’
717 1838 862 1896 ‘annunt’
887 1834 1054 1897 ‘annualis’
1080 1837 1333 1897 ‘anniuersarias’
1358 1852 1413 1914 per

115 1937 191 1999 duas
215 1956 245 1998 n.

202 2037 318 2098 ‘lmmo’
344 2038 512 2118 ‘impendit’
537 2035 683 2120 †‘immo'
708 2039 867 2118 ‘impietas’
892 2057 945 2118 per
968 2057 1008 2100 m.

74 2151 99 2191 τε

112 2243 165 2302 rit’
190 2245 338 2321 ‘occupat'
364 2261 417 2322 per
440 2241 512 2304 duas
535 2261 561 2303 c.

202 2343 309 2423 ‘Apud’
334 2343 430 2404 ‘illud’
455 2344 558 2406 ‘aliud’
584 2343 718 2423 ‘aliquid'
743 2361 797 2424 per
820 2343 848 2405 ἀ.

202 2444 318 2525 ‘Caput’
343 2446 463 2526 ‘inquit’
488 2447 599 2524 ‘atque'
623 2464 677 2526 per
700 2456 726 2515 t,
748 2463 809 2506 non
831 2463 885 2526 per
908 2445 936 2505 ἀ.

202 2543 303 2616 ‘Quot'
328 2549 393 2608 ‘tot'
418 2548 443 2608 si
466 2547 503 2608 tle
526 2565 653 2609 numero
675 2547 779 2618 luerit,
803 2565 857 2626 per
880 2553 893 2608 t
914 2545 1065 2608 scribitur.

74 2659 100 2698 ²⁰
202 2647 317 2727 ‘igitur’
342 2647 414 2710 ‘ilia’
439 2648 530 2709 ‘ilico’
555 2650 678 2729 ‘itaque'
702 2650 822 2728 ‘imago'
847 2649 961 2709 ‘icona’
987 2650 1153 2712 ‘imitatur’
1178 2650 1331 2712 ‘initium'
1356 2649 1413 2710 ‘iu-

115 2749 309 2813 maculatum’
334 2752 477 2812 ‘irritum'
501 2753 587 2830 peri
609 2750 738 2812 litteram
762 2752 912 2816 scribitur.

202 2853 318 2913 ‘Error’
343 2854 509 2930 ‘arrogans’
534 2853 721 2932 ‘corripiens'
746 2855 928 2934 ‘corruptus'
953 2853 1109 2931 ‘corrigit’
1134 2853 1270 2914 ‘corruit'
1295 2854 1411 2932 ‘garrit'

117 2957 244 3016 ‘narrat’
270 2956 384 3033 ‘porro'
409 2953 581 3034 ‘parricida'
606 2972 661 3034 per
683 2953 756 3016 duas
778 2975 803 3016 τ.

203 3055 330 3117 ‘Olierit’
356 3055 502 3116 ‘olientlit'
527 3056 680 3116 ‘cilicium’
705 3055 832 3118 ‘ellicus'
857 3075 912 3136 per
934 3055 1008 3118 duas
1030 3055 1051 3116 l.

74 3169 103 3209 ²⁵
204 3157 402 3236 ‘Imperator'
427 3160 531 3218 ‘actor’
556 3158 728 3220 ‘defensor'
753 3161 963 3238 ‘procurator’
988 3160 1237 3240 ‘conpaginator’
1261 3156 1411 3220 ‘bellator’

117 3259 302 3339 ‘proeliator'
328 3261 513 3320 ‘accusator'
539 3263 780 3340 ‘praesumptor'
805 3258 1012 3322 ‘uulnerator'
1036 3263 1222 3340 ‘protector’
1247 3259 1412 3322 ‘salutator'

118 3380 173 3441 per
196 3370 244 3423 tor
266 3360 406 3441 syllabam
430 3359 632 3422 scribendum.

203 3463 318 3542 ‘Opes’
349 3462 473 3542 ‘dapes’
503 3466 624 3524 ‘renes'
661 3466 786 3544 ‘penes'
818 3464 914 3525 ‘dies'
945 3467 1056 3526 ‘acies’
1089 3463 1233 3544 ‘glacies'
1266 3465 1411 3526 ‘macies’

281 3659 292 3686 r
366 3651 386 3687 te

185 3701 203 3749 4
220 3698 329 3763 eccelsia
348 3699 401 3750 tttt.
424 3703 488 3752 Post
504 3700 633 3750 inuenitur
650 3701 714 3752 lraec
731 3701 822 3752 addita
838 3710 908 3753 mant:
928 3703 1080 3768 Exemplum
1098 3702 1130 3752 de
1147 3703 1253 3752 suadeo.
1278 3701 1413 3752 Ouidius

117 3769 419 3834 metamorphoseos
438 3773 466 3819 tu
486 3769 568 3818 libro
587 3768 694 3818 vtttt⁰
712 3769 746 3832 (u.
765 3769 824 3835 90).·
843 3769 954 3820 Suasit
970 3785 1054 3821 amor
1071 3769 1213 3836 lacinus,
1230 3771 1338 3837 proles
1356 3785 1413 3835 ego

117 3836 208 3901 regia
227 3834 297 3886 Nisi
316 3835 423 3888 Scilla.

189 3903 754 3972 Geel.Einsldl.281raer.IXp.53sep.
824 3909 948 3971 lgreeos
1020 3909 1051 3957 10
1069 3906 1208 3972 suggessio
1260 3904 1413 3970 suggetlatio

119 3974 152 4021 14
170 3973 343 4022 accumulatus
413 3975 444 4024 ts
463 3973 562 4021 numiro
632 3975 664 4025 19
681 3974 724 4023 illa
776 3973 819 4022 ilia
835 3990 904 4029 εεττ.
918 3974 949 4024 P.
965 3974 1050 4024 Gallus
1063 3975 1188 4025 Moretiua
1238 3974 1326 4038 igona,
1344 3989 1413 4024 corr.

117 4039 247 4091 Morelt'us
313 4043 411 4106 nuper
429 4041 436 4090 i
454 4041 526 4091 litera
594 4042 627 4092 23
645 4042 739 4092 alltcax
807 4043 840 4092 26
859 4059 905 4108 ρετ
923 4052 962 4092 tor
979 4042 1122 4107 psyllttbam

119 4225 349 4263 saturninunrass.

188 4280 204 4328 s
224 4279 262 4340 Of.
280 4279 394 4344 ortltopr.
414 4281 472 4330 eod.
490 4279 572 4330 Bm.
591 4273 645 4330 330
661 4295 730 4331 saec.
751 4280 777 4330 Χ
793 4281 815 4342 f.
829 4279 906 4331 wb
918 4305 951 4316 -
962 4279 1043 4340 f.45¹
1061 4295 1078 4329 a
1095 4279 1128 4330 ab
1141 4277 1258 4331 Vespero
1276 4279 1414 4338 editMm.

119 4347 200 4398 ntea
220 4346 308 4396 XXII
325 4363 351 4412 p.
370 4349 431 4397 m:
451 4347 550 4413 Religio
563 4348 718 4398 ·-diuinum
788 4347 942 4413 tertiam.
957 4347 1034 4401 Vrec.
1045 4365 1071 4412 p.
1082 4350 1132 4398 m
1138 4363 1144 4396 t
1164 4347 1262 4413 Scripsi
1280 4351 1418 4413 propterea

118 4430 166 4480 per
183 4430 201 4481 p
221 4425 246 4464 et
263 4431 275 4464 s
294 4415 413 4464 scribitur
430 4439 463 4450 —
481 4429 557 4478 quem
576 4425 669 4466 arceant
687 4418 737 4482 psi.
807 4419 823 4467 9
843 4415 961 4482 Ortlropr.
979 4415 1055 4467 Vrsa.
1073 4432 1099 4481 p.
1114 4417 1177 4468 417:
1198 4415 1325 4465 Assiduus
1343 4430 1415 4464 esse-

118 4493 193 4532 cutus
213 4498 258 4548 per
275 4485 340 4534 dues
359 4497 386 4533 ss
405 4483 576 4543 scribendum,
596 4499 628 4533 ne
645 4485 803 4550 praepositio
824 4485 919 4533 nomini
937 4484 1116 4549 coniungatur.
1134 4484 1192 4534 ideo
1205 4492 1230 4532 et
1241 4481 1415 4533 accumulatus

117 4565 165 4618 per
188 4551 253 4601 duas
271 4565 299 4600 oe
317 4562 342 4602 et
358 4559 484 4617 aggestus
506 4567 552 4617 per
575 4551 640 4602 duus
658 4568 703 4618 gg.
722 4553 760 4602 sie
779 4553 803 4601 ln
827 4551 963 4606 similibus.
982 4561 1007 4601 et
1023 4552 1179 4602 ammonitus
1202 4567 1248 4616 per
1265 4551 1330 4601 duas
1347 4565 1374 4599 nt
1391 4559 1416 4600 et

117 4619 210 4668 annuit
227 4634 274 4684 per
291 4620 355 4670 duas
375 4635 398 4673 n.
468 4621 500 4671 13
518 4618 638 4685 Ortlrepr.
652 4622 729 4674 Vrert.
746 4637 773 4686 p.
788 4623 850 4671 417:
871 4619 978 4684 impedit
995 4621 1119 4685 impendit
1136 4635 1182 4685 per
1199 4633 1223 4667 m
1243 4617 1413 4680 scribendum,

119 4702 152 4736 ne
170 4687 193 4736 si
210 4687 237 4735 in
256 4698 376 4752 ponatur,
395 4687 511 4738 similiter
528 4698 553 4736 et
570 4688 595 4736 in
614 4687 772 4754 praepositio
784 4689 881 4738 nomini
893 4687 1034 4754 copuletur.
1051 4688 1111 4738 ideo
1124 4697 1149 4737 et
1159 4688 1258 4737 irritum
1272 4701 1318 4752 per
1328 4686 1381 4736 duo
1394 4701 1415 4740 τ.

120 4757 152 4804 16
171 4754 292 4819 Ortltopr.
314 4758 392 4807 Vsea.
410 4771 436 4820 p.
456 4757 521 4806 418:
548 4757 624 4820 Apud
641 4757 710 4806 istud
728 4756 803 4810 illud:
832 4757 920 4807 omnia
938 4755 1000 4806 baec
1018 4771 1064 4822 per
1081 4757 1110 4814 d;
1139 4765 1218 4821 caput
1234 4755 1317 4817 iuquit
1333 4763 1414 4821 pert

120 4825 153 4872 l'l
173 4821 292 4888 Ortltopr.
317 4825 394 4878 Vrett.
410 4839 439 4890 p.
458 4826 520 4875 417:
543 4823 628 4886 Atque
645 4840 692 4891 per
709 4834 718 4874 t
736 4839 786 4875 uon
805 4839 851 4893 pet·
868 4824 898 4883 ἀ;
918 4825 955 4876 sic
973 4833 998 4874 et
1014 4823 1039 4874 in
1059 4823 1171 4888 reliquis.
