3372 5446
298 379 340 443 96
812 377 881 430 Ales
899 377 1077 431 ANONYMA

297 567 415 647 Europa
444 566 566 627 Graecia
590 563 671 626 ltalia
695 564 818 626 Francia
843 563 922 647 11131.
945 561 1033 646 9631
1057 562 1149 625 Gallia
1171 563 1311 644 Hispania
1334 564 1433 626 Sicilia
1456 565 1542 625 Creta
1566 572 1594 624 et

298 677 409 730 cetera.
454 668 527 729 ltem
552 667 727 728 diminutiua
751 667 870 729 3333133
893 667 1033 728 feminina
1049 668 1080 727 13
1096 684 1112 726 3
1128 665 1295 727 desinentia
1317 667 1430 746 primae
1453 672 1522 727 sunt
1545 666 1592 726 de-

298 770 474 839 clinationis.
491 776 523 830 31
545 769 619 831 haec
641 769 771 830 mensula
793 766 904 848 capella
927 766 1041 829 anicula
1065 767 1152 830 asella
1176 765 1301 850 gemella
1316 766 1472 829 columella
1488 766 1593 828 labella

298 871 406 934 tenella
428 869 537 932 tabella
561 870 668 933 sacella
685 869 798 932 misella
821 869 936 932 literula
953 868 1109 950 uulpecnla
1132 871 1255 932 reticula
1279 868 1393 931 diecula
1416 869 1515 932 arcula
1531 888 1592 930 cer-

298 973 397 1036 uicula
421 982 451 1035 et
472 980 583 1035 cetera.
627 972 739 1034 Neutra
767 973 885 1033 nomina
909 973 1022 1052 primae
1045 969 1252 1033 declinationis
1274 972 1305 1032 in
1327 989 1344 1032 a
1367 971 1531 1032 desinentia
1553 973 1614 1031 sica

273 1075 275 1079 ’
298 1076 500 1138 declinantur:
523 1075 580 1135 hoc
603 1073 715 1137 Pascha
738 1073 824 1136 huius
847 1073 977 1135 Paschae
1000 1072 1069 1134 huic
1083 1073 1215 1134 Paschae
1237 1073 1295 1135 hoc
1309 1073 1422 1134 Pascha
1445 1091 1463 1132 3
1484 1071 1592 1133 Pascha

299 1177 335 1238 31)
358 1179 415 1239 1333
438 1175 563 1238 Pascha:
599 1178 641 1238 sic
671 1175 860 1238 declinantur
883 1174 940 1236 hoc
963 1193 1070 1236 manna
1094 1175 1150 1236 hoc
1171 1172 1195 1256 †
1218 1174 1311 1236 illaria
1336 1175 1392 1236 hoc
1414 1176 1506 1244 toria,
1529 1175 1591 1253 quia

298 1280 444 1359 pluralem
468 1296 625 1339 numerum
647 1295 707 1338 non
724 1277 843 1340 hahent.
880 1277 953 1338 ltem
976 1279 1096 1338 3333133
1112 1279 1278 1338 communia
1301 1276 1428 1338 ducrum
1450 1293 1592 1354 generum

297 1382 328 1441 in
352 1399 367 1441 a
389 1381 555 1442 desinentia
576 1381 608 1440 in
624 1383 718 1460 prima
744 1378 942 1440 declinatione
965 1379 1003 1439 ita
1027 1375 1230 1439 declinantur:
1253 1377 1301 1438 hic
1316 1380 1434 1440 ethaeo
1457 1381 1593 1446 coactius.

299 1481 386 1543 huius
409 1483 563 1550 conuiuae,
587 1480 656 1541 huic
679 1483 838 1550 conuiuae,
862 1479 940 1540 hune
964 1486 993 1539 et
1008 1479 1084 1540 hanc
1106 1481 1276 1555 conuiham,
1294 1499 1311 1540 3
1327 1483 1468 1550 concina,
1485 1479 1525 1539 31)
1541 1479 1593 1539 1333
1606 1498 1625 1536 n

299 1595 329 1647 et
351 1583 407 1645 hac
429 1585 571 1653 conuiua,
602 1590 631 1643 et
652 1581 808 1662 pluraliter
837 1581 867 1642 hi
896 1588 925 1642 et
947 1580 1003 1641 hae
1026 1583 1185 1652 conuiuae,
1215 1580 1322 1642 horum
1345 1590 1375 1642 et
1397 1581 1504 1644 harum
1528 1601 1594 1643 333-

299 1687 452 1755 urinarum,
475 1684 522 1746 his
544 1687 696 1756 conuiuis,
719 1685 775 1749 hos
798 1692 827 1744 et
850 1682 902 1744 has
925 1685 1082 1753 33331333,
1106 1703 1124 1744 3
1146 1684 1301 1754 33331333,
1325 1683 1362 1743 31)
1384 1681 1430 1744 his
1452 1684 1592 1744 conuiuis.

300 1789 350 1850 Sic
372 1787 558 1849 declinantur
581 1786 630 1847 hic
653 1785 778 1847 ethaeo
800 1783 901 1845 accola
929 1783 1025 1846 incola
1048 1784 1158 1864 collega
1182 1793 1269 1847 naute
1293 1787 1443 1864 terrigena
1466 1782 1595 1864 agricola

300 1887 440 1950 caelicola
468 1888 615 1969 parricida
643 1888 810 1965 Graiugena
833 1886 1011 1965 Troiugena.
1057 1886 1131 1948 ltem
1159 1888 1279 1948 nomina
1309 1887 1476 1947 communia
1509 1887 1595 1946 trium

299 2008 443 2069 generum
466 1991 497 2051 in
520 1991 615 2069 prima
631 1988 829 2050 declinatione
851 1989 894 2049 sic
910 1987 1110 2050 declinantur:
1134 1988 1183 2049 hic
1206 1996 1235 2049 31
1250 1987 1323 2049 haec
1346 1995 1376 2048 et
1397 1987 1454 2048 hoc
1469 1987 1594 2056 aduena,
1608 2004 1628 2042 33

300 2093 387 2153 huius
415 2090 563 2161 aduenae,
592 2092 663 2152 13313
685 2092 835 2160 aduenae,
857 2091 937 2151 huno
960 2096 989 2151 et
1016 2089 1093 2151 hauc
1115 2089 1260 2151 aduenam
1289 2099 1319 2150 et
1345 2091 1402 2151 hoc
1425 2089 1556 2158 aduena,
1580 2107 1595 2148 3

299 2195 428 2268 aduena,
458 2191 496 2253 ab
518 2190 575 2253 1333
598 2200 628 2253 31
649 2192 687 2252 31)
709 2191 765 2252 333
795 2199 825 2253 31
853 2191 889 2252 31)
911 2191 970 2253 hoc
991 2191 1104 2255 aduena
1128 2201 1158 2254 31
1184 2191 1340 2272 pluraliter
1361 2191 1391 2251 hi
1414 2191 1524 2252 311333
1548 2189 1597 2252 ad·

302 2313 396 2356 uenae
419 2293 544 2356 3113333
567 2292 697 2364 aduena,
722 2293 829 2355 horum
852 2303 881 2354 et
903 2294 1008 2355 harum
1031 2295 1190 2356 ethorum
1213 2293 1411 2363 aduenarum,
1435 2292 1482 2353 his
1507 2291 1595 2354 adue·

302 2399 362 2466 nis,
388 2395 441 2456 hos
468 2404 499 2456 et
520 2395 573 2456 has
594 2395 725 2456 aduenas
748 2395 872 2456 ethaeo
895 2395 1024 2465 aduena,
1053 2415 1070 2455 o
1094 2394 1228 2457 aduenae
1251 2403 1280 2456 et
1302 2415 1320 2455 3
1342 2395 1466 2463 aduena,
1490 2393 1529 2454 ah
1552 2395 1597 2453 his

304 2500 436 2561 aduenis.
474 2498 537 2559 lloc
553 2506 598 2558 est
613 2516 736 2572 nomen,
760 2497 837 2577 quod
854 2496 961 2558 dicitur
976 2495 1105 2558 aduena:
1129 2496 1194 2556 alii
1217 2497 1327 2568 dicunt,
1345 2495 1421 2574 quod
1439 2512 1596 2556 commune
1608 2515 1629 2554 sa

298 2604 337 2663 sit
359 2601 485 2662 duorum
509 2617 667 2678 generum,
692 2598 745 2660 sed
769 2597 889 2668 melius,
919 2605 952 2661 ut
974 2605 1149 2660 auctores
1172 2598 1305 2668 tradunt,
1334 2599 1423 2658 trium
1450 2615 1596 2676 generum

300 2721 467 2766 commune.
514 2701 720 2762 lliciturenim
743 2703 984 2781 ‘mancipium
1007 2700 1075 2760 hoc
1091 2699 1234 2762 aduena
1258 2702 1329 2762 est’
1354 2707 1383 2760 et
1404 2699 1510 2760 inalio
1534 2697 1596 2759 loco

300 2811 403 2867 ‘ossa
426 2803 596 2866 aduena'.
643 2803 883 2866 dominianus
906 2810 1003 2865 autem
1025 2802 1112 2864 dixit:
1135 2804 1329 2864 Commune
1352 2803 1460 2861 trium
1483 2819 1596 2880 gene·

299 2926 377 2968 rum
406 2907 440 2965 in
464 2925 480 2965 a
503 2923 612 2966 unum
637 2905 756 2976 uenit,
786 2914 824 2967 nt
846 2905 905 2966 hic
928 2913 962 2966 et
984 2904 1074 2966 haec
1102 2912 1138 2964 et
1159 2904 1228 2964 hoc
1251 2922 1378 2984 nequa.
1424 2903 1597 2964 Promiscua

301 3011 343 3070 sic
367 3006 566 3075 declinantur,
590 3015 622 3067 31
645 3006 693 3067 1313
715 3006 763 3068 331
786 3005 860 3068 haec
883 3005 989 3084 aquila,
1013 3006 1102 3067 huius
1125 3005 1249 3086 aquilae,
1273 3006 1345 3066 huic
1367 3002 1493 3084 aquilae,
1517 3003 1629 3065 huncu

300 3108 348 3171 uel
372 3107 448 3168 hanc
471 3106 608 3184 aquilam,
631 3127 649 3166 3
671 3108 777 3188 aquila,
791 3091 837 3170 ’31)
860 3109 917 3170 hoc
940 3107 988 3170 uel
1011 3108 1047 3169 31)
1069 3109 1124 3169 1333
1140 3105 1246 3188 aquila,
1270 3115 1299 3167 et
1321 3104 1475 3186 pluraliter
1498 3105 1528 3165 hi
1551 3103 1596 3166 3331

299 3213 356 3273 hae
378 3207 504 3291 aquilae,
529 3207 634 3268 horum
657 3209 706 3270 uel
721 3211 828 3273 harum
850 3211 1024 3289 aquilarum,
1048 3209 1095 3270 his
1110 3208 1226 3287 aquilis,
1249 3209 1304 3270 hos
1328 3208 1375 3270 uel
1397 3208 1451 3269 has
1472 3207 1595 3288 aquilas,

299 3335 316 3375 3
338 3310 468 3393 aquilae,
493 3311 529 3372 31)
552 3311 600 3371 1313
623 3311 737 3391 aquilis.
782 3313 840 3374 Sed
863 3322 961 3374 tamen
991 3313 1068 3373 scire
1091 3311 1196 3382 dehes,
1225 3310 1304 3391 quod
1332 3311 1405 3372 haec
1427 3311 1595 3389 promiscua

299 3415 434 3484 nomina,
458 3411 530 3472 11331
551 3414 612 3474 3131
634 3415 738 3475 incerti
761 3417 894 3494 generis,
923 3414 979 3476 suh
1003 3432 1062 3474 uno
1086 3411 1209 3474 articulo
1233 3420 1370 3474 auctores
1391 3413 1594 3491 pronuntiant.

195 3549 199 3558 ·
299 3517 361 3578 atta
388 3535 423 3576 ex
453 3515 500 3575 his
528 3515 672 3576 feminino
700 3517 824 3578 articulo
853 3515 1005 3577 declarant
1037 3525 1160 3596 propter
1192 3516 1318 3575 sormam
1347 3522 1377 3575 ct
1409 3509 1660 3594 superficienru‘

301 3621 384 3688 soni,
408 3625 441 3678 ut
462 3617 536 3678 haec
559 3617 672 3697 aquila,
688 3619 757 3698 quia
779 3619 898 3679 3333133
922 3620 952 3678 13
976 3636 996 3678 a
1019 3616 1181 3677 desinentia
1205 3618 1332 3677 maxime
1355 3615 1494 3676 feminina
1518 3622 1594 3675 sunt.

302 3718 365 3781 alia
389 3737 462 3780 uero
485 3719 653 3798 promiscua
677 3721 839 3782 masculino
863 3718 987 3780 articulo
1010 3718 1209 3786 manifestant.
1234 3725 1266 3779 31
1287 3717 1336 3778 1313
1358 3735 1468 3778 333333
1498 3715 1595 3777 ethic

298 3839 416 3903 passer,
445 3823 515 3900 quia
530 3821 559 3880 in
575 3820 628 3882 has
643 3823 867 3884 terminationes
882 3820 1043 3882 masculina
1059 3821 1178 3881 nomina
1196 3821 1402 3881 terminantur.
1432 3819 1594 3880 Priscia-

302 3942 368 3985 nus
390 3922 476 3984 dirit:
500 3923 720 4002 promiscuum,
743 3931 778 3984 ut
800 3924 895 4004 talpae
918 3928 948 3983 31
970 3922 1115 3991 dammae,
1140 3920 1371 4000 utVirgilius
1394 3923 1506 4001 primo:
1529 3923 1595 3981 131

298 4023 423 4088 333113
446 4027 548 4103 capti
572 4024 703 4085 ludere
726 4023 866 4088 cubilia
890 4023 1026 4104 talpae.
1070 4024 1166 4085 idem:
1191 4025 1276 4086 Cum
1299 4023 1452 4084 canibus
1472 4009 1626 4082 timidis'a

299 4161 527 4174 -.-..-..-.....---

368 4249 501 4311 leorupa
551 4243 647 4308 hytalia
699 4244 796 4295 lrarreiu
848 4239 1117 4312 galill.96¹ssgallia
1170 4244 1277 4310 espauia
1345 4242 1511 4295 33313333113
1577 4241 1591 4288 l

299 4313 391 4364 1333113
435 4312 564 4379 ucrlpicula
607 4312 839 4363 diaculaornacula
913 4314 1030 4365 'liliuria
1048 4311 1096 4361 1333
1115 4309 1192 4378 toria]
1212 4312 1299 4378 Supra
1310 4315 1390 4378 p.92,
1401 4315 1433 4362 12
1446 4311 1593 4363 dicebantur

298 4383 388 4433 eadem
404 4383 528 4433 uocabula
546 4379 653 4430 ‘hiliria’
672 4388 696 4431 et
716 4382 854 4432 statuaria:
922 4370 1090 4432 Sndmerum
1142 4395 1235 4446 genera
1290 4381 1384 4430 sitem
1402 4379 1561 4430 declinantur·

247 4477 251 4485 =
297 4451 483 4501 133333333133
539 4448 625 4498 111111
678 4451 710 4500 13
728 4451 849 4515 terriginae
867 4448 980 4514 agriculo
997 4447 1100 4498 33113313
1170 4450 1202 4498 14
1219 4463 1355 4515 commune
1424 4449 1455 4497 16
1473 4443 1591 4497 13313311·

298 4533 379 4569 33333
397 4536 443 4571 om.
513 4517 598 4567 171311
686 4517 849 4568 1913331333
934 4519 966 4567 21
986 4515 1117 4566 313331133
1187 4517 1390 4581 3133331333)
1459 4513 1592 4566 133333-

300 4585 401 4653 nianus]
421 4601 553 4642 commun:
576 4586 611 4649 cf.
632 4586 774 4650 013313.ρ.
793 4589 839 4648 53,
858 4585 941 4636 231(
990 4581 1066 4648 dixit]
1084 4584 1198 4634 diximus
1267 4587 1301 4634 24
1318 4585 1493 4650 promiscuum
1561 4583 1593 4630 25

297 4656 338 4704 uel
356 4656 418 4705 haee
436 4654 476 4704 uel
495 4653 580 4716 aquila
632 4656 664 4704 26
683 4653 718 4703 hii
770 4655 803 4703 28
820 4652 897 4702 huius
916 4653 1061 4718 promiscua
1112 4653 1145 4702 29
1163 4653 1258 4703 incerto
1339 4651 1510 4704 3013333133
1561 4651 1591 4698 31

298 4723 374 4773 133133
392 4723 478 4786 aquila
529 4721 715 4772 indesinentia
784 4720 877 4772 323111
929 4724 961 4772 33
980 4735 1071 4786 pasees
1124 4719 1258 4784 111111331133
1310 4715 1468 4786 Priscianus]
1487 4718 1554 4782 cfiI
1568 4734 1592 4780 p.

298 4792 358 4907 ΞΜ.
378 4793 409 4840 Il
478 4792 511 4840 34
529 4789 596 4855 talpe
613 4801 638 4840 31
654 4790 745 4840 damac
816 4788 940 4855 Virgilius
963 4784 1058 4854 primo]
1084 4789 1375 4853 Georpa'eoramu.188
1460 4781 1591 4852 36111333]

324 4861 355 4909 cl.
379 4858 454 4908 VIII
471 4859 505 4906 28
