<?xml version="1.0" encoding="UTF-8"?>
<!DOCTYPE html PUBLIC "-//W3C//DTD XHTML 1.0 Transitional//EN"
    "http://www.w3.org/TR/xhtml1/DTD/xhtml1-transitional.dtd">
<html xmlns="http://www.w3.org/1999/xhtml" xml:lang="en" lang="en">
 <head>
  <title>
</title>
<meta http-equiv="Content-Type" content="text/html;charset=utf-8" />
  <meta name='ocr-system' content='tesseract 3.04.00' />
  <meta name='ocr-capabilities' content='ocr_page ocr_carea ocr_par ocr_line ocrx_word'/>
</head>
<body>
  <div class='ocr_page' id='page_1' title='image "./grammaticilatin00hagagoog_0368.png"; bbox 0 0 3390 5444; ppageno 0'>
   <div class='ocr_carea' id='block_1_1' title="bbox 298 205 1074 270">
    <p class='ocr_par' dir='ltr' id='par_1_1' title="bbox 298 205 1074 270">
     <span class='ocr_line' id='line_1_1' title="bbox 298 205 1074 270; baseline 0.005 -15"><span class='ocrx_word' id='word_1_1' title='bbox 298 205 360 270; x_wconf 87' lang='lat'><strong>104</strong></span> <span class='ocrx_word' id='word_1_2' title='bbox 813 209 881 261; x_wconf 79' lang='lat' dir='ltr'><strong>aas</strong></span> <span class='ocrx_word' id='word_1_3' title='bbox 900 208 1074 260; x_wconf 82' lang='lat' dir='ltr'><strong>suourua</strong></span> 
     </span>
    </p>
   </div>
   <div class='ocr_carea' id='block_1_2' title="bbox 266 394 1618 3946">
    <p class='ocr_par' dir='ltr' id='par_1_2' title="bbox 294 394 1617 3232">
     <span class='ocr_line' id='line_1_2' title="bbox 296 394 1589 476; baseline 0.005 -20"><span class='ocrx_word' id='word_1_4' title='bbox 296 396 431 476; x_wconf 84' lang='lat' dir='ltr'><strong>possit.</strong></span> <span class='ocrx_word' id='word_1_5' title='bbox 478 395 510 456; x_wconf 96' lang='lat' dir='ltr'><strong>ln</strong></span> <span class='ocrx_word' id='word_1_6' title='bbox 533 394 643 476; x_wconf 77' lang='lat' dir='ltr'>plurali</span> <span class='ocrx_word' id='word_1_7' title='bbox 664 414 738 457; x_wconf 88' lang='lat' dir='ltr'><strong>uero</strong></span> <span class='ocrx_word' id='word_1_8' title='bbox 762 414 886 458; x_wconf 90' lang='lat' dir='ltr'><strong>numero</strong></span> <span class='ocrx_word' id='word_1_9' title='bbox 908 397 1108 460; x_wconf 91' lang='lat' dir='ltr'><strong>nominatiuus</strong></span> <span class='ocrx_word' id='word_1_10' title='bbox 1131 405 1160 459; x_wconf 90' lang='lat' dir='ltr'><strong>et</strong></span> <span class='ocrx_word' id='word_1_11' title='bbox 1182 398 1369 459; x_wconf 88' lang='lat' dir='ltr'><strong>accusatiuus</strong></span> <span class='ocrx_word' id='word_1_12' title='bbox 1392 404 1422 458; x_wconf 90' lang='lat' dir='ltr'><strong>et</strong></span> <span class='ocrx_word' id='word_1_13' title='bbox 1441 399 1589 462; x_wconf 89' lang='lat' dir='ltr'><strong>uocatiuus</strong></span> 
     </span>
     <span class='ocr_line' id='line_1_3' title="bbox 295 497 1588 578; baseline 0.005 -20"><span class='ocrx_word' id='word_1_14' title='bbox 295 500 327 558; x_wconf 92' lang='lat' dir='ltr'><strong>in</strong></span> <span class='ocrx_word' id='word_1_15' title='bbox 350 497 520 559; x_wconf 83' lang='lat' dir='ltr'>nominibus</span> <span class='ocrx_word' id='word_1_16' title='bbox 543 497 726 560; x_wconf 85' lang='lat' dir='ltr'><strong>neutralibus</strong></span> <span class='ocrx_word' id='word_1_17' title='bbox 748 499 777 560; x_wconf 92' lang='lat' dir='ltr'><strong>in</strong></span> <span class='ocrx_word' id='word_1_18' title='bbox 794 517 811 558; x_wconf 89' lang='lat' dir='ltr'><strong>a</strong></span> <span class='ocrx_word' id='word_1_19' title='bbox 826 517 945 578; x_wconf 82' lang='lat' dir='ltr'><strong>semper</strong></span> <span class='ocrx_word' id='word_1_20' title='bbox 967 501 1170 571; x_wconf 86' lang='lat' dir='ltr'><strong>inueniuntur,</strong></span> <span class='ocrx_word' id='word_1_21' title='bbox 1193 507 1225 561; x_wconf 93' lang='lat' dir='ltr'><strong>ut</strong></span> <span class='ocrx_word' id='word_1_22' title='bbox 1239 507 1285 560; x_wconf 90' lang='lat' dir='ltr'><strong>est</strong></span> <span class='ocrx_word' id='word_1_23' title='bbox 1300 501 1500 562; x_wconf 91' lang='lat' dir='ltr'><strong>nominatiuus</strong></span> <span class='ocrx_word' id='word_1_24' title='bbox 1522 501 1588 564; x_wconf 87' lang='lat' dir='ltr'><strong>haec</strong></span> 
     </span>
     <span class='ocr_line' id='line_1_4' title="bbox 296 599 1589 681; baseline 0.005 -22"><span class='ocrx_word' id='word_1_25' title='bbox 296 601 420 671; x_wconf 87' lang='lat' dir='ltr'><strong>ieiunia,</strong></span> <span class='ocrx_word' id='word_1_26' title='bbox 444 601 631 662; x_wconf 88' lang='lat' dir='ltr'><strong>accusatiuus</strong></span> <span class='ocrx_word' id='word_1_27' title='bbox 653 599 727 661; x_wconf 91' lang='lat' dir='ltr'><strong>baec</strong></span> <span class='ocrx_word' id='word_1_28' title='bbox 749 602 874 673; x_wconf 90' lang='lat' dir='ltr'><strong>ieiunia,</strong></span> <span class='ocrx_word' id='word_1_29' title='bbox 898 603 1055 663; x_wconf 91' lang='lat' dir='ltr'><strong>uocatiuus</strong></span> <span class='ocrx_word' id='word_1_30' title='bbox 1077 621 1095 667; x_wconf 90' lang='grc' dir='ltr'><strong>ο</strong></span> <span class='ocrx_word' id='word_1_31' title='bbox 1117 602 1236 664; x_wconf 88' lang='lat' dir='ltr'><strong>ieiunia.</strong></span> <span class='ocrx_word' id='word_1_32' title='bbox 1281 601 1528 681; x_wconf 89' lang='lat' dir='ltr'><strong>lntcrrogaudum</strong></span> <span class='ocrx_word' id='word_1_33' title='bbox 1550 613 1589 666; x_wconf 85' lang='lat' dir='ltr'><strong>est</strong></span> 
     </span>
     <span class='ocr_line' id='line_1_5' title="bbox 296 701 1588 785; baseline 0.003 -23"><span class='ocrx_word' id='word_1_34' title='bbox 296 710 410 763; x_wconf 91' lang='lat' dir='ltr'><strong>autem:</strong></span> <span class='ocrx_word' id='word_1_35' title='bbox 440 703 559 764; x_wconf 90' lang='lat' dir='ltr'><strong>nomina</strong></span> <span class='ocrx_word' id='word_1_36' title='bbox 581 702 612 762; x_wconf 90' lang='lat' dir='ltr'><strong>in</strong></span> <span class='ocrx_word' id='word_1_37' title='bbox 635 721 670 764; x_wconf 91' lang='lat' dir='ltr'><strong>us</strong></span> <span class='ocrx_word' id='word_1_38' title='bbox 692 701 858 764; x_wconf 79' lang='lat' dir='ltr'><strong>desinentia</strong></span> <span class='ocrx_word' id='word_1_39' title='bbox 885 705 915 764; x_wconf 93' lang='lat' dir='ltr'><strong>in</strong></span> <span class='ocrx_word' id='word_1_40' title='bbox 939 702 1069 766; x_wconf 88' lang='lat' dir='ltr'><strong>secunda</strong></span> <span class='ocrx_word' id='word_1_41' title='bbox 1098 703 1295 767; x_wconf 77' lang='lat' dir='ltr'><strong>declinatione</strong></span> <span class='ocrx_word' id='word_1_42' title='bbox 1318 713 1390 785; x_wconf 90' lang='lat' dir='ltr'><strong>quot</strong></span> <span class='ocrx_word' id='word_1_43' title='bbox 1411 705 1522 766; x_wconf 89' lang='lat' dir='ltr'><strong>lormas</strong></span> <span class='ocrx_word' id='word_1_44' title='bbox 1543 705 1588 766; x_wconf 90' lang='lat' dir='ltr'><strong>ba·</strong></span> 
     </span>
     <span class='ocr_line' id='line_1_6' title="bbox 295 802 1609 886; baseline 0.002 -20"><span class='ocrx_word' id='word_1_45' title='bbox 295 804 385 866; x_wconf 85' lang='lat' dir='ltr'><strong>benti</strong></span> <span class='ocrx_word' id='word_1_46' title='bbox 429 802 509 864; x_wconf 87' lang='lat' dir='ltr'><strong>idest</strong></span> <span class='ocrx_word' id='word_1_47' title='bbox 536 802 656 872; x_wconf 90' lang='lat' dir='ltr'><strong>decem;</strong></span> <span class='ocrx_word' id='word_1_48' title='bbox 686 804 843 885; x_wconf 87' lang='lat' dir='ltr'><strong>aliquando</strong></span> <span class='ocrx_word' id='word_1_49' title='bbox 872 807 951 866; x_wconf 91' lang='lat' dir='ltr'><strong>enim</strong></span> <span class='ocrx_word' id='word_1_50' title='bbox 974 807 983 866; x_wconf 93' lang='lat' dir='ltr'><strong>i</strong></span> <span class='ocrx_word' id='word_1_51' title='bbox 1006 813 1074 870; x_wconf 88' lang='lat' dir='ltr'><strong>ante</strong></span> <span class='ocrx_word' id='word_1_52' title='bbox 1098 825 1132 868; x_wconf 89' lang='lat' dir='ltr'><strong>us</strong></span> <span class='ocrx_word' id='word_1_53' title='bbox 1160 805 1285 878; x_wconf 88' lang='lat' dir='ltr'><strong>habent,</strong></span> <span class='ocrx_word' id='word_1_54' title='bbox 1314 814 1348 867; x_wconf 91' lang='lat' dir='ltr'><strong>ut</strong></span> <span class='ocrx_word' id='word_1_55' title='bbox 1374 806 1453 868; x_wconf 87' lang='lat' dir='ltr'><strong>iilius</strong></span> <span class='ocrx_word' id='word_1_56' title='bbox 1481 805 1609 886; x_wconf 80' lang='lat' dir='ltr'><strong>gladiose</strong></span> 
     </span>
     <span class='ocr_line' id='line_1_7' title="bbox 297 905 1589 988; baseline 0.003 -20"><span class='ocrx_word' id='word_1_57' title='bbox 297 906 398 983; x_wconf 85' lang='lat' dir='ltr'><strong>radius</strong></span> <span class='ocrx_word' id='word_1_58' title='bbox 427 911 457 967; x_wconf 90' lang='lat' dir='ltr'><strong>et</strong></span> <span class='ocrx_word' id='word_1_59' title='bbox 484 905 558 968; x_wconf 88' lang='lat' dir='ltr'><strong>baec</strong></span> <span class='ocrx_word' id='word_1_60' title='bbox 586 908 706 969; x_wconf 89' lang='lat' dir='ltr'><strong>nomina</strong></span> <span class='ocrx_word' id='word_1_61' title='bbox 735 906 794 969; x_wconf 92' lang='lat' dir='ltr'><strong>duo</strong></span> <span class='ocrx_word' id='word_1_62' title='bbox 816 910 829 970; x_wconf 75' lang='grc' dir='ltr'><strong>ι’</strong></span> <span class='ocrx_word' id='word_1_63' title='bbox 849 909 880 968; x_wconf 93' lang='lat' dir='ltr'><strong>in</strong></span> <span class='ocrx_word' id='word_1_64' title='bbox 903 909 1043 987; x_wconf 89' lang='lat' dir='ltr'><strong>genetiuo</strong></span> <span class='ocrx_word' id='word_1_65' title='bbox 1071 906 1192 970; x_wconf 89' lang='lat' dir='ltr'><strong>habent.</strong></span> <span class='ocrx_word' id='word_1_66' title='bbox 1236 908 1309 969; x_wconf 90' lang='lat' dir='ltr'><strong>Inde</strong></span> <span class='ocrx_word' id='word_1_67' title='bbox 1330 911 1589 988; x_wconf 85' lang='lat' dir='ltr'><strong>grammaticus</strong></span> 
     </span>
     <span class='ocr_line' id='line_1_8' title="bbox 296 1007 1588 1091; baseline 0.005 -24"><span class='ocrx_word' id='word_1_68' title='bbox 296 1007 381 1068; x_wconf 89' lang='lat' dir='ltr'><strong>dicit:</strong></span> <span class='ocrx_word' id='word_1_69' title='bbox 411 1008 510 1068; x_wconf 91' lang='lat' dir='ltr'><strong>omnia</strong></span> <span class='ocrx_word' id='word_1_70' title='bbox 540 1009 657 1069; x_wconf 87' lang='lat' dir='ltr'><strong>nomina</strong></span> <span class='ocrx_word' id='word_1_71' title='bbox 687 1010 717 1069; x_wconf 93' lang='lat' dir='ltr'><strong>in</strong></span> <span class='ocrx_word' id='word_1_72' title='bbox 746 1011 793 1070; x_wconf 91' lang='lat' dir='ltr'><strong>ius</strong></span> <span class='ocrx_word' id='word_1_73' title='bbox 821 1009 869 1070; x_wconf 92' lang='lat' dir='ltr'><strong>uel</strong></span> <span class='ocrx_word' id='word_1_74' title='bbox 897 1010 929 1070; x_wconf 91' lang='lat' dir='ltr'><strong>in</strong></span> <span class='ocrx_word' id='word_1_75' title='bbox 957 1010 1018 1070; x_wconf 92' lang='lat' dir='ltr'><strong>ium</strong></span> <span class='ocrx_word' id='word_1_76' title='bbox 1041 1010 1205 1072; x_wconf 80' lang='lat' dir='ltr'><strong>desinentia</strong></span> <span class='ocrx_word' id='word_1_77' title='bbox 1228 1011 1238 1071; x_wconf 94' lang='lat' dir='ltr'><strong>i</strong></span> <span class='ocrx_word' id='word_1_78' title='bbox 1260 1008 1409 1091; x_wconf 87' lang='lat' dir='ltr'><strong>duplicem</strong></span> <span class='ocrx_word' id='word_1_79' title='bbox 1433 1008 1588 1072; x_wconf 84' lang='lat' dir='ltr'><strong>habentia</strong></span> 
     </span>
     <span class='ocr_line' id='line_1_9' title="bbox 296 1108 1590 1192; baseline 0.004 -23"><span class='ocrx_word' id='word_1_80' title='bbox 296 1110 451 1189; x_wconf 86' lang='lat' dir='ltr'><strong>genetiuo,</strong></span> <span class='ocrx_word' id='word_1_81' title='bbox 476 1116 510 1170; x_wconf 92' lang='lat' dir='ltr'><strong>ut</strong></span> <span class='ocrx_word' id='word_1_82' title='bbox 532 1108 580 1170; x_wconf 90' lang='lat' dir='ltr'><strong>bic</strong></span> <span class='ocrx_word' id='word_1_83' title='bbox 603 1108 719 1171; x_wconf 91' lang='lat' dir='ltr'><strong>sobrius</strong></span> <span class='ocrx_word' id='word_1_84' title='bbox 742 1110 829 1171; x_wconf 90' lang='lat' dir='ltr'><strong>huius</strong></span> <span class='ocrx_word' id='word_1_85' title='bbox 851 1110 957 1180; x_wconf 87' lang='lat' dir='ltr'><strong>sobrii,</strong></span> <span class='ocrx_word' id='word_1_86' title='bbox 980 1111 1038 1174; x_wconf 94' lang='lat' dir='ltr'><strong>hoc</strong></span> <span class='ocrx_word' id='word_1_87' title='bbox 1059 1111 1200 1192; x_wconf 83' lang='lat' dir='ltr'><strong>gaudium</strong></span> <span class='ocrx_word' id='word_1_88' title='bbox 1223 1111 1312 1174; x_wconf 91' lang='lat' dir='ltr'><strong>huius</strong></span> <span class='ocrx_word' id='word_1_89' title='bbox 1333 1111 1450 1192; x_wconf 87' lang='lat' dir='ltr'><strong>gaudii,</strong></span> <span class='ocrx_word' id='word_1_90' title='bbox 1473 1120 1503 1174; x_wconf 85' lang='lat' dir='ltr'><strong>et</strong></span> <span class='ocrx_word' id='word_1_91' title='bbox 1524 1111 1590 1174; x_wconf 88' lang='lat' dir='ltr'><strong>haec</strong></span> 
     </span>
     <span class='ocr_line' id='line_1_10' title="bbox 296 1210 1589 1294; baseline 0.002 -21"><span class='ocrx_word' id='word_1_92' title='bbox 296 1212 414 1273; x_wconf 89' lang='lat' dir='ltr'><strong>nomina</strong></span> <span class='ocrx_word' id='word_1_93' title='bbox 438 1210 600 1273; x_wconf 87' lang='lat' dir='ltr'><strong>masculina</strong></span> <span class='ocrx_word' id='word_1_94' title='bbox 623 1213 654 1272; x_wconf 90' lang='lat' dir='ltr'><strong>in</strong></span> <span class='ocrx_word' id='word_1_95' title='bbox 678 1214 726 1273; x_wconf 93' lang='lat' dir='ltr'><strong>ius</strong></span> <span class='ocrx_word' id='word_1_96' title='bbox 750 1211 914 1274; x_wconf 87' lang='lat' dir='ltr'><strong>desinentia</strong></span> <span class='ocrx_word' id='word_1_97' title='bbox 938 1231 1056 1294; x_wconf 83' lang='lat' dir='ltr'><strong>semper</strong></span> <span class='ocrx_word' id='word_1_98' title='bbox 1078 1214 1227 1278; x_wconf 87' lang='lat' dir='ltr'><strong>secundae</strong></span> <span class='ocrx_word' id='word_1_99' title='bbox 1248 1214 1456 1277; x_wconf 86' lang='lat' dir='ltr'><strong>declinationis</strong></span> <span class='ocrx_word' id='word_1_100' title='bbox 1477 1222 1589 1276; x_wconf 90' lang='lat' dir='ltr'><strong>suntet</strong></span> 
     </span>
     <span class='ocr_line' id='line_1_11' title="bbox 296 1313 1616 1396; baseline 0.004 -23"><span class='ocrx_word' id='word_1_101' title='bbox 296 1313 354 1375; x_wconf 95' lang='lat' dir='ltr'><strong>duo</strong></span> <span class='ocrx_word' id='word_1_102' title='bbox 377 1316 387 1373; x_wconf 93' lang='lat' dir='ltr'><strong>i</strong></span> <span class='ocrx_word' id='word_1_103' title='bbox 409 1313 624 1375; x_wconf 84' lang='lat' dir='ltr'><strong>obseruantia</strong></span> <span class='ocrx_word' id='word_1_104' title='bbox 649 1315 832 1375; x_wconf 89' lang='lat' dir='ltr'><strong>nominatiuo</strong></span> <span class='ocrx_word' id='word_1_105' title='bbox 855 1321 884 1375; x_wconf 89' lang='lat' dir='ltr'><strong>et</strong></span> <span class='ocrx_word' id='word_1_106' title='bbox 906 1317 1043 1377; x_wconf 88' lang='lat' dir='ltr'><strong>uocatiuo</strong></span> <span class='ocrx_word' id='word_1_107' title='bbox 1065 1315 1187 1396; x_wconf 83' lang='lat' dir='ltr'><strong>plurali,</strong></span> <span class='ocrx_word' id='word_1_108' title='bbox 1210 1323 1245 1380; x_wconf 94' lang='lat' dir='ltr'><strong>ut</strong></span> <span class='ocrx_word' id='word_1_109' title='bbox 1265 1317 1296 1378; x_wconf 92' lang='lat' dir='ltr'><strong>hi</strong></span> <span class='ocrx_word' id='word_1_110' title='bbox 1319 1316 1395 1378; x_wconf 87' lang='lat' dir='ltr'><strong>radii</strong></span> <span class='ocrx_word' id='word_1_111' title='bbox 1418 1325 1450 1380; x_wconf 91' lang='lat' dir='ltr'><strong>et</strong></span> <span class='ocrx_word' id='word_1_112' title='bbox 1471 1316 1616 1386; x_wconf 84' lang='lat' dir='ltr'><strong>oradii;ro</strong></span> 
     </span>
     <span class='ocr_line' id='line_1_12' title="bbox 295 1414 1587 1498; baseline 0.003 -23"><span class='ocrx_word' id='word_1_113' title='bbox 295 1416 337 1476; x_wconf 91' lang='lat' dir='ltr'><strong>sic</strong></span> <span class='ocrx_word' id='word_1_114' title='bbox 365 1417 454 1476; x_wconf 88' lang='lat' dir='ltr'><strong>etiam</strong></span> <span class='ocrx_word' id='word_1_115' title='bbox 482 1417 514 1477; x_wconf 94' lang='lat' dir='ltr'><strong>in</strong></span> <span class='ocrx_word' id='word_1_116' title='bbox 545 1415 645 1477; x_wconf 88' lang='lat' dir='ltr'><strong>datiuo</strong></span> <span class='ocrx_word' id='word_1_117' title='bbox 668 1423 697 1476; x_wconf 91' lang='lat' dir='ltr'><strong>et</strong></span> <span class='ocrx_word' id='word_1_118' title='bbox 719 1414 849 1478; x_wconf 87' lang='lat' dir='ltr'><strong>ablatiuo</strong></span> <span class='ocrx_word' id='word_1_119' title='bbox 876 1415 983 1497; x_wconf 84' lang='lat' dir='ltr'><strong>plurali</strong></span> <span class='ocrx_word' id='word_1_120' title='bbox 1011 1419 1158 1497; x_wconf 89' lang='lat' dir='ltr'><strong>gemioata</strong></span> <span class='ocrx_word' id='word_1_121' title='bbox 1180 1420 1190 1479; x_wconf 94' lang='lat' dir='ltr'><strong>i</strong></span> <span class='ocrx_word' id='word_1_122' title='bbox 1212 1418 1309 1480; x_wconf 89' lang='lat' dir='ltr'><strong>littera</strong></span> <span class='ocrx_word' id='word_1_123' title='bbox 1336 1418 1540 1498; x_wconf 82' lang='lat' dir='ltr'><strong>proteruntur,</strong></span> <span class='ocrx_word' id='word_1_124' title='bbox 1561 1427 1587 1480; x_wconf 93' lang='lat' dir='ltr'><strong>ot</strong></span> 
     </span>
     <span class='ocr_line' id='line_1_13' title="bbox 295 1516 1587 1582; baseline 0.004 -4"><span class='ocrx_word' id='word_1_125' title='bbox 295 1517 343 1579; x_wconf 88' lang='lat' dir='ltr'><strong>his</strong></span> <span class='ocrx_word' id='word_1_126' title='bbox 366 1516 458 1578; x_wconf 91' lang='lat' dir='ltr'><strong>radiis</strong></span> <span class='ocrx_word' id='word_1_127' title='bbox 481 1525 510 1578; x_wconf 90' lang='lat' dir='ltr'><strong>et</strong></span> <span class='ocrx_word' id='word_1_128' title='bbox 532 1516 568 1579; x_wconf 92' lang='lat' dir='ltr'><strong>ab</strong></span> <span class='ocrx_word' id='word_1_129' title='bbox 592 1518 638 1578; x_wconf 91' lang='lat' dir='ltr'><strong>his</strong></span> <span class='ocrx_word' id='word_1_130' title='bbox 658 1517 763 1580; x_wconf 90' lang='lat' dir='ltr'><strong>radiis.</strong></span> <span class='ocrx_word' id='word_1_131' title='bbox 807 1518 1028 1580; x_wconf 85' lang='lat' dir='ltr'><strong>Priscianus</strong></span> <span class='ocrx_word' id='word_1_132' title='bbox 1051 1529 1150 1581; x_wconf 89' lang='lat' dir='ltr'><strong>tamon</strong></span> <span class='ocrx_word' id='word_1_133' title='bbox 1173 1520 1258 1582; x_wconf 86' lang='lat' dir='ltr'><strong>dixit:</strong></span> <span class='ocrx_word' id='word_1_134' title='bbox 1291 1521 1462 1582; x_wconf 89' lang='lat' dir='ltr'><strong>inuenimus</strong></span> <span class='ocrx_word' id='word_1_135' title='bbox 1484 1527 1587 1582; x_wconf 83' lang='lat' dir='ltr'><strong>veteres</strong></span> 
     </span>
     <span class='ocr_line' id='line_1_14' title="bbox 295 1617 1586 1698; baseline 0.002 -18"><span class='ocrx_word' id='word_1_136' title='bbox 295 1622 306 1680; x_wconf 90' lang='lat' dir='ltr'><strong>i</strong></span> <span class='ocrx_word' id='word_1_137' title='bbox 329 1617 506 1680; x_wconf 86' lang='lat' dir='ltr'><strong>subtrahere</strong></span> <span class='ocrx_word' id='word_1_138' title='bbox 529 1621 561 1679; x_wconf 91' lang='lat' dir='ltr'><strong>in</strong></span> <span class='ocrx_word' id='word_1_139' title='bbox 584 1619 723 1698; x_wconf 92' lang='lat' dir='ltr'><strong>genetiuo</strong></span> <span class='ocrx_word' id='word_1_140' title='bbox 746 1622 898 1683; x_wconf 91' lang='lat' dir='ltr'><strong>nominum</strong></span> <span class='ocrx_word' id='word_1_141' title='bbox 922 1624 952 1682; x_wconf 90' lang='lat' dir='ltr'><strong>in</strong></span> <span class='ocrx_word' id='word_1_142' title='bbox 972 1622 1017 1682; x_wconf 90' lang='lat' dir='ltr'><strong>ius</strong></span> <span class='ocrx_word' id='word_1_143' title='bbox 1040 1622 1090 1684; x_wconf 94' lang='lat' dir='ltr'><strong>uel</strong></span> <span class='ocrx_word' id='word_1_144' title='bbox 1111 1623 1142 1684; x_wconf 91' lang='lat' dir='ltr'><strong>in</strong></span> <span class='ocrx_word' id='word_1_145' title='bbox 1165 1624 1226 1684; x_wconf 92' lang='lat' dir='ltr'><strong>ium</strong></span> <span class='ocrx_word' id='word_1_146' title='bbox 1249 1624 1472 1684; x_wconf 85' lang='lat' dir='ltr'><strong>terminantium</strong></span> <span class='ocrx_word' id='word_1_147' title='bbox 1501 1625 1586 1684; x_wconf 91' lang='lat' dir='ltr'><strong>nomi·</strong></span> 
     </span>
     <span class='ocr_line' id='line_1_15' title="bbox 295 1715 1585 1805; baseline 0.003 -23"><span class='ocrx_word' id='word_1_148' title='bbox 295 1722 444 1791; x_wconf 88' lang='lat' dir='ltr'><strong>natiuum,</strong></span> <span class='ocrx_word' id='word_1_149' title='bbox 474 1729 506 1781; x_wconf 94' lang='lat' dir='ltr'><strong>ut</strong></span> <span class='ocrx_word' id='word_1_150' title='bbox 528 1721 626 1801; x_wconf 87' lang='lat' dir='ltr'><strong>peculi</strong></span> <span class='ocrx_word' id='word_1_151' title='bbox 649 1741 704 1801; x_wconf 93' lang='lat' dir='ltr'><strong>pro</strong></span> <span class='ocrx_word' id='word_1_152' title='bbox 728 1715 851 1802; x_wconf 89' lang='lat' dir='ltr'><strong>peculii,</strong></span> <span class='ocrx_word' id='word_1_153' title='bbox 881 1724 990 1784; x_wconf 79' lang='lat' dir='ltr'><strong>Antoni</strong></span> <span class='ocrx_word' id='word_1_154' title='bbox 1011 1731 1067 1804; x_wconf 87' lang='lat' dir='ltr'><strong>pro</strong></span> <span class='ocrx_word' id='word_1_155' title='bbox 1096 1725 1231 1794; x_wconf 78' lang='lat' dir='ltr'><strong>Antonii,</strong></span> <span class='ocrx_word' id='word_1_156' title='bbox 1260 1726 1361 1802; x_wconf 89' lang='lat' dir='ltr'><strong>tuguri</strong></span> <span class='ocrx_word' id='word_1_157' title='bbox 1388 1743 1445 1805; x_wconf 89' lang='lat' dir='ltr'><strong>pro</strong></span> <span class='ocrx_word' id='word_1_158' title='bbox 1472 1725 1585 1804; x_wconf 91' lang='lat' dir='ltr'><strong>tugurii.</strong></span> 
     </span>
     <span class='ocr_line' id='line_1_16' title="bbox 295 1825 1616 1888; baseline 0.004 -5"><span class='ocrx_word' id='word_1_159' title='bbox 295 1825 452 1884; x_wconf 88' lang='lat' dir='ltr'><strong>Vocatiuus</strong></span> <span class='ocrx_word' id='word_1_160' title='bbox 485 1831 584 1884; x_wconf 89' lang='lat' dir='ltr'><strong>autem</strong></span> <span class='ocrx_word' id='word_1_161' title='bbox 617 1825 750 1886; x_wconf 90' lang='lat' dir='ltr'><strong>omnium</strong></span> <span class='ocrx_word' id='word_1_162' title='bbox 784 1825 938 1887; x_wconf 90' lang='lat' dir='ltr'><strong>nominum</strong></span> <span class='ocrx_word' id='word_1_163' title='bbox 971 1827 999 1886; x_wconf 93' lang='lat' dir='ltr'><strong>iu</strong></span> <span class='ocrx_word' id='word_1_164' title='bbox 1032 1827 1078 1886; x_wconf 91' lang='lat' dir='ltr'><strong>ius</strong></span> <span class='ocrx_word' id='word_1_165' title='bbox 1107 1826 1305 1888; x_wconf 87' lang='lat' dir='ltr'><strong>desinentium</strong></span> <span class='ocrx_word' id='word_1_166' title='bbox 1335 1827 1433 1888; x_wconf 91' lang='lat' dir='ltr'><strong>minor</strong></span> <span class='ocrx_word' id='word_1_167' title='bbox 1462 1833 1508 1888; x_wconf 90' lang='lat' dir='ltr'><strong>est</strong></span> <span class='ocrx_word' id='word_1_168' title='bbox 1535 1845 1616 1888; x_wconf 77' lang='lat' dir='ltr'><strong>unas</strong></span> 
     </span>
     <span class='ocr_line' id='line_1_17' title="bbox 295 1923 1586 2005; baseline 0.004 -20"><span class='ocrx_word' id='word_1_169' title='bbox 295 1923 407 2005; x_wconf 78' lang='lat' dir='ltr'><strong>syllaba</strong></span> <span class='ocrx_word' id='word_1_170' title='bbox 431 1942 517 2002; x_wconf 86' lang='lat' dir='ltr'><strong>quaro</strong></span> <span class='ocrx_word' id='word_1_171' title='bbox 541 1927 750 1988; x_wconf 89' lang='lat' dir='ltr'><strong>nominatiuus.</strong></span> <span class='ocrx_word' id='word_1_172' title='bbox 797 1927 1111 1990; x_wconf 78' lang='lat' dir='ltr'><strong>HIncPriscianus</strong></span> <span class='ocrx_word' id='word_1_173' title='bbox 1134 1930 1220 1991; x_wconf 80' lang='lat' dir='ltr'><strong>dixit:</strong></span> <span class='ocrx_word' id='word_1_174' title='bbox 1245 1929 1373 1991; x_wconf 88' lang='lat' dir='ltr'><strong>Omnis</strong></span> <span class='ocrx_word' id='word_1_175' title='bbox 1396 1931 1586 1991; x_wconf 90' lang='lat' dir='ltr'><strong>uocatiuus</strong></span> 
     </span>
     <span class='ocr_line' id='line_1_18' title="bbox 295 2027 1586 2109; baseline 0.005 -23"><span class='ocrx_word' id='word_1_176' title='bbox 295 2029 331 2086; x_wconf 93' lang='lat' dir='ltr'><strong>in</strong></span> <span class='ocrx_word' id='word_1_177' title='bbox 353 2027 364 2086; x_wconf 90' lang='lat' dir='ltr'><strong>i</strong></span> <span class='ocrx_word' id='word_1_178' title='bbox 386 2027 565 2089; x_wconf 89' lang='lat' dir='ltr'><strong>desinens</strong></span> <span class='ocrx_word' id='word_1_179' title='bbox 587 2047 659 2089; x_wconf 92' lang='lat' dir='ltr'><strong>una</strong></span> <span class='ocrx_word' id='word_1_180' title='bbox 687 2027 830 2109; x_wconf 79' lang='lat' dir='ltr'><strong>syllaba</strong></span> <span class='ocrx_word' id='word_1_181' title='bbox 860 2031 981 2090; x_wconf 90' lang='lat' dir='ltr'><strong>minor</strong></span> <span class='ocrx_word' id='word_1_182' title='bbox 1009 2029 1118 2090; x_wconf 81' lang='lat' dir='ltr'><strong>debet</strong></span> <span class='ocrx_word' id='word_1_183' title='bbox 1143 2049 1224 2092; x_wconf 90' lang='lat' dir='ltr'><strong>esse</strong></span> <span class='ocrx_word' id='word_1_184' title='bbox 1253 2050 1318 2092; x_wconf 91' lang='lat' dir='ltr'><strong>suo</strong></span> <span class='ocrx_word' id='word_1_185' title='bbox 1346 2033 1586 2100; x_wconf 79' lang='lat' dir='ltr'><strong>nominatius,</strong></span> 
     </span>
     <span class='ocr_line' id='line_1_19' title="bbox 295 2127 1588 2212; baseline 0.004 -24"><span class='ocrx_word' id='word_1_186' title='bbox 295 2134 335 2188; x_wconf 92' lang='lat' dir='ltr'><strong>ut</strong></span> <span class='ocrx_word' id='word_1_187' title='bbox 361 2129 549 2190; x_wconf 88' lang='lat' dir='ltr'><strong>Salustius</strong></span> <span class='ocrx_word' id='word_1_188' title='bbox 577 2127 720 2192; x_wconf 90' lang='lat' dir='ltr'><strong>Saluati</strong></span> <span class='ocrx_word' id='word_1_189' title='bbox 747 2130 894 2191; x_wconf 89' lang='lat' dir='ltr'><strong>abiecta</strong></span> <span class='ocrx_word' id='word_1_190' title='bbox 923 2149 980 2200; x_wconf 92' lang='lat' dir='ltr'><strong>us,</strong></span> <span class='ocrx_word' id='word_1_191' title='bbox 1010 2131 1193 2210; x_wconf 81' lang='lat' dir='ltr'><strong>Virgilius</strong></span> <span class='ocrx_word' id='word_1_192' title='bbox 1215 2133 1368 2212; x_wconf 89' lang='lat' dir='ltr'><strong>Virgili,</strong></span> <span class='ocrx_word' id='word_1_193' title='bbox 1391 2133 1588 2196; x_wconf 84' lang='lat' dir='ltr'><strong>Terentius</strong></span> 
     </span>
     <span class='ocr_line' id='line_1_20' title="bbox 296 2229 1588 2315; baseline 0.006 -26"><span class='ocrx_word' id='word_1_194' title='bbox 296 2248 313 2289; x_wconf 96' lang='lat' dir='ltr'><strong>o</strong></span> <span class='ocrx_word' id='word_1_195' title='bbox 337 2229 499 2290; x_wconf 85' lang='lat' dir='ltr'><strong>Terenti.</strong></span> <span class='ocrx_word' id='word_1_196' title='bbox 544 2230 625 2292; x_wconf 85' lang='lat' dir='ltr'><strong>flacc</strong></span> <span class='ocrx_word' id='word_1_197' title='bbox 654 2237 752 2293; x_wconf 89' lang='lat' dir='ltr'><strong>tamen</strong></span> <span class='ocrx_word' id='word_1_198' title='bbox 782 2231 884 2294; x_wconf 85' lang='lat' dir='ltr'><strong>eadem</strong></span> <span class='ocrx_word' id='word_1_199' title='bbox 908 2235 997 2294; x_wconf 91' lang='lat' dir='ltr'><strong>etiam</strong></span> <span class='ocrx_word' id='word_1_200' title='bbox 1020 2234 1051 2294; x_wconf 90' lang='lat' dir='ltr'><strong>in</strong></span> <span class='ocrx_word' id='word_1_201' title='bbox 1075 2252 1091 2295; x_wconf 92' lang='lat' dir='ltr'><strong>e</strong></span> <span class='ocrx_word' id='word_1_202' title='bbox 1114 2233 1307 2314; x_wconf 83' lang='lat' dir='ltr'><strong>proterebant</strong></span> <span class='ocrx_word' id='word_1_203' title='bbox 1329 2236 1537 2315; x_wconf 85' lang='lat' dir='ltr'><strong>antiquissimi,</strong></span> <span class='ocrx_word' id='word_1_204' title='bbox 1559 2243 1588 2298; x_wconf 92' lang='lat' dir='ltr'><strong>ut</strong></span> 
     </span>
     <span class='ocr_line' id='line_1_21' title="bbox 296 2330 1617 2415; baseline 0.002 -23"><span class='ocrx_word' id='word_1_205' title='bbox 296 2349 313 2392; x_wconf 93' lang='lat' dir='ltr'><strong>o</strong></span> <span class='ocrx_word' id='word_1_206' title='bbox 336 2330 473 2410; x_wconf 83' lang='lat' dir='ltr'><strong>Virgilie,</strong></span> <span class='ocrx_word' id='word_1_207' title='bbox 498 2350 515 2392; x_wconf 96' lang='lat' dir='ltr'><strong>o</strong></span> <span class='ocrx_word' id='word_1_208' title='bbox 537 2332 694 2394; x_wconf 89' lang='lat' dir='ltr'><strong>llercurie.</strong></span> <span class='ocrx_word' id='word_1_209' title='bbox 739 2335 892 2396; x_wconf 87' lang='lat' dir='ltr'><strong>lnuenitur</strong></span> <span class='ocrx_word' id='word_1_210' title='bbox 914 2353 1007 2396; x_wconf 91' lang='lat' dir='ltr'><strong>unum</strong></span> <span class='ocrx_word' id='word_1_211' title='bbox 1031 2355 1150 2412; x_wconf 86' lang='lat' dir='ltr'><strong>nomen,</strong></span> <span class='ocrx_word' id='word_1_212' title='bbox 1174 2336 1254 2415; x_wconf 87' lang='lat' dir='ltr'><strong>quod</strong></span> <span class='ocrx_word' id='word_1_213' title='bbox 1276 2343 1335 2398; x_wconf 90' lang='lat' dir='ltr'><strong>tam</strong></span> <span class='ocrx_word' id='word_1_214' title='bbox 1358 2339 1390 2398; x_wconf 90' lang='lat' dir='ltr'><strong>in</strong></span> <span class='ocrx_word' id='word_1_215' title='bbox 1414 2357 1431 2398; x_wconf 89' lang='lat' dir='ltr'><strong>e</strong></span> <span class='ocrx_word' id='word_1_216' title='bbox 1454 2354 1540 2415; x_wconf 83' lang='lat' dir='ltr'><strong>quam</strong></span> <span class='ocrx_word' id='word_1_217' title='bbox 1560 2339 1617 2398; x_wconf 84' lang='lat' dir='ltr'><strong>insu</strong></span> 
     </span>
     <span class='ocr_line' id='line_1_22' title="bbox 295 2433 1586 2517; baseline 0.004 -24"><span class='ocrx_word' id='word_1_218' title='bbox 295 2433 398 2494; x_wconf 82' lang='lat' dir='ltr'><strong>isacit</strong></span> <span class='ocrx_word' id='word_1_219' title='bbox 416 2436 600 2506; x_wconf 89' lang='lat' dir='ltr'><strong>uocatiuum,</strong></span> <span class='ocrx_word' id='word_1_220' title='bbox 624 2437 760 2516; x_wconf 88' lang='lat' dir='ltr'><strong>quamuis</strong></span> <span class='ocrx_word' id='word_1_221' title='bbox 782 2439 821 2497; x_wconf 91' lang='lat' dir='ltr'><strong>sit</strong></span> <span class='ocrx_word' id='word_1_222' title='bbox 843 2435 1066 2517; x_wconf 90' lang='lat' dir='ltr'><strong>appellatiuum,</strong></span> <span class='ocrx_word' id='word_1_223' title='bbox 1091 2456 1108 2499; x_wconf 93' lang='lat' dir='ltr'><strong>o</strong></span> <span class='ocrx_word' id='word_1_224' title='bbox 1131 2438 1189 2500; x_wconf 88' lang='lat' dir='ltr'><strong>lille</strong></span> <span class='ocrx_word' id='word_1_225' title='bbox 1213 2447 1244 2500; x_wconf 88' lang='lat' dir='ltr'><strong>et</strong></span> <span class='ocrx_word' id='word_1_226' title='bbox 1265 2457 1283 2499; x_wconf 95' lang='lat' dir='ltr'><strong>o</strong></span> <span class='ocrx_word' id='word_1_227' title='bbox 1306 2438 1347 2500; x_wconf 87' lang='lat' dir='ltr'><strong>tili</strong></span> <span class='ocrx_word' id='word_1_228' title='bbox 1359 2437 1406 2500; x_wconf 91' lang='lat' dir='ltr'><strong>uel</strong></span> <span class='ocrx_word' id='word_1_229' title='bbox 1421 2437 1509 2502; x_wconf 88' lang='lat' dir='ltr'><strong>lilius.</strong></span> <span class='ocrx_word' id='word_1_230' title='bbox 1531 2437 1586 2499; x_wconf 78' lang='lat' dir='ltr'><strong>atta</strong></span> 
     </span>
     <span class='ocr_line' id='line_1_23' title="bbox 296 2538 1587 2604; baseline 0.003 -8"><span class='ocrx_word' id='word_1_231' title='bbox 296 2553 369 2596; x_wconf 91' lang='lat' dir='ltr'><strong>uero</strong></span> <span class='ocrx_word' id='word_1_232' title='bbox 398 2538 519 2598; x_wconf 89' lang='lat' dir='ltr'><strong>nomina</strong></span> <span class='ocrx_word' id='word_1_233' title='bbox 548 2539 578 2599; x_wconf 91' lang='lat' dir='ltr'><strong>in</strong></span> <span class='ocrx_word' id='word_1_234' title='bbox 608 2556 644 2600; x_wconf 94' lang='lat' dir='ltr'><strong>us</strong></span> <span class='ocrx_word' id='word_1_235' title='bbox 673 2539 837 2600; x_wconf 85' lang='lat' dir='ltr'><strong>desinentia</strong></span> <span class='ocrx_word' id='word_1_236' title='bbox 865 2538 1027 2601; x_wconf 87' lang='lat' dir='ltr'><strong>masculina</strong></span> <span class='ocrx_word' id='word_1_237' title='bbox 1056 2559 1110 2602; x_wconf 92' lang='lat' dir='ltr'><strong>seu</strong></span> <span class='ocrx_word' id='word_1_238' title='bbox 1132 2540 1274 2602; x_wconf 77' lang='lat' dir='ltr'><strong>feminina</strong></span> <span class='ocrx_word' id='word_1_239' title='bbox 1298 2558 1445 2602; x_wconf 89' lang='lat' dir='ltr'><strong>conuersa</strong></span> <span class='ocrx_word' id='word_1_240' title='bbox 1467 2557 1503 2604; x_wconf 85' lang='lat' dir='ltr'><strong>us</strong></span> <span class='ocrx_word' id='word_1_241' title='bbox 1523 2542 1587 2601; x_wconf 90' lang='lat' dir='ltr'><strong>ine</strong></span> 
     </span>
     <span class='ocr_line' id='line_1_24' title="bbox 295 2637 1587 2724; baseline 0.006 -28"><span class='ocrx_word' id='word_1_242' title='bbox 295 2637 407 2699; x_wconf 86' lang='lat' dir='ltr'><strong>iaciunt</strong></span> <span class='ocrx_word' id='word_1_243' title='bbox 436 2641 622 2711; x_wconf 88' lang='lat' dir='ltr'><strong>uocatiuum,</strong></span> <span class='ocrx_word' id='word_1_244' title='bbox 652 2647 684 2703; x_wconf 92' lang='lat' dir='ltr'><strong>ut</strong></span> <span class='ocrx_word' id='word_1_245' title='bbox 712 2640 761 2701; x_wconf 92' lang='lat' dir='ltr'><strong>bic</strong></span> <span class='ocrx_word' id='word_1_246' title='bbox 787 2640 923 2702; x_wconf 86' lang='lat' dir='ltr'><strong>Priamus</strong></span> <span class='ocrx_word' id='word_1_247' title='bbox 951 2660 968 2701; x_wconf 93' lang='lat' dir='ltr'><strong>o</strong></span> <span class='ocrx_word' id='word_1_248' title='bbox 996 2642 1129 2713; x_wconf 89' lang='lat' dir='ltr'><strong>Priame,</strong></span> <span class='ocrx_word' id='word_1_249' title='bbox 1157 2644 1225 2723; x_wconf 90' lang='lat' dir='ltr'><strong>pius</strong></span> <span class='ocrx_word' id='word_1_250' title='bbox 1252 2644 1314 2721; x_wconf 93' lang='lat' dir='ltr'><strong>pie,</strong></span> <span class='ocrx_word' id='word_1_251' title='bbox 1348 2651 1461 2724; x_wconf 73' lang='lat' dir='ltr'><strong>myrtus</strong></span> <span class='ocrx_word' id='word_1_252' title='bbox 1490 2651 1587 2724; x_wconf 78' lang='lat' dir='ltr'><strong>myrta.</strong></span> 
     </span>
     <span class='ocr_line' id='line_1_25' title="bbox 294 2739 1587 2824; baseline 0.002 -23"><span class='ocrx_word' id='word_1_253' title='bbox 294 2739 347 2801; x_wconf 86' lang='lat' dir='ltr'><strong>Est</strong></span> <span class='ocrx_word' id='word_1_254' title='bbox 365 2747 479 2811; x_wconf 89' lang='lat' dir='ltr'><strong>tamen,</strong></span> <span class='ocrx_word' id='word_1_255' title='bbox 502 2741 621 2822; x_wconf 89' lang='lat' dir='ltr'><strong>quaudo</strong></span> <span class='ocrx_word' id='word_1_256' title='bbox 645 2743 827 2803; x_wconf 90' lang='lat' dir='ltr'><strong>nominatiuo</strong></span> <span class='ocrx_word' id='word_1_257' title='bbox 855 2744 946 2805; x_wconf 92' lang='lat' dir='ltr'><strong>inus</strong></span> <span class='ocrx_word' id='word_1_258' title='bbox 975 2745 1135 2806; x_wconf 91' lang='lat' dir='ltr'><strong>terminato</strong></span> <span class='ocrx_word' id='word_1_259' title='bbox 1161 2762 1217 2824; x_wconf 89' lang='lat' dir='ltr'><strong>pro</strong></span> <span class='ocrx_word' id='word_1_260' title='bbox 1247 2747 1385 2807; x_wconf 91' lang='lat' dir='ltr'><strong>uocatiuo</strong></span> <span class='ocrx_word' id='word_1_261' title='bbox 1413 2747 1479 2808; x_wconf 87' lang='lat' dir='ltr'><strong>siue</strong></span> <span class='ocrx_word' id='word_1_262' title='bbox 1507 2746 1587 2806; x_wconf 85' lang='lat' dir='ltr'><strong>metri</strong></span> 
     </span>
     <span class='ocr_line' id='line_1_26' title="bbox 296 2843 1617 2923; baseline 0.003 -22"><span class='ocrx_word' id='word_1_263' title='bbox 296 2843 360 2902; x_wconf 91' lang='lat' dir='ltr'><strong>sine</strong></span> <span class='ocrx_word' id='word_1_264' title='bbox 383 2843 549 2923; x_wconf 86' lang='lat' dir='ltr'><strong>euphoniae</strong></span> <span class='ocrx_word' id='word_1_265' title='bbox 571 2863 660 2906; x_wconf 88' lang='lat' dir='ltr'><strong>causa</strong></span> <span class='ocrx_word' id='word_1_266' title='bbox 683 2850 818 2916; x_wconf 89' lang='lat' dir='ltr'><strong>utuntur,</strong></span> <span class='ocrx_word' id='word_1_267' title='bbox 841 2844 1025 2908; x_wconf 89' lang='lat' dir='ltr'><strong>Lucanus:</strong></span> <span class='ocrx_word' id='word_1_268' title='bbox 1596 2863 1617 2905; x_wconf 79' lang='lat' dir='ltr'><strong>ss</strong></span> 
     </span>
     <span class='ocr_line' id='line_1_27' title="bbox 694 2945 1092 3027; baseline 0.005 -21"><span class='ocrx_word' id='word_1_269' title='bbox 694 2945 860 3025; x_wconf 85' lang='lat' dir='ltr'><strong>degener</strong></span> <span class='ocrx_word' id='word_1_270' title='bbox 883 2965 900 3008; x_wconf 96' lang='lat' dir='ltr'><strong>o</strong></span> <span class='ocrx_word' id='word_1_271' title='bbox 922 2947 1092 3027; x_wconf 91' lang='lat' dir='ltr'><strong>populus.</strong></span> 
     </span>
     <span class='ocr_line' id='line_1_28' title="bbox 295 3045 779 3125; baseline 0.008 -19"><span class='ocrx_word' id='word_1_272' title='bbox 295 3045 484 3125; x_wconf 80' lang='lat' dir='ltr'><strong>Virgilius</strong></span> <span class='ocrx_word' id='word_1_273' title='bbox 505 3049 537 3118; x_wconf 84' lang='lat' dir='ltr'><strong>ip</strong></span> <span class='ocrx_word' id='word_1_274' title='bbox 560 3056 666 3110; x_wconf 91' lang='lat' dir='ltr'><strong>octauo</strong></span> <span class='ocrx_word' id='word_1_275' title='bbox 688 3046 779 3110; x_wconf 92' lang='lat' dir='ltr'><strong>libro:</strong></span> 
     </span>
     <span class='ocr_line' id='line_1_29' title="bbox 449 3149 1477 3232; baseline 0.007 -23"><span class='ocrx_word' id='word_1_276' title='bbox 449 3149 630 3229; x_wconf 87' lang='lat' dir='ltr'><strong>Corniger</strong></span> <span class='ocrx_word' id='word_1_277' title='bbox 653 3151 898 3231; x_wconf 88' lang='lat' dir='ltr'><strong>Hesperidum</strong></span> <span class='ocrx_word' id='word_1_278' title='bbox 922 3150 1067 3214; x_wconf 85' lang='lat' dir='ltr'><strong>lluuius</strong></span> <span class='ocrx_word' id='word_1_279' title='bbox 1089 3160 1267 3232; x_wconf 90' lang='lat' dir='ltr'><strong>regnator</strong></span> <span class='ocrx_word' id='word_1_280' title='bbox 1289 3171 1477 3232; x_wconf 86' lang='lat' dir='ltr'><strong>aquarum.</strong></span> 
     </span>
    </p>

    <p class='ocr_par' dir='ltr' id='par_1_3' title="bbox 295 3249 1617 3850">
     <span class='ocr_line' id='line_1_30' title="bbox 295 3249 1585 3338; baseline 0.007 -29"><span class='ocrx_word' id='word_1_281' title='bbox 295 3249 332 3310; x_wconf 88' lang='lat' dir='ltr'><strong>Et</strong></span> <span class='ocrx_word' id='word_1_282' title='bbox 353 3249 426 3311; x_wconf 90' lang='lat' dir='ltr'><strong>haec</strong></span> <span class='ocrx_word' id='word_1_283' title='bbox 448 3252 568 3312; x_wconf 90' lang='lat' dir='ltr'><strong>nomina</strong></span> <span class='ocrx_word' id='word_1_284' title='bbox 596 3253 626 3313; x_wconf 90' lang='lat' dir='ltr'><strong>in</strong></span> <span class='ocrx_word' id='word_1_285' title='bbox 655 3255 703 3314; x_wconf 91' lang='lat' dir='ltr'><strong>ius</strong></span> <span class='ocrx_word' id='word_1_286' title='bbox 731 3255 895 3315; x_wconf 86' lang='lat' dir='ltr'><strong>desinentia</strong></span> <span class='ocrx_word' id='word_1_287' title='bbox 918 3255 961 3315; x_wconf 93' lang='lat' dir='ltr'><strong>sic</strong></span> <span class='ocrx_word' id='word_1_288' title='bbox 983 3251 1184 3316; x_wconf 89' lang='lat' dir='ltr'><strong>declinantur:</strong></span> <span class='ocrx_word' id='word_1_289' title='bbox 1213 3254 1262 3316; x_wconf 95' lang='lat' dir='ltr'><strong>hic</strong></span> <span class='ocrx_word' id='word_1_290' title='bbox 1290 3255 1368 3317; x_wconf 87' lang='lat' dir='ltr'><strong>lilius</strong></span> <span class='ocrx_word' id='word_1_291' title='bbox 1384 3253 1396 3338; x_wconf 72' lang='lat' dir='ltr'><strong>l</strong></span> <span class='ocrx_word' id='word_1_292' title='bbox 1412 3256 1463 3317; x_wconf 87' lang='lat' dir='ltr'><strong>Iol.</strong></span> <span class='ocrx_word' id='word_1_293' title='bbox 1483 3253 1559 3318; x_wconf 87' lang='grc'>100·</span> <span class='ocrx_word' id='word_1_294' title='bbox 1574 3253 1585 3338; x_wconf 75' lang='lat' dir='ltr'><strong>ll</strong></span> 
     </span>
     <span class='ocr_line' id='line_1_31' title="bbox 295 3351 1617 3430; baseline 0.005 -18"><span class='ocrx_word' id='word_1_295' title='bbox 295 3352 384 3413; x_wconf 91' lang='lat' dir='ltr'><strong>huius</strong></span> <span class='ocrx_word' id='word_1_296' title='bbox 411 3351 478 3422; x_wconf 84' lang='lat' dir='ltr'><strong>tilii,</strong></span> <span class='ocrx_word' id='word_1_297' title='bbox 508 3352 607 3415; x_wconf 91' lang='lat' dir='ltr'><strong>datiuo</strong></span> <span class='ocrx_word' id='word_1_298' title='bbox 636 3353 707 3416; x_wconf 89' lang='lat' dir='ltr'><strong>huic</strong></span> <span class='ocrx_word' id='word_1_299' title='bbox 733 3353 807 3428; x_wconf 90' lang='lat' dir='ltr'><strong>tilio,</strong></span> <span class='ocrx_word' id='word_1_300' title='bbox 836 3354 916 3417; x_wconf 89' lang='lat' dir='ltr'><strong>hunc</strong></span> <span class='ocrx_word' id='word_1_301' title='bbox 946 3355 1053 3429; x_wconf 86' lang='lat' dir='ltr'><strong>lilium,</strong></span> <span class='ocrx_word' id='word_1_302' title='bbox 1084 3355 1202 3420; x_wconf 85' lang='lat' dir='ltr'><strong>ofilius</strong></span> <span class='ocrx_word' id='word_1_303' title='bbox 1225 3365 1255 3418; x_wconf 90' lang='lat' dir='ltr'><strong>et</strong></span> <span class='ocrx_word' id='word_1_304' title='bbox 1277 3377 1295 3419; x_wconf 94' lang='lat' dir='ltr'><strong>o</strong></span> <span class='ocrx_word' id='word_1_305' title='bbox 1318 3356 1360 3420; x_wconf 88' lang='lat' dir='ltr'><strong>fili</strong></span> <span class='ocrx_word' id='word_1_306' title='bbox 1382 3357 1431 3420; x_wconf 91' lang='lat' dir='ltr'><strong>uel</strong></span> <span class='ocrx_word' id='word_1_307' title='bbox 1454 3357 1527 3430; x_wconf 85' lang='lat' dir='ltr'><strong>iilic,</strong></span> <span class='ocrx_word' id='word_1_308' title='bbox 1554 3357 1617 3420; x_wconf 83' lang='lat' dir='ltr'><strong>abso</strong></span> 
     </span>
     <span class='ocr_line' id='line_1_32' title="bbox 295 3452 1586 3535; baseline 0.005 -20"><span class='ocrx_word' id='word_1_309' title='bbox 295 3454 353 3515; x_wconf 94' lang='lat' dir='ltr'><strong>hoc</strong></span> <span class='ocrx_word' id='word_1_310' title='bbox 380 3452 442 3515; x_wconf 81' lang='lat' dir='ltr'><strong>filio</strong></span> <span class='ocrx_word' id='word_1_311' title='bbox 470 3463 499 3516; x_wconf 90' lang='lat' dir='ltr'><strong>et</strong></span> <span class='ocrx_word' id='word_1_312' title='bbox 520 3452 628 3535; x_wconf 82' lang='lat' dir='ltr'><strong>plurali</strong></span> <span class='ocrx_word' id='word_1_313' title='bbox 651 3457 682 3517; x_wconf 93' lang='lat' dir='ltr'><strong>hi</strong></span> <span class='ocrx_word' id='word_1_314' title='bbox 704 3455 770 3528; x_wconf 85' lang='lat' dir='ltr'><strong>filii,</strong></span> <span class='ocrx_word' id='word_1_315' title='bbox 800 3457 907 3519; x_wconf 91' lang='lat' dir='ltr'><strong>horum</strong></span> <span class='ocrx_word' id='word_1_316' title='bbox 935 3458 1078 3531; x_wconf 87' lang='lat' dir='ltr'><strong>liliorum,</strong></span> <span class='ocrx_word' id='word_1_317' title='bbox 1107 3459 1154 3520; x_wconf 91' lang='lat' dir='ltr'><strong>his</strong></span> <span class='ocrx_word' id='word_1_318' title='bbox 1176 3457 1257 3532; x_wconf 87' lang='lat' dir='ltr'><strong>liliis,</strong></span> <span class='ocrx_word' id='word_1_319' title='bbox 1289 3459 1344 3522; x_wconf 87' lang='lat' dir='ltr'><strong>bos</strong></span> <span class='ocrx_word' id='word_1_320' title='bbox 1370 3457 1461 3532; x_wconf 82' lang='lat' dir='ltr'><strong>filios,</strong></span> <span class='ocrx_word' id='word_1_321' title='bbox 1491 3459 1586 3531; x_wconf 87' lang='lat' dir='ltr'><strong>ofilil,</strong></span> 
     </span>
     <span class='ocr_line' id='line_1_33' title="bbox 295 3555 1588 3641; baseline 0.006 -25"><span class='ocrx_word' id='word_1_322' title='bbox 295 3555 333 3616; x_wconf 91' lang='lat' dir='ltr'><strong>ab</strong></span> <span class='ocrx_word' id='word_1_323' title='bbox 356 3555 403 3616; x_wconf 93' lang='lat' dir='ltr'><strong>his</strong></span> <span class='ocrx_word' id='word_1_324' title='bbox 424 3555 502 3618; x_wconf 83' lang='lat' dir='ltr'><strong>tiliis.</strong></span> <span class='ocrx_word' id='word_1_325' title='bbox 539 3557 588 3618; x_wconf 87' lang='lat' dir='ltr'><strong>Sic</strong></span> <span class='ocrx_word' id='word_1_326' title='bbox 611 3556 776 3620; x_wconf 88' lang='lat' dir='ltr'><strong>declinatur</strong></span> <span class='ocrx_word' id='word_1_327' title='bbox 797 3559 898 3621; x_wconf 88' lang='lat' dir='ltr'><strong>radius</strong></span> <span class='ocrx_word' id='word_1_328' title='bbox 920 3559 1037 3622; x_wconf 88' lang='lat' dir='ltr'><strong>sobrius</strong></span> <span class='ocrx_word' id='word_1_329' title='bbox 1060 3560 1202 3641; x_wconf 90' lang='lat' dir='ltr'><strong>lignarius</strong></span> <span class='ocrx_word' id='word_1_330' title='bbox 1223 3560 1338 3641; x_wconf 89' lang='lat' dir='ltr'><strong>gladius</strong></span> <span class='ocrx_word' id='word_1_331' title='bbox 1360 3563 1502 3641; x_wconf 87' lang='lat' dir='ltr'><strong>aquarius</strong></span> <span class='ocrx_word' id='word_1_332' title='bbox 1523 3580 1588 3624; x_wconf 89' lang='lat' dir='ltr'><strong>con·</strong></span> 
     </span>
     <span class='ocr_line' id='line_1_34' title="bbox 295 3655 1588 3742; baseline 0.005 -23"><span class='ocrx_word' id='word_1_333' title='bbox 295 3655 424 3719; x_wconf 88' lang='lat' dir='ltr'><strong>siliarius</strong></span> <span class='ocrx_word' id='word_1_334' title='bbox 446 3657 561 3720; x_wconf 87' lang='lat' dir='ltr'><strong>Ennius</strong></span> <span class='ocrx_word' id='word_1_335' title='bbox 582 3658 673 3720; x_wconf 92' lang='lat' dir='ltr'><strong>lulius</strong></span> <span class='ocrx_word' id='word_1_336' title='bbox 696 3661 828 3724; x_wconf 89' lang='lat' dir='ltr'><strong>Valerius</strong></span> <span class='ocrx_word' id='word_1_337' title='bbox 856 3663 1014 3723; x_wconf 89' lang='lat' dir='ltr'><strong>Terentius</strong></span> <span class='ocrx_word' id='word_1_338' title='bbox 1035 3662 1173 3742; x_wconf 87' lang='lat' dir='ltr'><strong>Virgilius</strong></span> <span class='ocrx_word' id='word_1_339' title='bbox 1200 3663 1313 3726; x_wconf 88' lang='lat' dir='ltr'><strong>Tullius</strong></span> <span class='ocrx_word' id='word_1_340' title='bbox 1341 3662 1488 3727; x_wconf 88' lang='lat' dir='ltr'><strong>Salustius</strong></span> <span class='ocrx_word' id='word_1_341' title='bbox 1509 3664 1588 3728; x_wconf 86' lang='lat' dir='ltr'><strong>Clau·</strong></span> 
     </span>
     <span class='ocr_line' id='line_1_35' title="bbox 295 3759 1588 3850; baseline 0.005 -30"><span class='ocrx_word' id='word_1_342' title='bbox 295 3759 362 3820; x_wconf 91' lang='lat' dir='ltr'><strong>dius</strong></span> <span class='ocrx_word' id='word_1_343' title='bbox 383 3759 527 3821; x_wconf 74' lang='lat' dir='ltr'><strong>Antonius</strong></span> <span class='ocrx_word' id='word_1_344' title='bbox 550 3761 714 3839; x_wconf 87' lang='lat' dir='ltr'><strong>Gregorius</strong></span> <span class='ocrx_word' id='word_1_345' title='bbox 737 3769 895 3850; x_wconf 73' lang='lat' dir='ltr'><strong>etcetera.</strong></span> <span class='ocrx_word' id='word_1_346' title='bbox 933 3763 1006 3826; x_wconf 92' lang='lat' dir='ltr'><strong>ltem</strong></span> <span class='ocrx_word' id='word_1_347' title='bbox 1029 3763 1186 3845; x_wconf 85' lang='lat' dir='ltr'><strong>aliquando</strong></span> <span class='ocrx_word' id='word_1_348' title='bbox 1207 3783 1227 3826; x_wconf 93' lang='lat' dir='ltr'><strong>u</strong></span> <span class='ocrx_word' id='word_1_349' title='bbox 1250 3763 1316 3827; x_wconf 91' lang='lat' dir='ltr'><strong>loco</strong></span> <span class='ocrx_word' id='word_1_350' title='bbox 1339 3769 1529 3830; x_wconf 87' lang='lat' dir='ltr'><strong>consonantis</strong></span> <span class='ocrx_word' id='word_1_351' title='bbox 1548 3767 1588 3827; x_wconf 94' lang='lat' dir='ltr'><strong>in·</strong></span> 
     </span>
    </p>

    <p class='ocr_par' dir='ltr' id='par_1_4' title="bbox 266 3862 1618 3946">
     <span class='ocr_line' id='line_1_36' title="bbox 266 3862 1618 3946; baseline 0.006 -25"><span class='ocrx_word' id='word_1_352' title='bbox 266 3941 268 3946; x_wconf 68' lang='lat'><strong>,</strong></span> <span class='ocrx_word' id='word_1_353' title='bbox 294 3862 416 3923; x_wconf 91' lang='lat' dir='ltr'><strong>uenitur</strong></span> <span class='ocrx_word' id='word_1_354' title='bbox 442 3869 511 3924; x_wconf 90' lang='lat' dir='ltr'><strong>ante</strong></span> <span class='ocrx_word' id='word_1_355' title='bbox 539 3881 573 3924; x_wconf 90' lang='lat' dir='ltr'><strong>us</strong></span> <span class='ocrx_word' id='word_1_356' title='bbox 600 3864 728 3942; x_wconf 91' lang='lat' dir='ltr'><strong>positum</strong></span> <span class='ocrx_word' id='word_1_357' title='bbox 757 3872 787 3926; x_wconf 90' lang='lat' dir='ltr'><strong>et</strong></span> <span class='ocrx_word' id='word_1_358' title='bbox 814 3863 862 3926; x_wconf 92' lang='lat' dir='ltr'><strong>illa</strong></span> <span class='ocrx_word' id='word_1_359' title='bbox 890 3866 1009 3927; x_wconf 89' lang='lat' dir='ltr'><strong>nomina</strong></span> <span class='ocrx_word' id='word_1_360' title='bbox 1037 3864 1185 3928; x_wconf 89' lang='lat' dir='ltr'><strong>secundae</strong></span> <span class='ocrx_word' id='word_1_361' title='bbox 1214 3866 1421 3930; x_wconf 88' lang='lat' dir='ltr'><strong>declinationis</strong></span> <span class='ocrx_word' id='word_1_362' title='bbox 1446 3876 1531 3940; x_wconf 89' lang='lat' dir='ltr'><strong>sunt,</strong></span> <span class='ocrx_word' id='word_1_363' title='bbox 1558 3876 1618 3930; x_wconf 80' lang='lat' dir='ltr'><strong>utos</strong></span> 
     </span>
    </p>
   </div>
   <div class='ocr_carea' id='block_1_3' title="bbox 363 4057 1678 4223">
    <p class='ocr_par' dir='ltr' id='par_1_5' title="bbox 363 4057 1678 4223">
     <span class='ocr_line' id='line_1_37' title="bbox 363 4057 1678 4223; baseline 0.005 -90"><span class='ocrx_word' id='word_1_364' title='bbox 363 4082 430 4134; x_wconf 66' lang='lat' dir='ltr'><strong>tha</strong></span> <span class='ocrx_word' id='word_1_365' title='bbox 448 4099 462 4133; x_wconf 90' lang='lat' dir='ltr'><strong>e</strong></span> <span class='ocrx_word' id='word_1_366' title='bbox 480 4098 495 4133; x_wconf 93' lang='lat' dir='ltr'><strong>o</strong></span> <span class='ocrx_word' id='word_1_367' title='bbox 513 4083 608 4133; x_wconf 83' lang='lat' dir='ltr'><strong>ieiunia</strong></span> <span class='ocrx_word' id='word_1_368' title='bbox 675 4082 779 4148; x_wconf 66' lang='lat' dir='ltr'><strong>equod</strong></span> <span class='ocrx_word' id='word_1_369' title='bbox 849 4084 952 4135; x_wconf 81' lang='lat' dir='ltr'><strong>bldem</strong></span> <span class='ocrx_word' id='word_1_370' title='bbox 969 4085 1051 4136; x_wconf 86' lang='lat' dir='ltr'><strong>decim</strong></span> <span class='ocrx_word' id='word_1_371' title='bbox 1103 4096 1240 4138; x_wconf 83' lang='lat' dir='ltr'><strong>sentens</strong></span> <span class='ocrx_word' id='word_1_372' title='bbox 1309 4088 1396 4138; x_wconf 77' lang='lat' dir='ltr'><strong>dduo</strong></span> <span class='ocrx_word' id='word_1_373' title='bbox 1415 4089 1441 4138; x_wconf 90' lang='lat' dir='ltr'><strong>in</strong></span> <span class='ocrx_word' id='word_1_374' title='bbox 1493 4103 1588 4223; x_wconf 76' lang='lat' dir='ltr'><strong>prame·</strong></span> <span class='ocrx_word' id='word_1_375' title='bbox 1677 4057 1678 4122; x_wconf 51' lang='grc'>1</span> 
     </span>
    </p>
   </div>
   <div class='ocr_carea' id='block_1_4' title="bbox 294 4151 1492 4208">
    <p class='ocr_par' dir='ltr' id='par_1_6' title="bbox 294 4151 1492 4208">
     <span class='ocr_line' id='line_1_38' title="bbox 294 4151 1492 4208; baseline 0.007 -8"><span class='ocrx_word' id='word_1_376' title='bbox 294 4151 359 4201; x_wconf 88' lang='lat' dir='ltr'><strong>ticus</strong></span> <span class='ocrx_word' id='word_1_377' title='bbox 447 4152 506 4204; x_wconf 77' lang='lat' dir='ltr'><strong>lin</strong></span> <span class='ocrx_word' id='word_1_378' title='bbox 525 4167 555 4202; x_wconf 87' lang='lat' dir='ltr'><strong>os</strong></span> <span class='ocrx_word' id='word_1_379' title='bbox 624 4152 761 4204; x_wconf 77' lang='lat' dir='ltr'><strong>Baubo-ius</strong></span> <span class='ocrx_word' id='word_1_380' title='bbox 813 4153 894 4202; x_wconf 89' lang='lat' dir='ltr'><strong>sobrii</strong></span> <span class='ocrx_word' id='word_1_381' title='bbox 963 4156 995 4206; x_wconf 89' lang='grc'><strong>10</strong></span> <span class='ocrx_word' id='word_1_382' title='bbox 1012 4153 1048 4204; x_wconf 88' lang='lat' dir='ltr'><strong>hii</strong></span> <span class='ocrx_word' id='word_1_383' title='bbox 1119 4156 1149 4204; x_wconf 91' lang='grc'><strong>11</strong></span> <span class='ocrx_word' id='word_1_384' title='bbox 1167 4154 1220 4205; x_wconf 91' lang='lat' dir='ltr'><strong>litte</strong></span> <span class='ocrx_word' id='word_1_385' title='bbox 1295 4157 1325 4206; x_wconf 96' lang='grc'><strong>12</strong></span> <span class='ocrx_word' id='word_1_386' title='bbox 1344 4155 1492 4208; x_wconf 83' lang='lat' dir='ltr'><strong>Priscianus</strong></span> 
     </span>
    </p>
   </div>
   <div class='ocr_carea' id='block_1_5' title="bbox 1523 4147 1678 4221">
    <p class='ocr_par' dir='ltr' id='par_1_7' title="bbox 1523 4147 1678 4221">
     <span class='ocr_line' id='line_1_39' title="bbox 1523 4147 1678 4221; baseline -0.013 -13"><span class='ocrx_word' id='word_1_387' title='bbox 1523 4157 1586 4221; x_wconf 85' lang='lat' dir='ltr'><strong>cs.I</strong></span> <span class='ocrx_word' id='word_1_388' title='bbox 1677 4147 1678 4194; x_wconf 71' lang='lat' dir='ltr'><strong>l</strong></span> 
     </span>
    </p>
   </div>
   <div class='ocr_carea' id='block_1_6' title="bbox 293 4220 1678 4292">
    <p class='ocr_par' dir='ltr' id='par_1_8' title="bbox 293 4220 1678 4292">
     <span class='ocr_line' id='line_1_40' title="bbox 293 4220 1678 4292; baseline 0.005 -24"><span class='ocrx_word' id='word_1_389' title='bbox 293 4235 321 4284; x_wconf 87' lang='lat' dir='ltr'><strong>p.</strong></span> <span class='ocrx_word' id='word_1_390' title='bbox 340 4221 400 4281; x_wconf 79' lang='lat' dir='ltr'><strong>tto,</strong></span> <span class='ocrx_word' id='word_1_391' title='bbox 419 4223 449 4269; x_wconf 73' lang='lat'><strong>91</strong></span> <span class='ocrx_word' id='word_1_392' title='bbox 476 4220 623 4282; x_wconf 76' lang='lat' dir='ltr'><strong>frequenter</strong></span> <span class='ocrx_word' id='word_1_393' title='bbox 640 4231 725 4271; x_wconf 89' lang='lat' dir='ltr'><strong>tamen</strong></span> <span class='ocrx_word' id='word_1_394' title='bbox 742 4221 888 4272; x_wconf 89' lang='lat' dir='ltr'><strong>inuenimus</strong></span> <span class='ocrx_word' id='word_1_395' title='bbox 908 4231 1005 4272; x_wconf 87' lang='lat' dir='ltr'><strong>ueteres</strong></span> <span class='ocrx_word' id='word_1_396' title='bbox 1023 4222 1049 4272; x_wconf 89' lang='lat' dir='ltr'><strong>in</strong></span> <span class='ocrx_word' id='word_1_397' title='bbox 1068 4222 1244 4275; x_wconf 86' lang='lat' dir='ltr'><strong>huiuscemodi</strong></span> <span class='ocrx_word' id='word_1_398' title='bbox 1262 4225 1403 4289; x_wconf 84' lang='lat' dir='ltr'><strong>genetiuis,</strong></span> <span class='ocrx_word' id='word_1_399' title='bbox 1430 4225 1497 4278; x_wconf 85' lang='lat' dir='ltr'><strong>idest</strong></span> <span class='ocrx_word' id='word_1_400' title='bbox 1513 4226 1586 4292; x_wconf 81' lang='lat' dir='ltr'><strong>gami—</strong></span> <span class='ocrx_word' id='word_1_401' title='bbox 1677 4243 1678 4292; x_wconf 60' lang='lat'><em>3</em></span> 
     </span>
    </p>
   </div>
   <div class='ocr_carea' id='block_1_7' title="bbox 297 4287 1541 4357">
    <p class='ocr_par' dir='ltr' id='par_1_9' title="bbox 297 4287 1541 4357">
     <span class='ocr_line' id='line_1_41' title="bbox 297 4287 1541 4357; baseline 0.006 -21"><span class='ocrx_word' id='word_1_402' title='bbox 297 4287 415 4337; x_wconf 89' lang='lat' dir='ltr'><strong>nantibus</strong></span> <span class='ocrx_word' id='word_1_403' title='bbox 433 4288 450 4347; x_wconf 91' lang='lat' dir='ltr'><strong>i,</strong></span> <span class='ocrx_word' id='word_1_404' title='bbox 470 4288 618 4338; x_wconf 82' lang='lat' dir='ltr'><strong>subtrahere</strong></span> <span class='ocrx_word' id='word_1_405' title='bbox 635 4289 738 4339; x_wconf 84' lang='lat' dir='ltr'><strong>alteram</strong></span> <span class='ocrx_word' id='word_1_406' title='bbox 758 4303 790 4339; x_wconf 89' lang='lat' dir='ltr'><strong>ex</strong></span> <span class='ocrx_word' id='word_1_407' title='bbox 809 4291 913 4342; x_wconf 80' lang='lat' dir='ltr'><strong>eleeto.</strong></span> <span class='ocrx_word' id='word_1_408' title='bbox 983 4291 1127 4341; x_wconf 91' lang='lat' dir='ltr'><strong>inuenimus</strong></span> <span class='ocrx_word' id='word_1_409' title='bbox 1146 4293 1164 4357; x_wconf 85' lang='lat' dir='ltr'><strong>i,</strong></span> <span class='ocrx_word' id='word_1_410' title='bbox 1183 4307 1229 4342; x_wconf 89' lang='lat' dir='ltr'><strong>om.</strong></span> <span class='ocrx_word' id='word_1_411' title='bbox 1249 4301 1347 4342; x_wconf 89' lang='lat' dir='ltr'><strong>ueteres</strong></span> <span class='ocrx_word' id='word_1_412' title='bbox 1420 4296 1451 4345; x_wconf 85' lang='lat'><strong>13</strong></span> <span class='ocrx_word' id='word_1_413' title='bbox 1470 4296 1494 4343; x_wconf 90' lang='lat' dir='ltr'><strong>in</strong></span> <span class='ocrx_word' id='word_1_414' title='bbox 1514 4309 1541 4343; x_wconf 90' lang='lat' dir='ltr'><strong>ns</strong></span> 
     </span>
    </p>
   </div>
   <div class='ocr_carea' id='block_1_8' title="bbox 296 4351 1678 4561">
    <p class='ocr_par' dir='ltr' id='par_1_10' title="bbox 296 4343 1678 4561">
     <span class='ocr_line' id='line_1_42' title="bbox 329 4351 1584 4429; baseline 0.004 -25"><span class='ocrx_word' id='word_1_415' title='bbox 329 4355 515 4406; x_wconf 89' lang='lat' dir='ltr'><strong>nominantium</strong></span> <span class='ocrx_word' id='word_1_416' title='bbox 568 4358 601 4407; x_wconf 80' lang='lat'><strong>14</strong></span> <span class='ocrx_word' id='word_1_417' title='bbox 618 4358 710 4423; x_wconf 85' lang='lat' dir='ltr'><strong>peculu</strong></span> <span class='ocrx_word' id='word_1_418' title='bbox 761 4371 808 4424; x_wconf 91' lang='lat' dir='ltr'><strong>pro</strong></span> <span class='ocrx_word' id='word_1_419' title='bbox 827 4359 916 4408; x_wconf 85' lang='lat' dir='ltr'><strong>antoni</strong></span> <span class='ocrx_word' id='word_1_420' title='bbox 934 4369 992 4424; x_wconf 88' lang='lat' dir='ltr'><strong>tego</strong></span> <span class='ocrx_word' id='word_1_421' title='bbox 1002 4375 1050 4425; x_wconf 87' lang='lat' dir='ltr'><strong>pro</strong></span> <span class='ocrx_word' id='word_1_422' title='bbox 1060 4351 1153 4426; x_wconf 74' lang='lat' dir='ltr'><strong>&#39;tegorii</strong></span> <span class='ocrx_word' id='word_1_423' title='bbox 1205 4361 1236 4410; x_wconf 87' lang='grc'><strong>16</strong></span> <span class='ocrx_word' id='word_1_424' title='bbox 1255 4357 1414 4429; x_wconf 84' lang='lat' dir='ltr'><strong>Priscianus]</strong></span> <span class='ocrx_word' id='word_1_425' title='bbox 1434 4362 1452 4412; x_wconf 92' lang='lat'><em>1</em></span> <span class='ocrx_word' id='word_1_426' title='bbox 1467 4379 1494 4427; x_wconf 83' lang='lat' dir='ltr'><strong>p.</strong></span> <span class='ocrx_word' id='word_1_427' title='bbox 1505 4364 1584 4425; x_wconf 55' lang='grc'><strong>3019</strong></span> 
     </span>
     <span class='ocr_line' id='line_1_43' title="bbox 296 4424 1678 4496; baseline 0.001 -22"><span class='ocrx_word' id='word_1_428' title='bbox 296 4425 328 4475; x_wconf 87' lang='lat'><strong>18</strong></span> <span class='ocrx_word' id='word_1_429' title='bbox 346 4424 420 4474; x_wconf 89' lang='lat' dir='ltr'><strong>debet</strong></span> <span class='ocrx_word' id='word_1_430' title='bbox 437 4440 483 4476; x_wconf 84' lang='lat' dir='ltr'><strong>om.</strong></span> <span class='ocrx_word' id='word_1_431' title='bbox 572 4426 604 4476; x_wconf 91' lang='lat'><strong>18</strong></span> <span class='ocrx_word' id='word_1_432' title='bbox 620 4427 756 4476; x_wconf 85' lang='lat' dir='ltr'><strong>terrentius</strong></span> <span class='ocrx_word' id='word_1_433' title='bbox 775 4428 789 4476; x_wconf 86' lang='grc' dir='ltr'>ό</span> <span class='ocrx_word' id='word_1_434' title='bbox 808 4427 910 4477; x_wconf 85' lang='lat' dir='ltr'><strong>terrenti</strong></span> <span class='ocrx_word' id='word_1_435' title='bbox 997 4429 1028 4478; x_wconf 83' lang='lat' dir='ltr'><strong>te</strong></span> <span class='ocrx_word' id='word_1_436' title='bbox 1047 4427 1109 4478; x_wconf 83' lang='lat' dir='ltr'><strong>haee</strong></span> <span class='ocrx_word' id='word_1_437' title='bbox 1126 4425 1222 4493; x_wconf 87' lang='lat' dir='ltr'><strong>tomen]</strong></span> <span class='ocrx_word' id='word_1_438' title='bbox 1241 4430 1275 4493; x_wconf 75' lang='lat' dir='ltr'><strong>cf.</strong></span> <span class='ocrx_word' id='word_1_439' title='bbox 1294 4429 1381 4481; x_wconf 82' lang='lat' dir='ltr'><strong>Prisc.</strong></span> <span class='ocrx_word' id='word_1_440' title='bbox 1400 4429 1417 4480; x_wconf 89' lang='lat'><em>1</em></span> <span class='ocrx_word' id='word_1_441' title='bbox 1433 4448 1462 4496; x_wconf 85' lang='lat' dir='ltr'><strong>p.</strong></span> <span class='ocrx_word' id='word_1_442' title='bbox 1483 4433 1540 4494; x_wconf 83' lang='lat'><strong>301,</strong></span> <span class='ocrx_word' id='word_1_443' title='bbox 1556 4431 1584 4477; x_wconf 81' lang='lat' dir='ltr'><strong>Ie</strong></span> <span class='ocrx_word' id='word_1_444' title='bbox 1677 4443 1678 4488; x_wconf 61' lang='lat' dir='ltr'><strong>t</strong></span> 
     </span>
     <span class='ocr_line' id='line_1_44' title="bbox 328 4493 1678 4561; baseline 0.004 -19"><span class='ocrx_word' id='word_1_445' title='bbox 328 4493 466 4556; x_wconf 83' lang='lat' dir='ltr'><strong>antiqulasi</strong></span> <span class='ocrx_word' id='word_1_446' title='bbox 533 4495 567 4543; x_wconf 88' lang='grc'><strong>20</strong></span> <span class='ocrx_word' id='word_1_447' title='bbox 584 4494 687 4561; x_wconf 72' lang='lat' dir='ltr'><strong>nirgilis</strong></span> <span class='ocrx_word' id='word_1_448' title='bbox 739 4496 863 4546; x_wconf 82' lang='lat' dir='ltr'><strong>mercurie</strong></span> <span class='ocrx_word' id='word_1_449' title='bbox 930 4495 1061 4546; x_wconf 75' lang='grc' dir='ltr'>210111ἱί</span> <span class='ocrx_word' id='word_1_450' title='bbox 1129 4496 1272 4548; x_wconf 83' lang='grc' dir='ltr'><strong>231ιιιὶιιιιι</strong></span> <span class='ocrx_word' id='word_1_451' title='bbox 1339 4499 1374 4548; x_wconf 78' lang='lat' dir='ltr'><strong>at</strong></span> <span class='ocrx_word' id='word_1_452' title='bbox 1391 4509 1504 4549; x_wconf 86' lang='lat' dir='ltr'><strong>estamen</strong></span> <span class='ocrx_word' id='word_1_453' title='bbox 1555 4497 1583 4546; x_wconf 78' lang='grc'><strong>25</strong></span> <span class='ocrx_word' id='word_1_454' title='bbox 1677 4505 1678 4522; x_wconf 66' lang='lat'>¹</span> 
     </span>
    </p>
   </div>
   <div class='ocr_carea' id='block_1_9' title="bbox 296 4547 1583 4656">
    <p class='ocr_par' dir='ltr' id='par_1_11' title="bbox 296 4547 1583 4656">
     <span class='ocr_line' id='line_1_45' title="bbox 296 4547 1583 4656; baseline 0.004 -47"><span class='ocrx_word' id='word_1_455' title='bbox 296 4561 405 4626; x_wconf 82' lang='lat' dir='ltr'><strong>coponio</strong></span> <span class='ocrx_word' id='word_1_456' title='bbox 473 4547 858 4627; x_wconf 82' lang='lat' dir='ltr'><strong>LucanusJPboro.11116‘</strong></span> <span class='ocrx_word' id='word_1_457' title='bbox 931 4567 963 4614; x_wconf 91' lang='grc'><strong>26</strong></span> <span class='ocrx_word' id='word_1_458' title='bbox 982 4565 1013 4614; x_wconf 91' lang='lat' dir='ltr'><strong>de</strong></span> <span class='ocrx_word' id='word_1_459' title='bbox 1032 4579 1126 4630; x_wconf 84' lang='lat' dir='ltr'><strong>negero</strong></span> <span class='ocrx_word' id='word_1_460' title='bbox 1144 4564 1248 4630; x_wconf 89' lang='lat' dir='ltr'><strong>populis</strong></span> <span class='ocrx_word' id='word_1_461' title='bbox 1317 4567 1350 4616; x_wconf 81' lang='grc'><strong>27</strong></span> <span class='ocrx_word' id='word_1_462' title='bbox 1369 4563 1508 4656; x_wconf 74' lang='lat' dir='ltr'><strong>Virgilius]</strong></span> <span class='ocrx_word' id='word_1_463' title='bbox 1526 4567 1583 4616; x_wconf 80' lang='lat' dir='ltr'><strong>Aen.</strong></span> 
     </span>
    </p>
   </div>
   <div class='ocr_carea' id='block_1_10' title="bbox 299 4625 1678 4701">
    <p class='ocr_par' dir='ltr' id='par_1_12' title="bbox 299 4625 1678 4701">
     <span class='ocr_line' id='line_1_46' title="bbox 299 4625 1678 4701; baseline 0.004 -23"><span class='ocrx_word' id='word_1_464' title='bbox 299 4629 375 4678; x_wconf 85' lang='lat' dir='ltr'><em>VIII</em></span> <span class='ocrx_word' id='word_1_465' title='bbox 394 4633 426 4679; x_wconf 85' lang='grc'><strong>77</strong></span> <span class='ocrx_word' id='word_1_466' title='bbox 477 4630 517 4680; x_wconf 90' lang='lat' dir='ltr'><strong>sin</strong></span> <span class='ocrx_word' id='word_1_467' title='bbox 536 4639 626 4681; x_wconf 87' lang='lat' dir='ltr'><strong>octauo</strong></span> <span class='ocrx_word' id='word_1_468' title='bbox 694 4631 727 4682; x_wconf 85' lang='grc'><strong>28</strong></span> <span class='ocrx_word' id='word_1_469' title='bbox 745 4632 863 4698; x_wconf 86' lang='lat' dir='ltr'><strong>coriuger·</strong></span> <span class='ocrx_word' id='word_1_470' title='bbox 914 4643 1036 4699; x_wconf 87' lang='lat' dir='ltr'><strong>regnatur</strong></span> <span class='ocrx_word' id='word_1_471' title='bbox 1086 4630 1120 4684; x_wconf 82' lang='grc'><strong>30</strong></span> <span class='ocrx_word' id='word_1_472' title='bbox 1139 4632 1177 4682; x_wconf 89' lang='lat' dir='ltr'><strong>uel</strong></span> <span class='ocrx_word' id='word_1_473' title='bbox 1195 4631 1248 4701; x_wconf 65' lang='lat' dir='ltr'><strong>lilia</strong></span> <span class='ocrx_word' id='word_1_474' title='bbox 1300 4625 1388 4685; x_wconf 80' lang='lat' dir='ltr'><strong>ethii</strong></span> <span class='ocrx_word' id='word_1_475' title='bbox 1440 4639 1472 4688; x_wconf 71' lang='lat'><strong>3⁶2</strong></span> <span class='ocrx_word' id='word_1_476' title='bbox 1490 4634 1581 4684; x_wconf 86' lang='lat' dir='ltr'><strong>sobrius</strong></span> <span class='ocrx_word' id='word_1_477' title='bbox 1677 4663 1678 4666; x_wconf 62' lang='lat'><em>=</em></span> 
     </span>
    </p>
   </div>
   <div class='ocr_carea' id='block_1_11' title="bbox 296 4697 797 4751">
    <p class='ocr_par' dir='ltr' id='par_1_13' title="bbox 296 4697 797 4751">
     <span class='ocr_line' id='line_1_47' title="bbox 296 4697 797 4751; baseline 0.004 -3"><span class='ocrx_word' id='word_1_478' title='bbox 296 4699 329 4748; x_wconf 79' lang='lat'><strong>33</strong></span> <span class='ocrx_word' id='word_1_479' title='bbox 346 4697 431 4748; x_wconf 87' lang='lat' dir='ltr'><strong>iunius</strong></span> <span class='ocrx_word' id='word_1_480' title='bbox 483 4697 618 4749; x_wconf 88' lang='lat' dir='ltr'><strong>terrentius</strong></span> <span class='ocrx_word' id='word_1_481' title='bbox 670 4699 797 4751; x_wconf 79' lang='lat' dir='ltr'><strong>saluscius</strong></span> 
     </span>
    </p>
   </div>
   <div class='ocr_carea' id='block_1_12' title="bbox 0 0 1700 5444">
    <p class='ocr_par' dir='ltr' id='par_1_14' title="bbox 0 0 1700 5444">
     <span class='ocr_line' id='line_1_48' title="bbox 0 0 1700 5444; baseline 0 0"><span class='ocrx_word' id='word_1_482' title='bbox 0 0 1700 5444; x_wconf 95' lang='lat' dir='ltr'><strong> </strong></span> 
     </span>
    </p>
   </div>
  </div>
 </body>
</html>
