3412 5452
291 347 425 397 cxxxw
681 333 730 383 DE
748 331 991 386 Dlssouaurta
1009 331 1199 384 SERMONIS.

373 524 492 584 Harum
515 500 852 598 differentiarum'pars
872 522 982 595 lepitar
1004 523 1035 580 in
1057 522 1162 582 codice
1184 522 1339 597 Baiiensi,
1362 541 1444 584 nane
1473 525 1568 586 Vinio

289 627 415 686 ienensi
427 625 460 684 X
466 625 514 684 VI
526 622 556 696 s.
575 619 639 696 σθ’,
661 622 705 696 as.
719 624 868 684 Analecta
886 623 1051 683 Vindobon.
1069 639 1104 700 p.
1124 629 1190 698 226,
1211 631 1336 698 11-16,
1359 628 1471 686 scilicet
1491 628 1571 688 iaec:

217 724 226 743 ⁸
292 723 374 787 1—5
396 726 506 787 inuoco
528 726 716 801 —insurgo
738 725 769 784 in
797 721 870 784 alios
894 721 1016 802 (aduoco
1036 722 1073 784 ad
1097 723 1241 786 honorem
1263 759 1305 770 ——
1328 743 1459 788 conuoco
1480 725 1570 807 plures

292 827 379 888 simul
407 861 438 870 —
466 827 620 904 exsurgo);
644 821 749 887 t-10
771 843 876 886 moneo
898 858 940 870 -
962 827 1108 886 eueniunt
1130 832 1257 906 utraque
1285 828 1474 905 (praemoneo
1495 848 1571 909 prae·

290 929 486 990 cauenda-
507 927 673 1008 inprecor);
698 924 746 989 16.
766 926 803 989 17
826 928 939 1006 accipio
964 961 1000 973 -
1025 926 1132 988 durum
1156 926 1375 1006 aduersumque
1399 931 1520 1010 (accipio
1539 931 1572 992 ab

289 1031 363 1101 alio,
387 1032 515 1111 suscipio
537 1037 642 1109 sponte
665 1030 701 1090 de
725 1047 855 1104 sursum,
888 1030 1000 1110 recipio
1022 1028 1149 1110 aliquam
1178 1046 1241 1089 rem
1271 1031 1424 1100 amissam,
1453 1035 1572 1112 suscipio

289 1131 399 1210 aliquid
422 1131 530 1193 durum
553 1130 790 1211 aduersumque).
1665 1199 1666 1204 .

372 1235 440 1294 Iam
462 1235 528 1311 qais
549 1236 603 1294 iste
627 1233 784 1295 Terentius
802 1231 916 1308 faerit,
939 1238 969 1295 si
988 1237 1223 1308 interrapamas,
1247 1236 1283 1295 aa
1305 1235 1460 1310 qnamdam
1481 1254 1572 1298 rerum
1665 1239 1666 1276 ³

287 1337 508 1397 similitudinem
530 1339 574 1397 aa
597 1336 811 1397 Terentium
838 1336 1022 1398 Scaurum
1049 1338 1348 1412 prammatiaam,
1378 1339 1463 1398 caius
1485 1339 1572 1398 ertio

286 1439 422 1513 prapttia
444 1445 546 1512 extat,
570 1455 625 1498 aas
646 1437 815 1512 consapere
833 1455 897 1514 par
918 1445 971 1498 est.
1003 1437 1189 1514 Quamquam
1211 1439 1288 1498 enim
1310 1442 1341 1499 in
1363 1441 1428 1515 ipsa
1450 1446 1575 1501 tractatu

289 1541 543 1616 ortloprapitico,
574 1542 628 1615 pai
652 1541 707 1600 sab
734 1539 848 1601 Scauri
872 1542 992 1600 nomine
1013 1540 1130 1618 fertur,
1158 1541 1222 1600 eires
1246 1544 1365 1614 pencris
1392 1543 1576 1618 differentiae

167 1721 171 1732 Ι
290 1659 350 1703 αοα
379 1644 585 1709 inueniuntur,
615 1651 729 1716 tamen,
760 1639 853 1716 siquis
878 1643 1038 1715 conserat,
1073 1658 1149 1715 qaae
1176 1659 1196 1700 a
1224 1641 1342 1703 Scauro
1364 1659 1399 1718 p.
1425 1649 1503 1702 2262
1522 1659 1576 1718 seq.

290 1751 436 1805 accurata
458 1745 582 1815 definita
605 1751 696 1819 atque
717 1745 859 1804 distincta
888 1750 971 1818 suat,
1001 1760 1059 1805 noa
1089 1745 1208 1804 actaea
1231 1748 1300 1804 ueri
1317 1745 1511 1806 similitudine
1530 1746 1577 1805 ai·

289 1849 416 1907 Ιιαννανα
437 1845 568 1924 dixerit,
591 1847 618 1904 si
638 1861 676 1905 ea
697 1862 828 1924 quoque,
851 1863 930 1921 quae
949 1863 1047 1924 supra
1063 1849 1164 1921 posita
1186 1854 1271 1921 sant,
1296 1849 1365 1907 atim
1380 1863 1465 1908 sunm
1486 1849 1517 1906 in
1531 1849 1578 1906 iilo
1666 1920 1667 1940 Χ

289 1954 425 2008 1ναα1α1α
447 1964 529 2008 nunc
549 1949 653 2008 mutilo
674 1954 764 2023 atque
785 1950 888 2009 lacero
909 1952 1006 2010 locum
1029 1949 1168 2008 nocuisse
1182 1951 1381 2016 coniciamus,
1399 1951 1578 2024 praesertim
1666 1941 1667 2004 ³

290 2067 358 2110 cam
380 2049 414 2109 ta
431 2049 657 2123 penassimitia
673 2051 757 2126 apud
770 2057 899 2124 ceteros,
925 2053 978 2126 qui
998 2050 1041 2109 aa
1062 2055 1165 2110 nestra
1188 2056 1326 2126 tempora
1347 2066 1467 2123 uenere,
1486 2051 1578 2110 artio-
1666 2031 1667 2042 ἵ

287 2151 440 2228 propitiae
466 2157 618 2223 auctores,
649 2151 780 2226 Capram
808 2152 891 2222 dico,
928 2152 1042 2213 Veliam
1064 2152 1214 2227 Lanpum,
1247 2153 1436 2225 acroenum,
1468 2152 1580 2212 Beatam

290 2261 400 2314 extare
421 2253 587 2314 uideamus.
634 2253 720 2324 Quod
740 2256 768 2314 si
787 2271 891 2313 αννανα
913 2263 969 2323 est,
996 2254 1132 2326 sortasse
1160 2261 1280 2314 ceterae
1301 2269 1417 2328 qaoque
1438 2255 1581 2330 differen-

290 2358 366 2429 tiae,
392 2370 470 2429 paae
491 2356 577 2429 apud
592 2356 767 2429 Aproetiam
788 2363 817 2416 et
832 2357 948 2436 Beatam
970 2357 1175 2428 inueniuntur,
1200 2353 1344 2416 maiorem
1365 2363 1447 2416 certe
1463 2363 1582 2431 partem

291 2459 333 2517 art
357 2456 528 2517 Terentium
548 2456 700 2518 Scaurum
721 2457 905 2530 referendae
926 2465 1004 2518 sunt.
1049 2456 1125 2536 Sea,
1147 2457 1181 2516 aa
1200 2459 1281 2530 quoa
1301 2459 1459 2518 commenti
1471 2457 1584 2518 Setstii

291 2563 323 2620 ia
345 2559 511 2635 Eatpclsem
527 2575 563 2635 p.
591 2566 615 2633 t,
642 2566 676 2617 11
697 2561 885 2635 aquilicem,
915 2562 943 2620 si
968 2561 1061 2619 atium
1084 2559 1234 2633 quendam
1259 2558 1429 2620 Terentiam
1451 2561 1585 2634 intellepi

291 2663 357 2738 quis
385 2661 483 2735 dicat,
512 2663 644 2736 copitari
664 2662 697 2721 itt
715 2679 804 2738 posse
825 2679 886 2723 non
908 2662 1101 2737 nepaaerim;
1130 2667 1191 2721 tum
1220 2677 1307 2730 aero,
1336 2663 1409 2736 qaia
1437 2668 1583 2722 tractatas
1667 2734 1668 2746 χ

292 2764 487 2826 Einsialensis
514 2763 629 2824 medias
654 2766 734 2824 inter
759 2766 878 2837 alassas
904 2765 1149 2824 Priscianeas
1176 2769 1328 2836 uersatur,
1358 2764 1487 2824 ennaea
1510 2765 1583 2824 imii-
1667 2767 1668 2788 .

291 2867 360 2927 cari
381 2866 511 2926 aixertm
533 2867 696 2934 hominem,
719 2883 805 2940 auem
819 2865 960 2926 Sedalias
979 2882 1010 2940 p.
1030 2872 1055 2942 t,
1074 2871 1107 2922 11
1121 2865 1278 2924 Prisciani
1289 2865 1468 2941 discipulum
1489 2863 1584 2940 [aisse

292 2973 444 3028 memorat.
489 2965 552 3026 Sea
577 2983 614 3027 ne
641 2969 698 3028 troc
725 2970 843 3043 quictem
866 2984 886 3027 α
907 2967 989 3027 naba
1015 2966 1101 3026 debet
1117 2969 1336 3042 praetermitti,
1366 2983 1386 3027 a
1413 2969 1585 3041 Verailio

292 3071 436 3129 Asiana
453 3084 573 3146 qaoque
593 3070 766 3146 conplam'es
786 3071 915 3146 laudari
930 3069 1101 3130 leentiam
1118 3071 1352 3144 prammaticam
1372 3073 1474 3131 nescio
1490 3085 1583 3146 quem·

292 3172 342 3231 Aa
363 3172 443 3231 iruna
465 3187 536 3231 aera
557 3173 650 3231 mcclii
669 3174 740 3232 aeui
757 3175 990 3248 prammaticam
1012 3188 1089 3232 caue
1110 3169 1245 3246 reseras,
1268 3187 1346 3247 puae
1368 3173 1403 3230 Α.
1420 3172 1526 3233 Maius
1547 3189 1585 3231 ea

295 3272 462 3346 Gainsredi
481 3289 567 3348 quem
589 3281 678 3334 uacat
700 3281 768 3333 arte
790 3277 945 3351 excerpsit
966 3281 1083 3334 auctor.
1107 3275 1176 3334 Vat.
1199 3276 1276 3350 Vp.
1302 3281 1371 3333 151:

375 3375 416 3434 iis
445 3375 674 3443 consuetudine,
705 3393 779 3456 quae
807 3394 888 3436 nunc
917 3383 974 3446 est,
1003 3375 1162 3436 Terentius
1190 3374 1277 3435 dicit:
1315 3374 1404 3437 ‘nihil
1433 3385 1480 3438 est
1509 3374 1585 3454 quod

294 3474 406 3536 dictum
429 3478 534 3555 prius.’
573 3476 631 3538 Sed
646 3477 761 3538 iniecit:
785 3481 946 3556 ‘postrema
970 3483 1051 3538 aetas
1073 3476 1190 3547 mundi,
1214 3485 1247 3537 nt
1262 3476 1447 3557 disciplinam
1470 3479 1587 3559 pristini

294 3575 418 3648 saeculi,
446 3579 486 3638 ila
516 3586 544 3639 et
573 3597 740 3642 sermonem
769 3578 905 3641 fastidire
932 3581 1044 3659 eoepit,
1075 3587 1105 3638 et
1132 3597 1209 3640 noua
1240 3596 1346 3659 parere
1376 3579 1485 3657 uerba,
1514 3599 1587 3661 quae

293 3680 434 3740 iuuenum
457 3681 517 3741 ritu
539 3679 645 3743 ssoreui
667 3689 697 3742 et
719 3683 843 3761 uigent?

379 3782 482 3860 Neque
503 3786 580 3844 enim
602 3795 670 3846 sant
690 3788 766 3846 iaec
787 3787 881 3846 aerim
898 3786 1031 3846 Terentii
1041 3790 1248 3862 prammatici,
1272 3789 1305 3847 iet
1325 3788 1407 3861 qaod
1418 3789 1591 3863 auspicatae

294 3894 337 3946 est
360 3886 476 3958 Maias,
499 3889 554 3947 sea
580 3889 724 3949 Valerii
744 3891 872 3950 Probi:
895 3889 938 3949 ad
961 3888 1132 3950 Terentiam
1154 3896 1253 3950 autem
1270 3896 1423 3966 poetam
1446 3889 1592 3950 nonnisi

295 3988 384 4049 ‘nituit
409 3994 452 4049 est
480 3991 560 4063 quod
585 3992 698 4052 aliatum
715 3994 817 4068 prius'
839 3989 975 4065 reseras,
1005 3990 1049 4065 cs.
1073 3992 1112 4052 H.
1136 3990 1232 4053 Keilii
1252 3997 1400 4066 excerpta
1420 4009 1460 4051 ea
1484 4007 1589 4052 comm.

295 4093 326 4151 in
349 4092 427 4151 liam
449 4107 579 4166 pramm.
603 4092 670 4154 Lat.
700 4093 777 4171 Vp.
801 4101 868 4168 325,
895 4099 950 4163 25,·
972 4094 1107 4155 Iiiomea.
1126 4110 1162 4170 p.
1188 4100 1257 4168 aaa,
1282 4101 1301 4151 8
1323 4093 1363 4153 K.
