3394 5448
648 405 841 458 spuerunt.
1126 372 1129 378 ’
1283 419 1392 468 cxcm

185 594 262 654 Sunt
277 600 444 670 praetereo
466 591 529 653 toci
550 594 695 672 nonnulli,
718 593 825 670 qutun
846 597 951 656 codun
972 597 1023 656 uel
1042 596 1148 655 saltem
1168 591 1283 655 similia
1304 611 1392 655 enor-

97 702 271 776 nonturno
293 713 371 771 quoe
393 712 413 754 u
434 693 538 756 Keilio
559 698 620 756 uol.
643 697 664 755 l
668 697 693 755 V
713 697 798 756 edita
818 705 898 777 sunt,
917 696 948 770 s.
972 693 1023 757 5⁵.-
1056 695 1134 768 Quot
1160 701 1228 756 sunt
1253 703 1393 758 accentus

97 799 127 857 in
152 797 254 858 Latina
278 795 395 875 lingua?
433 796 521 865 Octo,
546 802 578 857 ut
600 793 782 874 Scregius
809 798 892 858 dicii:
930 797 1006 859 Sunt
1039 815 1141 859 omnes
1169 803 1309 859 accentus
1337 796 1391 859 La-

97 898 150 959 tini
174 897 237 958 Vlll
259 906 314 960 etc.
338 932 378 941 -
401 895 510 976 aliquid
535 915 655 958 errores
676 897 790 959 adierat
811 928 852 951 ==
875 918 904 980 p.
926 896 999 970 482,
1015 896 1036 961 9
1051 899 1092 968 u;
1115 898 1134 960 1.
1157 896 1214 961 6⁸:
1238 899 1392 970 Quomodo

97 1000 239 1061 differunt
262 996 421 1079 (quomodo
434 1046 569 1062 .......
577 999 586 1077 )
608 1001 682 1060 istae
705 1011 766 1061 tres
788 1003 818 1060 in
840 1003 987 1063 sententia
1009 1001 1087 1079 apud
1110 999 1246 1063 Latinos?
1283 1002 1391 1064 Sere·

96 1103 180 1180 gius
211 1102 302 1179 (corr.
326 1101 457 1182 Sergius)
487 1101 573 1162 dicit:
611 1101 681 1162 {iem
714 1101 861 1163 distInotio
893 1112 1027 1183 punctum
1057 1104 1183 1181 positum
1205 1113 1393 1184 -propter

96 1204 322 1282 respirationem
351 1232 392 1254 =
420 1221 448 1282 p.
477 1199 554 1278 484,
578 1201 619 1264 ut
643 1203 682 1275 K,
716 1206 771 1265 sed
796 1207 827 1264 in
857 1206 926 1266 cod.
956 1205 1109 1266 Bernurst'
1132 1207 1153 1265 l.
1185 1211 1221 1265 28
1249 1206 1390 1267 ‘litterae'

95 1309 171 1367 hene
193 1303 331 1367 omassum
354 1313 398 1367 est
421 1305 474 1382 (cs.
498 1302 540 1367 29
562 1305 702 1366 adimam
725 1313 840 1384 partem
859 1307 1040 1385 semiplenae
1063 1307 1212 1376 orationis,
1236 1303 1279 1368 30
1301 1307 1392 1386 adpo·

95 1410 184 1468 sitnm
209 1407 321 1468 mediae
343 1407 516 1488 sententiae)
539 1417 569 1468 ot
586 1414 621 1466 29
635 1406 835 1483 ‘sunuplenue
856 1407 1036 1470 sententiue’
1059 1407 1203 1471 auehitur
1211 1427 1273 1486 pro
1296 1409 1392 1470 ‘semi-

92 1513 206 1586 plenae
228 1508 399 1571 orationis'.
444 1509 592 1571 Secuntur
613 1508 754 1586 reliquo:
782 1510 883 1570 Vtrum
913 1509 1037 1571 eandem
1067 1511 1210 1571 rationem
1233 1508 1393 1574 obseruant

34 1683 37 1688 ¹
95 1615 171 1672 istae
196 1621 256 1672 tres
279 1613 308 1671 in
332 1613 482 1671 communi
505 1630 643 1673 sermone
666 1611 746 1672 etin
770 1613 884 1673 metro?
923 1610 1103 1690 Seregius
1125 1612 1267 1673 ostendit:
1289 1615 1392 1675 Scien-

95 1713 166 1774 dum
197 1723 311 1782 autem‚
341 1714 418 1792 qnod
447 1715 477 1773 in
505 1712 632 1774 lectione
661 1715 731 1774 texti
759 1749 800 1758 -
828 1731 909 1774 arma
939 1711 1096 1795 uirumque
1123 1731 1197 1774 cano
1219 1715 1325 1776 Troiae
1351 1741 1393 1766 =

95 1835 123 1893 p.
146 1811 227 1884 484,
250 1811 293 1876 30
315 1849 353 1857 -
376 1812 454 1884 485,
478 1813 496 1875 l
521 1812 560 1893 (p.
583 1811 662 1885 484,
685 1812 726 1877 31.
756 1815 906 1876 sciendum
930 1823 1029 1877 autem
1048 1811 1053 1899 Ι
1072 1817 1144 1878 texti
1164 1813 1168 1899 1
1188 1813 1392 1899 ρειειιίοᾱεεΙ

94 1913 136 1977 32
158 1917 341 1995 praesidium
366 1919 461 1977 tenuit
483 1915 579 1996 palata]
601 1916 674 1976 nihil
698 1915 817 1995 uigiliae
840 1915 937 1987 urbis;
966 1934 995 1995 p.
1017 1913 1094 1988 485,
1121 1916 1136 1978 1
1166 1917 1297 1996 singulas
1327 1937 1393 1980 csse

94 2027 196 2098 partes
224 2028 387 2080 nascuntur
450 2014 472 2077 2
500 2025 647 2079 commota
676 2018 751 2080 idest
780 2027 860 2080 esset
887 2027 916 2080 et
979 2016 1000 2080 3
1028 2019 1059 2079 in
1084 2037 1173 2080 uersu
1196 2018 1275 2080 aliud
1298 2029 1328 2081 et
1349 2019 1392 2080 di·

94 2139 218 2182 uersum
241 2121 386 2200 significat
448 2115 470 2178 4
492 2117 575 2180 colus
597 2120 704 2181 dicitur
728 2128 757 2180 et
779 2120 857 2200 apud
880 2120 1030 2198 cratium!
1056 2119 1144 2182 orbes
1207 2119 1229 2183 5
1251 2120 1326 2183 duos
1345 2120 1395 2182 uei

95 2231 155 2283 tres
179 2221 271 2302 pedes
336 2219 525 2283 donationes
549 2230 648 2283 otest
674 2221 706 2282 in
733 2223 879 2302 principio
906 2241 998 2283 uersu
1026 2222 1218 2284 aeneidorum
1242 2241 1322 2285 arma
1347 2225 1391 2284 ui-

94 2344 223 2406 rumque
245 2343 318 2386 cano
342 2323 456 2405 troiae).

180 2425 282 2488 Ceteri
303 2424 400 2501 luitur
421 2428 483 2486 loci
495 2424 644 2486 Seruiani
660 2423 726 2487 siue
740 2424 895 2506 Seruiani,
919 2444 992 2503 quos
1014 2428 1052 2486 ob
1074 2427 1163 2488 editis
1178 2428 1315 2489 diuersos
1329 2444 1393 2488 esse

94 2531 177 2603 diui,
204 2537 273 2591 sunt
294 2527 381 2611 tu*):

179 2629 204 2691 1.
226 2629 267 2692 81
301 2630 419 2691 Nomini
447 2630 585 2691 accidunt
612 2648 673 2689 sex.
722 2630 824 2690 Vtrum
857 2631 1027 2691 sonauimus
1060 2637 1141 2692 recte
1173 2631 1230 2692 iste
1258 2630 1391 2706 uerbum,

95 2733 174 2813 quod
207 2733 312 2794 dicitur
342 2733 533 2794 ‘accidunr’t
563 2741 663 2793 utrum
692 2731 872 2793 ‘accedunt’
896 2749 950 2812 per
973 2751 1005 2802 ε,
1032 2749 1069 2793 an
1093 2732 1265 2793 ‘accidunt’
1289 2750 1343 2812 per
1365 2734 1393 2794 il

94 2837 374 2897 Grammaticus
397 2834 540 2904 ostendit,
569 2833 648 2913 quod
671 2852 725 2912 per
747 2833 756 2892 i
779 2831 870 2894 scribi
894 2832 997 2902 debet,
1027 2833 1106 2910 quod
1129 2832 1187 2894 duo
1210 2832 1300 2894 uerba
1324 2834 1394 2894 sim·

93 2939 183 3018 plicia
209 2947 291 2998 sunt:
316 2936 431 2998 ‘caedo'
455 2954 509 3014 per
531 2934 736 3014 diphthongon
760 2935 795 2995 ad
819 2933 1001 2996 caedendum
1024 2937 1154 3014 pertinet
1177 2944 1206 2996 et
1228 2935 1318 2998 hahet
1338 2934 1394 2997 alia

71 3040 189 3104 arterba
215 3039 309 3100 actiua
333 3058 349 3100 a
372 3058 404 3100 se
427 3039 595 3118 conposita,
626 3044 658 3097 ut
680 3036 817 3099 ‘occido’
844 3035 1004 3096 ‘concido'
1029 3035 1167 3098 ‘abscido
1177 3040 1196 3097 ’.
1241 3035 1293 3099 Est
1314 3035 1394 3099 aliud

94 3141 223 3203 uerbum
246 3139 346 3202 ‘cedo’
370 3159 424 3221 per
447 3161 472 3210 e,
495 3139 574 3201 idest
596 3139 691 3215 logio:
717 3137 806 3199 habet
828 3137 885 3198 alia
907 3137 998 3199 uerba
1021 3137 1166 3200 neutralia
1189 3158 1205 3199 a
1228 3157 1260 3198 sc
1284 3155 1394 3217 conpo-

95 3248 165 3314 sita,
201 3253 233 3304 ut
262 3243 426 3304 ‘succedo'
451 3240 613 3303 ‘abscedo'
636 3239 795 3312 ‘excedo’,
820 3249 849 3300 et
872 3239 908 3300 ab
932 3260 967 3301 oo
992 3248 1035 3300 est
1057 3242 1244 3322 conpositum
1266 3239 1394 3301 ‘accido’

94 3349 191 3425 peri,
217 3345 274 3406 hoc
297 3353 341 3406 ost
363 3344 552 3425 admonium,
576 3342 654 3423 quod
678 3341 725 3403 bic
748 3339 874 3403 habetur
897 3343 974 3422 apud
999 3343 1159 3414 Donatum,
1184 3351 1215 3404 ut
1237 3343 1309 3405 dicit
1331 3341 1395 3404 Se·

95 3451 241 3528 regius:
287 3447 379 3508 Sunt
407 3455 528 3506 autem
552 3443 684 3514 uerbo,
718 3461 871 3523 quorum
906 3445 1135 3523 scripturam
1165 3446 1395 3525 praeterito·

62 3569 172 3616 nrum
197 3548 372 3612 conludii
394 3565 514 3618 error,
545 3557 582 3607 ιιι
613 3544 740 3606 ‘cedo'
769 3544 965 3606 ‘succedo'
994 3545 1188 3607 ‘abscedo'
1218 3545 1393 3610 ‘excedo’

94 3651 297 3714 ‘discedo’:
321 3649 414 3710 haec
437 3645 627 3710 neutralia
649 3655 749 3714 sunt;
773 3655 809 3706 at
830 3648 860 3707 si
882 3665 947 3726 per
969 3649 979 3706 i
1002 3647 1240 3719 scribantur,
1270 3650 1394 3710 actiua

95 3755 195 3815 iiunt
218 3760 378 3832 excepto
399 3749 561 3831 simplici
585 3747 715 3818 uerbo,
744 3747 840 3827 quod
869 3757 926 3808 εει
948 3749 1090 3818 ‘oedo',
1115 3749 1209 3830 quod
1232 3759 1395 3828 utroque

96 3855 201 3917 modo
229 3874 296 3935 per
325 3873 356 3924 e;
386 3852 448 3914 sed
478 3851 602 3913 ‘cedo'
632 3849 675 3911 de
703 3849 884 3929 rugiendo
907 3849 1142 3931 diphthongo
1165 3851 1325 3928 carebit,
1350 3850 1393 3912 de

96 3957 302 4019 occidendo
326 3965 445 4018 autem
468 3953 647 4033 recipiet;
671 3953 726 4013 sio
749 3961 783 4013 et
806 3952 1010 4014 ‘concedo'
1040 3952 1307 4033 indulgentiae
1328 3971 1406 4034 per¹

67 4058 325 4123 asscribitur
348 4057 567 4119 etactiuum
590 4055 803 4125 inuenitur,
830 4053 958 4116 liceto
981 4055 1202 4134 quibusdam
1226 4054 1396 4116 neutrale

100 4171 266 4242 putatum
295 4168 331 4220 at
358 4156 554 4220 ‘concido'
577 4156 620 4217 de
654 4157 889 4232 concisione,
924 4157 1024 4218 idest
1054 4156 1096 4218 de
1124 4157 1397 4219 interiectione

163 4349 354 4416 dgramaticns
423 4345 613 4410 ddiptongom
630 4358 731 4407 semper
801 4345 831 4392 ll
850 4344 919 4393 acsi
990 4345 1022 4394 13
1040 4343 1184 4410 diptongon
1254 4345 1286 4395 16
1304 4307 1348 4394 idz

4 4461 5 4468 ³
99 4428 268 4506 interffetione

105 4559 126 4563 .-
140 4555 328 4564 ffl-——a

163 4621 191 4687 *)
215 4622 397 4687 Sergiauarum
421 4617 585 4680 reliquiarum
609 4617 688 4667 series
712 4625 842 4682 praeterea
865 4615 970 4666 feliciter
992 4616 1161 4682 locupletatur
1179 4616 1241 4665 artis
1259 4615 1397 4677 Bernensis

100 4706 239 4756 anonymae
257 4691 313 4740 loco
332 4687 462 4754 praeclaro
481 4686 557 4735 huius
576 4685 633 4734 libri
651 4701 678 4751 p.
698 4685 755 4742 135,
777 4686 851 4743 1-3,
870 4699 921 4747 quo
940 4684 1036 4734 Plinius
1055 4684 1155 4750 ipsein
1175 4695 1262 4749 partes
1280 4693 1395 4748 uocatur,

99 4760 129 4809 ei.
147 4762 254 4825 iusuper
271 4774 297 4824 p.
315 4760 357 4818 93,
378 4757 421 4814 14;
445 4755 508 4814 128,
527 4756 556 4816 43
581 4755 642 4816 151,
661 4755 704 4803 24.
722 4755 768 4812 33;
794 4753 855 4814 tou,
876 4754 920 4806 tin
946 4754 1005 4814 167,
1024 4754 1047 4803 1.
1084 4753 1170 4802 Adeas
1190 4762 1273 4802 autem
1293 4753 1397 4803 omnino

100 4829 137 4878 dis
158 4829 297 4877 utadonem
335 4839 381 4874 eou
392 4833 477 4873 rariter
514 4837 527 4870 e
566 4836 629 4886 ergn
649 4836 700 4883 quo
719 4835 759 4870 ant
784 4833 927 4870 commento
946 4836 987 4870 me
1006 4832 1040 4872 rto
1058 4831 1200 4871 insatiatam
1218 4835 1298 4886 supra
1315 4835 1396 4886 prae.

100 4897 296 4961 partisllcap.
368 4909 394 4958 p.
569 4905 624 4953 seq.

136 4997 231 5038 ιιιιιιιιιι.
245 5006 297 5036 nar.
313 4995 394 5037 svesa.
1173 4991 1190 5025 n
