3394 5448
313 307 377 374 208
707 309 945 364 commaticum
963 311 1206 364 umsmcnuss

315 507 473 578 autequam
506 505 735 559 secernerentur
768 497 805 559 ab
838 501 977 560 inuicem.
1027 498 1091 559 Hoc
1125 498 1424 561 animaduertendum
1454 509 1510 570 εει,
1541 501 1597 582 quia

316 600 445 662 Donatus
474 606 587 660 rectum
616 599 751 660 ordinem
775 601 806 659 in
829 598 876 660 his
897 598 1002 662 lormis
1024 618 1084 662 nou
1107 603 1217 670 tenuit;
1246 604 1344 682 primo
1366 603 1446 662 enim
1470 601 1597 664 debuerat

316 701 515 763 meditatiuam
543 703 669 762 lormam
697 719 823 781 ponere,
859 699 966 761 deinde
994 700 1207 772 inchoativam,
1241 712 1343 782 postea
1372 702 1548 780 perlectam,
1567 703 1596 764 ad

314 803 449 864 ultimum
483 801 740 882 lrequentatiuam.
798 802 871 864 Nam
905 801 1033 881 primula
1066 799 1178 883 aliquid
1213 802 1404 873 meditamur,
1438 806 1596 884 priusquam

314 904 425 986 aliquid
459 903 648 974 inchoemus,
684 912 713 965 et
740 905 797 965 hoc
823 903 903 984 quod
933 901 1104 964 inchoatum
1133 912 1180 966 est
1206 903 1242 966 ad
1270 888 1436 984 perlectum
1467 903 1616 972 ducimuse

315 1006 395 1088 quod
424 1023 496 1083 ergo
518 1004 682 1085 perlectum
705 1014 764 1076 est,
793 1004 823 1066 in
847 1005 995 1084 frequenti
1019 1023 1073 1066 usu
1097 1015 1241 1068 tenemus.
1288 1005 1346 1067 Sed
1369 1006 1421 1067 ille
1442 1025 1459 1066 a
1483 1008 1597 1086 perlecta

316 1109 410 1171 iorma
441 1106 517 1168 bene
545 1105 711 1176 inchoauit,
742 1115 771 1167 et
797 1108 873 1167 sicrrt
895 1106 1089 1168 masculinum
1113 1116 1181 1168 ante
1203 1107 1391 1178 femininum,
1421 1106 1597 1168 indicatiuum

315 1218 384 1272 ante
411 1209 637 1288 imperatinum,
666 1209 708 1267 sic
736 1225 865 1288 sequens
894 1216 1028 1269 naturam
1052 1210 1213 1287 perlectam
1237 1211 1334 1288 primo
1356 1211 1453 1290 posuit
1476 1209 1596 1269 formam.

315 1313 394 1374 [leus
421 1311 498 1370 enim
527 1311 626 1370 omnia
654 1309 787 1389 perlecto
815 1309 899 1380 lecit,
929 1308 1069 1370 uidelicet
1096 1309 1246 1371 hominem
1275 1311 1440 1390 perlectum
1464 1309 1495 1370 iu
1516 1317 1598 1370 aetate

315 1413 393 1475 XXX
418 1429 563 1474 annorum
588 1418 617 1472 et
639 1410 763 1472 arbores
785 1409 981 1488 glandiferas,
1007 1429 1064 1472 non
1087 1412 1217 1479 tructus,
1241 1409 1370 1473 uolatilia
1393 1429 1527 1492 quoque,
1549 1430 1624 1471 nonu

166 1525 170 1528 “
213 1535 262 1584 aaa,
277 1535 300 1573 ιε
316 1535 381 1592 oua,
406 1533 495 1596 quem
516 1513 647 1574 imitatus
669 1521 715 1574 est
737 1511 869 1574 donatus
891 1515 1018 1593 primam
1042 1512 1183 1592 ponendo
1204 1512 1378 1592 perlectam.
1421 1512 1454 1573 ll.
1479 1513 1599 1574 Coniu-

316 1619 491 1697 gationes
512 1613 715 1676 uerborum
731 1610 742 1694 ll
761 1609 819 1673 121
837 1610 848 1696 ΙΙ
864 1623 954 1694 quot
977 1615 1083 1676 sunt?
1120 1615 1293 1692 coniugatio
1309 1613 1418 1675 dicitur
1432 1617 1514 1695 quasi
1528 1612 1599 1674 colli-
1667 1633 1668 1678 i

316 1721 404 1800 gatio,
421 1737 456 1779 eo
472 1716 551 1798 quod
567 1714 624 1778 sub
639 1733 698 1777 una
714 1714 817 1792 regula
834 1715 916 1792 quasi
931 1714 986 1776 sub
1005 1734 1063 1776 uno
1079 1717 1148 1794 iugo
1163 1715 1255 1776 multa
1278 1716 1432 1794 coniungit
1454 1723 1483 1776 et
1503 1714 1601 1776 retinet

317 1831 346 1883 ει
368 1821 435 1883 ιιιεο
452 1837 468 1879 a
483 1817 690 1897 coniungendo
703 1816 812 1878 dicitur
824 1817 1002 1896 coniugatio.
1026 1815 1174 1879 lll'res.
1204 1817 1360 1888 Quidam
1376 1817 1600 1896 grammatici

317 1930 456 2003 quattuor
478 1926 676 1981 annumerant
698 1920 930 1997 coniugationes,
954 1919 1031 1979 sicut
1046 1919 1275 1979 Priscianus.
1313 1917 1443 1979 Donatus
1464 1937 1535 1980 uero
1548 1925 1627 1978 mesu

318 2032 472 2087 enumerat
493 2019 655 2082 secundum
680 2020 814 2082 ordinem
837 2022 926 2082 trium
951 2019 1114 2090 uocalium,
1138 2019 1245 2100 quibus
1266 2022 1365 2082 omnia
1388 2019 1480 2082 uerba
1502 2018 1598 2078 adlae-

316 2132 400 2196 rent,
430 2123 614 2201 distiugueus
635 2130 769 2202 quartam
792 2139 809 2182 a
832 2123 917 2185 tertia
948 2123 1168 2200 coniugatione,
1198 2140 1266 2184 cum
1295 2120 1367 2184 dicit
1389 2123 1417 2182 ‘i
1445 2127 1600 2198 correptam

216 2248 263 2297 aas,
277 2248 304 2288 aa
318 2227 365 2289 uel
381 2229 391 2287 i
406 2226 607 2306 productam’.
644 2224 820 2286 lliscerni
845 2225 873 2282 ·i·
897 2222 1064 2284 diiudicari.
1094 2223 1170 2294 Quid
1187 2231 1232 2284 εει
1246 2223 1433 2303 coniugatio?
1454 2220 1600 2283 declinatio

218 2327 414 2398 sonuerat.
461 2325 876 2388 ll.Generauerborum
893 2327 1101 2406 quotsuntl
1129 2323 1599 2405 ‘Quot’,sicutsuperiusdictum
1668 2321 1669 2344 ¹

319 2440 378 2500 est,
414 2445 570 2490 numerum
599 2428 733 2507 requirit.
784 2428 885 2489 Genus
912 2425 1019 2489 dicitur
1045 2429 1075 2488 iu
1106 2426 1200 2488 uerbo
1223 2446 1238 2487 a
1261 2427 1447 2506 generando,
1477 2445 1511 2488 eo
1531 2423 1628 2504 quoda
1668 2421 1669 2426 ’

318 2550 408 2593 unum
431 2537 593 2610 generetur
616 2547 651 2589 ex
675 2526 783 2598 altero,
812 2527 924 2591 scilicet
946 2530 1097 2609 passiuum
1120 2527 1157 2590 ab
1181 2530 1277 2589 actiuo
1301 2537 1331 2589 et
1352 2530 1424 2589 item
1446 2527 1600 2588 actiuuma

317 2633 445 2714 passiuo.
481 2632 583 2691 dctiua
606 2648 678 2709 ergo
700 2623 846 2692 dicuntur'
863 2629 900 2692 ab
922 2630 1047 2710 agendo,
1072 2650 1107 2692 eo
1128 2630 1207 2710 quod
1231 2639 1320 2709 agunt
1344 2643 1373 2692 ει
1395 2637 1491 2690 actum
1512 2636 1599 2690 osten·

317 2734 400 2805 dunt,
423 2741 455 2794 ut
476 2731 544 2811 lego
567 2741 595 2794 te
618 2734 711 2795 doceo
734 2740 772 2796 ιε.
817 2731 899 2793 Vnde
921 2739 951 2792 et
972 2733 1138 2794 accusatius
1162 2732 1310 2801 dicuntur,
1337 2733 1405 2809 quia
1429 2749 1463 2792 ex
1487 2730 1599 2790 maxima

317 2844 401 2916 parte
428 2834 603 2896 accusatiuis
630 2833 822 2913 copulantur,
851 2852 944 2914 pauca
976 2853 1048 2896 uero
1076 2833 1140 2896 aliis
1165 2833 1300 2911 casibus,
1329 2841 1361 2894 ut
1383 2833 1523 2894 benedico
1543 2830 1598 2899 tibi,

317 2940 463 3000 misereor
477 2937 530 3006 tui,
554 2943 584 2996 et
606 2953 697 2996 unum
721 2935 845 2997 uerbum
868 2945 925 3012 εει,
947 2937 1026 3015 quod
1050 2938 1081 2997 in
1103 2938 1200 2998 actiua
1223 2944 1253 2996 ει
1274 2937 1306 2995 io
1328 2937 1446 3015 passius
1468 2934 1628 3012 significa-n
1669 2997 1670 3006 ,

317 3041 396 3100 tione
420 3046 533 3100 tautum
556 3036 686 3098 ablatiuo
709 3037 851 3117 iungitur,
875 3045 906 3098 ut
929 3038 1055 3117 stipulor
1077 3057 1094 3099 a
1116 3047 1146 3098 te
1170 3040 1197 3098 ·i-
1223 3040 1376 3116 interrogo
1398 3044 1428 3098 ιε
1451 3037 1498 3098 uel
1518 3037 1598 3095 iuter·

316 3157 408 3218 rogor
430 3158 446 3200 a
469 3147 507 3200 ιε.
552 3137 672 3200 Passiua
698 3138 837 3200 dicuntur
860 3156 875 3198 a
898 3138 1052 3219 patiendo,
1083 3159 1120 3201 eo
1148 3139 1227 3220 quod
1249 3156 1331 3199 suam
1354 3139 1518 3218 passionem
1538 3155 1597 3218 pro·

317 3243 451 3312 litentur,
480 3250 513 3302 ut
539 3237 649 3302 doceor
675 3240 722 3301 uel
751 3239 896 3300 uerberor
918 3259 935 3300 a
957 3249 997 3302 ιε.
1042 3242 1122 3304 llaec
1150 3247 1314 3302 astantem
1338 3259 1424 3302 causa
1447 3242 1596 3303 aetiuorum

317 3351 347 3404 ει
367 3344 554 3424 passiuorum
578 3340 738 3403 uerborum
760 3343 895 3403 transitio
918 3351 1010 3404 actus.
1049 3341 1102 3404 llle
1126 3344 1203 3404 enim
1226 3360 1310 3404 meus
1332 3350 1417 3404 actus
1438 3342 1540 3404 transit
1558 3357 1597 3399 me

317 3444 434 3506 dicente
449 3445 554 3505 ‘doceo
569 3448 621 3505 ιε’.
652 3444 698 3506 Τιι
714 3461 785 3522 ergo
801 3443 960 3514 confiteris,
984 3443 1013 3504 id
1028 3444 1108 3524 quod
1131 3446 1250 3525 pateris,
1275 3443 1378 3507 diceus
1389 3444 1510 3506 ‘doceor
1523 3462 1537 3503 a
1551 3443 1594 3501 ιε’.
1606 3461 1624 3498 ε

315 3547 398 3609 Τιιιιε
425 3550 533 3608 iterum
562 3555 644 3608 actua
670 3549 778 3608 transit
803 3547 834 3607 in
859 3564 918 3607 me.
964 3544 1046 3607 Vnde
1069 3555 1099 3608 et
1120 3546 1175 3607 illa
1193 3546 1287 3608 uerba
1309 3564 1384 3627 quae
1409 3565 1467 3607 non
1489 3551 1596 3625 possunt

316 3648 508 3729 respondere,
532 3655 636 3709 neuma
659 3656 737 3718 sunt,
761 3654 795 3708 ut
816 3665 868 3708 aro
890 3656 1002 3708 terram
1024 3647 1158 3728 prandeo
1175 3650 1298 3728 piscem.
1335 3649 1448 3710 Neutra
1464 3646 1593 3710 dicuutur,

317 3769 376 3813 non
398 3758 431 3811 ut
453 3749 526 3811 nihil
549 3751 716 3828 significent
738 3758 789 3812 aut
811 3757 909 3810 actum
932 3748 980 3810 uel
995 3751 1174 3829 passionem,
1199 3750 1251 3812 sed
1269 3757 1431 3828 utrumque
1447 3768 1504 3811 non
1517 3746 1592 3826 signi·

316 3854 419 3924 licant,
443 3861 476 3913 ut
498 3851 631 3913 ambulo:
656 3869 726 3912 ecca
748 3859 860 3920 actum;
889 3850 991 3912 rubet:
1021 3869 1092 3912 ecce
1114 3849 1305 3934 passiuum.ll
1323 3849 1412 3934 12211
1463 3850 1517 3912 Sed
1536 3865 1592 3930 pro·

316 3956 381 4034 prie
403 3963 472 4016 sunt
495 3962 608 4024 ιιειιιιε,
632 3973 708 4035 quae
730 3957 784 4034 pdr
806 3972 839 4014 se
861 3951 979 4033 plenum
1003 3971 1124 4015 sensum
1146 3951 1266 4020 habent,
1290 3961 1322 4014 ut
1339 3955 1412 4014 ιιίιιο
1427 3955 1505 4033 spiro
1518 3950 1623 4010 sedooc

317 4056 397 4118 bibo.
442 4055 624 4136 lleponcntia
651 4055 789 4116 dicuntur
817 4047 892 4115 κατ’
915 4047 1119 4136 ἄντίφρασιν
1143 4055 1172 4115 ·i·
1196 4072 1250 4134 per
1278 4057 1459 4116 contrarium
1481 4073 1496 4114 a
1517 4052 1592 4130 depo-

317 4158 430 4227 nendo,
458 4157 594 4238 eoquod
618 4175 762 4236 nusquam
785 4156 939 4236 deponunt
960 4176 975 4218 r
999 4156 1045 4217 uel
1067 4156 1134 4217 ideo
1157 4156 1298 4218 dicuntur
1321 4157 1495 4236 deponentia
1516 4173 1531 4215 a
1551 4152 1591 4210 de-

317 4257 464 4338 ponendo,
488 4277 523 4319 eo
547 4258 626 4336 quod
649 4259 804 4338 deponunt
825 4260 1014 4338 participium
1037 4259 1129 4321 luturi
1151 4261 1303 4338 temporis,
1327 4258 1406 4336 quod
1430 4260 1459 4318 in
1481 4256 1531 4317 dus
1550 4253 1590 4312 de·

316 4363 396 4424 sinit.
431 4362 605 4424 Communia
628 4360 773 4430 dicuutur,
797 4378 833 4420 eo
854 4359 933 4439 quod
957 4359 1012 4420 suh
1035 4378 1092 4420 uua
1110 4359 1274 4422 litteratura
1291 4359 1365 4421 duos
1380 4377 1483 4419 seusus
1496 4355 1590 4417 halant

316 4465 346 4523 iu
369 4462 443 4524 duas
465 4462 576 4524 lormas
600 4463 629 4522 ·i·
652 4464 683 4524 in
707 4462 782 4523 duos
804 4460 981 4533 intellectus,
1005 4461 1143 4523 uidelicet
1165 4464 1195 4523 in
1218 4462 1345 4538 soranam
1369 4463 1457 4523 actiui
1478 4463 1534 4539 ipsa
1553 4463 1619 4514 esta

384 4718 487 4782 dquod
505 4713 578 4783 ergo]
597 4715 667 4780 quod
686 4717 764 4766 uero?
834 4719 958 4766 Spatura
1028 4717 1057 4766 ll
1077 4715 1185 4766 formam
1203 4725 1262 4766 aute
1280 4715 1416 4782 perlectum
1433 4707 1583 4765 nddimareed

314 4787 416 4850 punctis
432 4786 573 4850 suppositis
592 4787 717 4834 inductum
735 4792 773 4835 est
842 4787 875 4834 36
893 4799 948 4833 autu
967 4785 1104 4834 uritil'rasin
1173 4787 1208 4835 40
1225 4781 1352 4833 ‘tlormam
