3412 5452
261 349 416 398 CLXXXVI
655 338 704 388 Du
722 337 875 389 ΡΟΜΡΕΙΙ
894 338 939 387 ΕΤ
959 337 1155 390 CONSENTII
1182 337 1184 346 '

262 542 337 603 quae
364 526 389 586 si
417 527 601 587 remanserit.
631 524 707 606 apud
737 527 864 588 Graecos
892 526 961 587 iicet
989 525 1075 587 nobis
1105 537 1134 588 et
1161 526 1362 607 apostrophon
1391 527 1491 590 iacere
1524 533 1560 588 et

261 627 361 690 dicere
388 627 509 708 pienum
531 626 672 697 uerbum;
703 629 779 708 apud
810 627 929 689 Latinos
957 647 1025 690 non.
1055 627 1182 690 ceruioal
1203 629 1348 700 Graecus,
1377 629 1494 708 quando
1523 631 1557 690 in

262 739 359 792 metro
380 728 519 809 loquitur,
549 731 591 792 sic
614 730 698 800 dicit,
728 730 976 814 quemadmodum
1008 733 1193 792 remanserit.
1223 751 1282 792 non
1310 733 1402 801 enim,
1432 731 1557 810 quando

261 829 354 893 soluta
377 833 469 893 oratio
493 840 552 904 est,
576 820 647 893 dicit
661 831 798 902 cernicai,
822 832 873 894 sad
890 832 960 894 dicit
981 832 1067 913 piena
1083 832 1183 895 uerba.
1205 833 1282 912 apud
1299 833 1417 895 Latinos
1432 834 1557 911 quando

260 933 453 1014 apostrophos
475 935 516 1005 fn,
539 937 565 995 si
587 952 671 1015 passa
694 936 800 1004 suerit.
824 954 909 1016 passa
933 943 977 996 est
1005 937 1139 1015 penitus,
1168 937 1231 996 siue
1259 937 1289 996 in
1317 945 1412 1000 metro
1434 935 1496 996 siue
1518 937 1557 996 in

259 1035 353 1097 soluta
375 1038 517 1097 oratioue.
541 1039 610 1098 item
639 1038 670 1098 in
693 1037 950 1099 coniunctionibus
977 1015 1098 1098 seruan't
1119 1035 1214 1115 legem
1236 1037 1390 1113 Graecam.
1414 1057 1481 1099 narn
1505 1035 1557 1118 [in

260 1137 532 1220 coniunctionibus]
560 1139 590 1200 in
614 1148 708 1200 metro
730 1139 889 1210 deficiunt,
913 1141 942 1202 in
965 1139 1059 1202 soluta
1087 1140 1220 1201 oratioue
1243 1146 1373 1200 seruant.
1395 1147 1463 1217 puta
1486 1147 1558 1200 tan·

260 1241 319 1301 ton’
342 1260 408 1310 me,
434 1242 460 1302 si
482 1241 577 1304 soluta
601 1248 680 1303 esset
701 1244 810 1311 oratio,
841 1241 962 1322 pienum
985 1243 1098 1304 diceret
1121 1244 1257 1304 ‘tantone
1280 1260 1327 1303 me
1355 1243 1479 1303 crimine
1505 1240 1556 1302 di·

263 1346 377 1420 gnum’.
403 1341 480 1404 mcn’
504 1344 642 1412 dicimus:
666 1342 761 1406 soluta
784 1345 878 1405 oratio
900 1346 926 1405 si
949 1354 1039 1413 esset.
1070 1362 1156 1404 mene
1179 1344 1307 1406 diceret·
1322 1361 1394 1420 ergo
1416 1351 1559 1404 seruatur

259 1443 307 1506 iiia
330 1444 377 1506 lex
400 1446 511 1508 Graeca
534 1447 564 1506 in
587 1443 859 1514 coniunctionibus:
887 1449 918 1507 in
941 1449 1047 1508 ceteris
1075 1446 1210 1525 partibus
1238 1447 1378 1507 orationis
1400 1463 1474 1525 opus
1496 1453 1557 1514 est,

260 1552 291 1608 ut
313 1546 403 1608 semel
426 1546 598 1628 pertulerit;
621 1549 645 1610 si
668 1546 759 1610 semel
781 1547 950 1627 pertulerit,
974 1550 1030 1610 iam
1053 1550 1147 1629 ipsam
1171 1557 1279 1610 seruat.

343 1651 405 1710 Pro
421 1648 469 1712 his
489 1654 580 1712 multo
601 1650 729 1713 meliora
751 1656 888 1728 quemuis
903 1669 941 1712 ne
955 1653 1032 1712 hoec
1045 1651 1166 1726 quidem
1183 1649 1317 1713 omnibns
1332 1649 1464 1713 numeris
1485 1666 1557 1712 cor·

258 1759 343 1814 recte
364 1753 441 1815 haec
462 1760 530 1814 sunt
551 1752 584 1814 e'n
606 1756 673 1815 cod.
700 1754 801 1828 123s.
826 1751 877 1814 5⁶:

344 1854 398 1916 Est
420 1853 505 1916 etiam
529 1851 735 1935 apostrophum
758 1855 834 1935 apud
858 1853 936 1916 iatin'
959 1873 1018 1916 non
1042 1854 1127 1918 iaciie
1149 1857 1179 1915 in
1201 1853 1370 1916 nominihus
1390 1855 1557 1923 inuenitur,

263 1957 320 2018 nisi
343 1974 430 2035 quem
453 1955 612 2018 admodum
635 1959 812 2020 remanserit
839 1959 871 2018 iu
898 1956 1036 2019 omnihus
1063 1957 1120 2020 hoc
1142 1958 1219 2038 apud
1242 1956 1358 2019 latinos.
1381 1966 1450 2018 sunt
1470 1958 1556 2017 enirn

260 2058 432 2139 apostrophi
456 2078 471 2119 a
494 2059 571 2139 apud
594 2077 699 2138 grecos
722 2078 779 2140 qne
801 2066 974 2122 remaneant
995 2059 1071 2140 apud
1101 2058 1180 2121 iatin'
1209 2057 1277 2120 iicet
1304 2058 1389 2120 nobis
1417 2066 1556 2136 apostro-

259 2159 349 2239 phum
374 2159 523 2222 iacere'et
545 2181 604 2223 non
628 2161 728 2223 dicere
751 2161 871 2241 plenum
895 2160 1021 2224 nerhum
1044 2162 1121 2243 apud
1145 2161 1252 2223 latinos
1279 2171 1312 2222 ut
1340 2170 1384 2222 est
1412 2161 1555 2223 ceruit-ai.

258 2279 365 2342 grecus
387 2263 505 2344 quando
528 2263 658 2342 loquitur
680 2264 709 2324 in
732 2270 841 2334 metro,
865 2265 908 2326 sio
923 2263 994 2326 dicit
1008 2263 1258 2344 quemadmodum
1280 2264 1487 2325 remanserit.
1512 2310 1518 2323 .
1547 2312 1557 2327 .

258 2409 445 2426 ........
469 2364 539 2426 dicit
561 2365 688 2427 cernicai
712 2365 764 2428 sed
787 2364 859 2426 dicit
880 2364 965 2447 piena
987 2364 1079 2427 uerba
1101 2367 1179 2445 apud
1199 2363 1203 2448 Ι
1223 2366 1243 2426 i.
1259 2364 1295 2428 6·
1314 2365 1319 2447 Ι
1339 2363 1418 2427 iatin'
1434 2365 1556 2446 quando

260 2466 458 2547 apostrophos
479 2468 519 2528 sit
539 2469 563 2528 si
586 2485 671 2548 passa
694 2467 783 2528 inerit
803 2487 888 2548 passa
912 2476 956 2530 est
984 2469 1102 2548 penitus
1129 2471 1192 2529 siue
1220 2470 1250 2528 in
1280 2469 1403 2529 metrica
1430 2470 1493 2528 siue
1520 2470 1555 2529 in

257 2569 355 2631 soluta
378 2570 520 2632 oratione.
550 2572 621 2631 item
650 2571 908 2632 coniunctionibus
930 2572 1027 2646 grecis
1048 2576 1170 2632 seruant
1191 2569 1287 2648 legem
1314 2587 1432 2646 grecam
1455 2579 1489 2630 nt
1517 2571 1551 2630 in

257 2669 512 2734 coniunctionibus
533 2673 564 2732 in
588 2679 683 2732 metro
705 2672 847 2733 deficiunt
868 2673 896 2732 in
913 2671 1007 2733 soiuta
1023 2675 1156 2732 oratione
1178 2680 1298 2733 seruant
1321 2680 1353 2733 ut
1374 2680 1445 2751 puta
1467 2679 1553 2734 tanto

257 2793 304 2835 me
326 2782 355 2834 et
376 2769 413 2836 dt‘
434 2793 489 2854 pro
511 2773 578 2836 dice
601 2774 648 2835 iac
669 2793 724 2854 pro
747 2774 810 2835 iace
833 2775 858 2835 si
879 2773 974 2836 soluta
997 2766 1075 2836 esset
1097 2776 1191 2837 oratio
1214 2773 1336 2855 pianum
1352 2774 1465 2836 diceret
1485 2783 1554 2835 tan-

256 2885 324 2938 tone
348 2895 395 2938 me
417 2876 549 2938 cremina
571 2874 676 2937 duxisti
698 2875 776 2938 idest
797 2875 934 2940 indicasti
962 2875 1056 2938 soluta
1085 2878 1179 2938 oratio
1208 2883 1253 2937 ast
1279 2895 1348 2937 cum
1377 2894 1415 2937 ne
1436 2877 1554 2938 diceret

256 2997 311 3058 ego
332 2977 447 3040 solatur
470 2998 505 3041 ex
529 2996 616 3056 greca
639 2977 734 3056 legem
754 2981 785 3040 in
801 2978 1057 3041 coniunctionibus
1072 2981 1103 3040 in
1118 2978 1243 3056 integris
1258 2978 1392 3059 partibus
1407 2979 1553 3040 orationis

256 3099 330 3162 opus
353 3087 398 3142 est
421 3089 453 3142 ut
474 3081 499 3142 si
521 3079 612 3142 semei
635 3079 803 3158 protullerit
824 3083 884 3143 iam
905 3083 998 3160 ipsam
1022 3089 1123 3144 seruat
1144 3115 1186 3126 -

339 3186 396 3246 hoc
416 3189 477 3244 esi:

340 3285 392 3348 Est
414 3286 502 3346 etiam
525 3285 734 3366 apostrophus:
764 3286 841 3365 apud
864 3286 985 3348 Latinos
1007 3301 1066 3346 non
1095 3285 1181 3346 iacile
1208 3287 1238 3347 iu
1267 3283 1437 3347 nominihus
1465 3286 1552 3346 inue-

256 3390 346 3459 nitur,
375 3389 433 3449 nisi
462 3387 709 3468 quemadmodum
738 3389 925 3449 remanserit.
970 3386 1003 3448 ln
1030 3386 1201 3448 nominihus
1228 3388 1285 3448 hoc
1312 3386 1390 3466 apud
1420 3387 1551 3449 Latinos.

257 3491 333 3552 Sunt
360 3491 438 3552 enim
467 3490 639 3571 apostrophi
666 3489 743 3570 apud
773 3491 911 3560 Graecos,
940 3491 991 3571 qui
1018 3497 1191 3551 remaneant
1219 3489 1296 3569 apud
1318 3489 1451 3550 Latinos:
1481 3487 1553 3550 iicet

256 3592 341 3654 nohis
363 3591 574 3674 apostrophum
597 3592 695 3655 iacere
718 3601 747 3652 et
769 3610 828 3654 non
851 3591 950 3653 dicere
971 3591 1092 3672 plenum
1116 3591 1242 3654 uerbum
1265 3591 1344 3671 apud
1366 3590 1495 3662 Latinos,
1519 3599 1553 3652 ιιι

256 3704 302 3756 est
323 3693 461 3757 ceruicai.
506 3696 636 3757 Graecus
660 3693 777 3776 qnando
800 3692 931 3773 loquitur
952 3695 982 3754 iu
1005 3702 1111 3765 metro,
1136 3695 1178 3756 sic
1198 3695 1278 3764 dicit,
1302 3691 1549 3774 quemadmodum

255 3797 447 3859 remanserit:
471 3815 530 3858 non
553 3805 660 3868 autern,
684 3795 803 3877 quando
825 3795 920 3857 soluta
943 3797 1037 3857 oratio
1060 3804 1114 3867 est,
1138 3795 1209 3857 dicit
1224 3794 1385 3864 ‘ceruical’‚
1409 3794 1461 3855 sad
1479 3793 1549 3856 dicit

254 3898 341 3979 piena
365 3897 465 3960 uerba.
510 3898 595 3978 Apud
617 3899 736 3960 Latinos
752 3898 869 3976 quando
885 3897 1097 3978 apostrophum
1113 3896 1223 3978 spiiaha
1238 3916 1325 3977 passa
1340 3897 1438 3967 inerit,
1462 3915 1548 3977 passa

255 4008 300 4062 est
320 4003 447 4080 penitus,
471 4001 587 4063 sinain
611 4003 734 4064 metrica
756 4002 821 4062 siue
842 4002 871 4061 in
894 3998 989 4061 solnta
1005 4001 1147 4061 oratione.
1184 3999 1259 4060 item
1280 4001 1311 4059 in
1334 3999 1550 4061 coniunctioni·

255 4103 310 4164 hus
339 4103 436 4165 Latini
464 4110 585 4165 seruant
611 4103 707 4183 legem
731 4103 887 4165 Graecam:
918 4120 986 4162 nam
1015 4100 1060 4183 [in
1088 4099 1361 4182 coniunctionibus]
1391 4102 1421 4160 in
1451 4108 1550 4162 metro

256 4205 411 4275 deficiunt,
440 4204 590 4268 insoluta
614 4208 748 4268 oratioue
770 4212 907 4274 seruant,
937 4211 1079 4284 utputa:
1108 4207 1222 4265 ‘tanum
1244 4205 1302 4264 ma'
1329 4201 1373 4283 [et
1395 4201 1467 4264 ‘dic’
1491 4221 1549 4283 pro

255 4306 335 4378 dice,
360 4307 429 4367 ‘iac'
453 4326 508 4387 pro
530 4307 625 4391 iace]:
655 4309 680 4370 si
703 4305 798 4368 soluta
821 4314 900 4368 esset
922 4308 1025 4377 oratio,
1049 4305 1169 4396 plenum
1193 4305 1320 4366 diceret:
1346 4310 1479 4366 ‘tantone
1501 4323 1550 4366 me

255 4409 378 4471 crimine
401 4408 521 4471 duxisti’
545 4408 638 4491 [idest
664 4407 833 4490 iudicasti]:
863 4408 959 4471 soluta
988 4409 1082 4470 oratio
1110 4409 1134 4468 si
1163 4418 1255 4478 esset,
1285 4408 1395 4467 ‘mene'
1426 4405 1549 4468 diceret

253 4511 333 4589 Ergo
356 4520 476 4574 seruant
496 4511 593 4573 Latini
608 4513 749 4575 Graecam
772 4505 868 4590 legem
890 4513 922 4572 in
938 4509 1207 4573 coniunctionibus:
1231 4510 1261 4569 in
1283 4511 1392 4569 ceteris
1413 4507 1549 4588 partibus

255 4614 398 4673 orationis
419 4630 494 4692 opus
516 4621 569 4683 ast,
593 4619 624 4674 ut
646 4615 671 4674 si
694 4611 785 4675 semei
808 4611 973 4691 pertulerit,
998 4615 1055 4674 iam
1079 4614 1171 4691 ipsam
1193 4619 1303 4673 seruet.

339 4715 401 4775 Sed
421 4718 482 4776 iem
509 4717 589 4778 hunc
612 4716 747 4794 Pompeii
771 4716 880 4776 librum
906 4713 1191 4792 interpolationibus
1217 4723 1246 4775 et
1266 4717 1372 4790 plessis
1400 4712 1549 4786 infectum

255 4817 349 4878 uides.
396 4816 613 4880 Percurremus
633 4827 744 4879 cetere.
