3420 5450
691 1177 736 1260 I.

178 1373 560 1458 COMMENTVM
588 1375 816 1460 SEDVLII
838 1375 1151 1460 TVRIOENSE
1172 1377 1237 1459 ΙΝ

575 1511 857 1597 EVTYOHIS

37 1635 255 1757 ARTEM
288 1683 362 1758 DE
395 1682 807 1760 DISCERNENDIS
834 1683 1363 1800 GONIVGATIONIBVS.

654 1891 778 1898 ...u-0«—

649 2038 734 2104 Os‘e.
757 2039 785 2104 Ι.

349 2148 354 2158 ’
424 2157 484 2222 DE
506 2156 649 2224 LIBRIS
671 2155 1004 2224 MANVSORIPTIS.

139 2281 187 2341 In
212 2283 273 2343 troc
291 2283 460 2358 praeclaro
482 2283 657 2356 doctrinae,
688 2299 766 2357 quae
787 2299 849 2359 per
870 2283 999 2343 medium
1022 2284 1104 2357 qnod
1124 2291 1237 2345 uocant
1258 2300 1367 2344 acuum

41 2385 204 2458 uiqebat,
234 2386 457 2459 qrammatieae
478 2383 660 2459 sroqmento
681 2391 710 2444 et
731 2385 850 2444 edendo
876 2391 906 2444 et
926 2385 1115 2446 emendando
1142 2385 1258 2446 duobus
1284 2386 1368 2460 uobis

40 2486 221 2547 codicuons
242 2491 273 2545 et
294 2488 433 2560 uetrtstis,
457 2493 491 2547 ut
512 2487 665 2559 uidmtur,
689 2503 785 2563 neque
805 2488 894 2547 nimis
914 2489 1065 2562 corruptis
1087 2489 1132 2547 uti
1150 2488 1245 2548 licuit.
1290 2487 1368 2558 Quo·

42 2605 122 2648 mum
147 2589 236 2648 aiter
262 2585 434 2649 Turicensis
456 2587 479 2646 0
500 2593 536 2648 99
556 2605 637 2649 saec.
660 2589 712 2649 IX
730 2590 862 2665 scriptus
879 2585 965 2661 sotiis
985 2588 1110 2667 XXXI,
1133 2604 1259 2664 quorum
1280 2590 1369 2649 initia

44 2692 172 2766 utrique
198 2691 410 2765 adposuimus,
437 2697 565 2766 praeter
586 2690 664 2752 iliud
684 2693 779 2767 ipsum
806 2698 999 2752 commentum
1020 2690 1097 2752 ninii
1115 2693 1262 2766 eontinet,
1292 2690 1370 2752 adeo

45 2802 82 2854 ut
110 2795 170 2852 sset
203 2799 344 2852 extrema
369 2792 442 2852 tiiri
460 2795 583 2869 popina
609 2796 767 2870 scriptura
795 2797 914 2854 omnino
936 2800 1051 2855 careat.
1096 2792 1159 2852 Sed
1178 2808 1245 2853 cum
1268 2795 1369 2854 nullus

46 2899 96 2956 ibi
119 2911 226 2954 manu
250 2896 378 2968 antiqua
400 2895 505 2956 titulus
521 2897 684 2971 praefisus
705 2901 781 2955 esset
801 2912 898 2970 neque
919 2899 988 2972 ipsa
1008 2912 1115 2956 mantus
1129 2898 1291 2971 recentior,
1309 2911 1369 2971 qno

47 2999 106 3058 ‘de
129 2996 361 3072 qrammatica’
377 3000 605 3074 praescriptum
627 3004 684 3070 est,
710 2999 845 3058 auctoris
865 3013 971 3058 nomen
993 3005 1257 3073 commemoraret,
1276 3015 1369 3075 prae-

47 3103 150 3160 claro
180 3114 263 3158 casu
290 3099 419 3176 accidit,
447 3105 480 3159 ut
500 3099 666 3160 Francisci
685 3098 868 3161 Buecheleri
893 3101 1109 3160 iucundissima
1131 3103 1274 3161 comitate
1296 3102 1369 3160 alte-

48 3206 125 3262 rius
149 3201 276 3261 codicis
296 3201 405 3260 notitia
427 3201 629 3276 inbueremur,
653 3187 744 3264 cuins
761 3218 817 3279 ope
831 3208 860 3261 et
876 3202 970 3262 uerba
990 3202 1193 3277 multorumom
1215 3203 1373 3262 emendari

44 3309 190 3381 possent
213 3308 307 3378 atque
326 3286 484 3379 coquosci,
509 3307 645 3380 quisnam
661 3306 799 3382 opusculi
811 3305 931 3365 minime
944 3307 1109 3380 spernendi
1122 3310 1230 3365 auctor
1247 3303 1369 3376 suisset.
1413 3353 1416 3360 ,

51 3409 139 3467 ,inm
165 3408 205 3465 in
227 3421 265 3464 eo
286 3405 401 3464 codicis
421 3408 613 3484 cpoqrupno,
631 3408 713 3484 quod
726 3407 932 3468 Buechelerus
952 3403 1028 3467 mitti
1047 3408 1213 3467 transmisit
1218 3449 1228 3480 ,
1252 3407 1372 3466 disertis

53 3511 166 3570 uerbis
189 3509 434 3583 superscriptum
454 3513 515 3568 est:

199 3607 311 3688 incipit
332 3610 611 3672 commentariolum
632 3609 737 3672 sedulii
759 3611 789 3670 in
812 3619 907 3672 ortem
930 3609 1026 3672 eutitii
1048 3609 1246 3689 grammatici.

55 3715 170 3790 Neque
193 3719 299 3772 tamen
320 3719 405 3773 certo
425 3715 503 3788 scio,
528 3722 628 3775 utrum
649 3714 725 3774 hoec
746 3730 839 3775 manu
861 3715 989 3789 antiqua
1011 3729 1051 3774 an
1073 3715 1239 3774 recentiori
1257 3715 1374 3790 scripta

56 3821 137 3878 sint:
161 3831 241 3876 nam
266 3817 387 3875 omuino
408 3833 504 3892 neque
525 3818 563 3876 de
585 3823 735 3893 tempore,
758 3833 819 3892 quo
839 3819 972 3892 scriptus
993 3822 1069 3876 essct
1082 3819 1138 3876 iste
1152 3817 1260 3890 codex,
1279 3832 1374 3891 neque

59 3922 99 3979 de
128 3919 222 3991 loco,
254 3917 309 3976 ubi
332 3924 508 3979 scrutaretur
535 3919 640 3993 hodie,
670 3920 832 3994 quidquam
854 3921 945 3995 patui
970 3921 1145 3995 comperire,
1180 3919 1317 3994 quamuis
1344 3924 1374 3977 et

61 4023 284 4096 efflaqitarcm
312 4035 368 4093 epo
394 4022 586 4097 cupidissime
612 4028 642 4080 et
663 4020 883 4096 Buechelerus‚
913 4022 1062 4097 quidquid
1087 4023 1151 4097 ipse
1177 4021 1372 4096 conperisset,

62 4126 173 4184 sedsdo
204 4121 285 4181 milri
306 4123 471 4198 panderet.
526 4123 658 4195 Quorum
685 4141 801 4186 summo
828 4125 905 4184 itaec
934 4130 994 4184 est:
1028 4124 1198 4184 Cornelium
1225 4121 1374 4183 Bockium

61 4226 281 4302 professorem
303 4224 537 4300 Fribnrpensem
559 4223 706 4301 collequm
727 4243 811 4287 sunm
828 4228 1001 4303 pemnisisse
1020 4226 1077 4286 sibi
1098 4226 1183 4298 olim,
1207 4230 1241 4285 ut
1262 4225 1376 4285 codicis

63 4333 129 4388 siue
158 4327 380 4387 Bmdeensis
410 4330 475 4388 siue
501 4327 674 4404 Hacpensis
707 4330 925 4405 apaqruptzan,
959 4329 1042 4404 quod
1072 4329 1150 4402 ipse,
1187 4327 1258 4388 dum
1291 4327 1377 4402 apud

67 4431 187 4506 Belqas
209 4435 366 4506 moratur,
388 4429 582 4504 confecerat,
605 4447 690 4491 suum
713 4434 743 4492 in
766 4448 849 4492 soum
872 4431 1071 4498 describerem
1103 4430 1272 4504 quodcum
1295 4427 1376 4488 Bue-

67 4535 211 4593 clteierus
234 4531 421 4605 faciendum
447 4539 584 4593 curasset
605 4539 697 4607 atque
719 4535 797 4593 adeo
819 4535 883 4610 ipse
905 4532 1106 4609 opaqrapiton
1127 4547 1213 4592 snum
1235 4547 1302 4592 cnm
1324 4547 1377 4590 ar-

69 4637 203 4712 ctetypo
225 4634 391 4695 Bactriano
413 4635 573 4710 diliqenter
593 4637 782 4713 contulisset,
806 4643 968 4712 postquam
996 4636 1095 4694 uirum
1124 4634 1207 4694 illum
1228 4632 1376 4693 liberalis·

70 4741 193 4810 mmmm,
225 4736 283 4796 ubi
302 4737 437 4796 codicem
464 4741 626 4798 inuenisset
647 4739 925 4814 descrtpsissetqne,
955 4737 1174 4814 interroponit,
1202 4740 1316 4794 certum
1340 4732 1379 4793 ab

72 4857 105 4899 eo
126 4855 314 4915 responsum
343 4841 444 4900 tulisse
469 4843 598 4914 nntium,
628 4842 701 4916 quia
728 4842 791 4917 ipse
819 4842 853 4902 id
879 4843 939 4901 ium
965 4841 1039 4900 satis
1065 4855 1097 4898 sc
1123 4840 1202 4899 scire
1227 4843 1375 4911 nepasset,
