3400 5450
307 381 349 446 94
819 379 888 432 ans
906 377 1083 434 mourut

308 571 476 633 famulabus
506 577 627 650 propter
656 569 853 631 dillerentiam
887 578 991 630 contra
1018 568 1068 629 illa
1097 570 1216 630 nomina
1244 567 1418 639 masculina,
1454 587 1470 628 a
1498 569 1610 647 quibos

307 677 460 744 oriuntur,
489 691 565 753 quae
587 680 656 732 sunt
677 672 825 732 secundae
847 670 1067 741 declinationis,
1096 672 1153 732 hoc
1182 678 1227 732 est
1248 672 1367 732 nomina
1395 671 1468 740 deus
1489 675 1610 734 animus

307 777 384 839 iilius
418 775 515 836 mulus
549 792 641 854 equus
673 790 759 834 ursus
792 773 931 835 famulus.
982 772 1053 834 item
1083 775 1207 854 septima
1243 775 1357 853 species
1385 783 1430 835 est
1457 777 1608 836 contraria

307 881 421 960 primae
449 875 670 937 declinationis:
707 875 826 936 nomina
848 877 878 936 in
907 894 923 936 a
952 875 1132 946 desinentia,
1161 893 1236 952 quac
1264 877 1433 954 genetiuum
1463 881 1493 937 in
1525 896 1559 937 as
1581 886 1609 934 et

307 981 438 1042 datiuum
466 981 497 1038 in
529 979 556 1038 ai
580 979 740 1038 terminant
767 977 929 1038 secundum
952 977 1135 1038 Graecorum
1158 995 1287 1047 rnorem,
1316 985 1348 1038 ut
1376 977 1449 1038 haec
1471 976 1629 1039 custodias

307 1082 394 1144 huius
417 1079 567 1141 custodias
595 1080 664 1140 huic
687 1078 845 1148 custodial,
878 1077 952 1138 hacc
974 1079 1083 1140 lamilia
1107 1078 1194 1140 huius
1216 1078 1344 1140 familias
1372 1079 1442 1141 huic
1464 1078 1605 1140 familiai:

306 1184 376 1245 hinc
391 1182 499 1261 legitur
514 1184 544 1243 in
561 1179 763 1259 euangelio
787 1179 949 1241 secuudum
967 1170 1052 1241 usum
1069 1183 1273 1260 antiquorum:
1297 1180 1334 1239 Si
1356 1183 1476 1242 sciret
1499 1190 1606 1261 pater

305 1285 491 1361 familias,
525 1301 593 1363 qua
623 1283 715 1342 hora
748 1283 807 1342 lur
839 1284 991 1342 ueniret
1021 1292 1051 1343 et
1085 1281 1206 1362 reliqua.
1262 1283 1483 1343 Priscianus
1519 1282 1604 1342 dixit:

307 1387 442 1448 ‘Veteres
466 1383 603 1446 dicebant
625 1385 750 1446 lamilias
772 1403 827 1463 pro
850 1382 980 1444 lamiliae
1002 1392 1032 1446 et
1053 1393 1150 1446 terras
1172 1403 1227 1464 pro
1250 1392 1362 1454 terrae,
1392 1386 1531 1446 fortunas
1554 1403 1605 1463 pro

307 1491 468 1550 lortunae’.
513 1487 659 1547 Ennius
680 1486 773 1547 dixit:
797 1485 866 1545 dux
895 1487 977 1565 ipse
1004 1489 1082 1548 uias
1105 1506 1160 1568 pro
1182 1489 1257 1548 uiae.
1294 1486 1495 1565 Pompeius
1519 1485 1637 1545 dicitzn

306 1589 478 1652 Familias
512 1590 712 1667 genetiuus
745 1585 955 1664 singularis
989 1590 1168 1668 antiquus
1197 1597 1269 1656 est:
1306 1586 1403 1668 apud
1437 1588 1605 1648 maiores

307 1701 457 1754 nostros
478 1694 576 1752 enim
600 1688 781 1769 pleraque
804 1690 949 1749 nomina
972 1689 1014 1750 ad
1037 1692 1148 1750 ritum
1164 1691 1347 1751 Graecum
1363 1687 1603 1750 declinaban-

307 1805 375 1855 tur.
420 1793 606 1856 Habemus
634 1791 727 1870 apud
764 1789 985 1851 Salustium:
1021 1790 1218 1852 thesauros
1245 1790 1442 1853 custodias
1468 1793 1602 1868 regias.

305 1897 354 1956 Sic
376 1897 455 1956 enim
469 1893 633 1956 secundum
647 1894 790 1953 Graecam
808 1891 1036 1954 declinationem
1052 1893 1162 1954 dicitur
1176 1892 1235 1973 τῆς
1246 1892 1406 1961 custodias,
1423 1891 1483 1972 τῆς
1499 1894 1605 1970 regies,

304 1997 363 2077 τῆς
385 1997 493 2065 Musas,
517 1996 575 2075 τῆς
596 1993 719 2068 tabulas,
743 1993 800 2054 hoc
815 2002 861 2054 est
875 1991 962 2054 buius
984 1995 1134 2056 custodiae
1156 1995 1245 2056 huius
1259 1996 1360 2073 regiae
1383 1994 1471 2055 huius
1487 1992 1604 2054 tabulae
1618 2011 1638 2049 c

306 2099 394 2160 huius
409 2097 524 2165 hlusae':
547 2099 591 2157 sic
613 2097 703 2156 etiam
726 2094 799 2155 haec
821 2094 932 2157 lamilia
953 2094 1036 2157 addis
1050 2115 1065 2159 s
1081 2097 1116 2158 ad
1132 2099 1220 2157 istum
1241 2096 1455 2156 nominatiuum
1478 2103 1511 2156 ct
1532 2097 1605 2155 inci·

305 2201 369 2280 pies
392 2199 491 2260 lacere
514 2195 655 2265 lamilias;
679 2205 709 2258 et
731 2213 768 2256 uc
791 2196 868 2257 lorte
890 2197 971 2258 dicas
994 2202 1069 2259 ‘non
1093 2205 1139 2259 est
1160 2198 1318 2277 genetiuus
1338 2199 1410 2267 iste,
1438 2200 1494 2258 seri
1517 2197 1605 2258 dehet

306 2321 372 2363 esse
395 2302 583 2362 accusatiuus
605 2297 750 2377 pluralis,
775 2315 830 2376 ego
854 2298 920 2360 dico
941 2299 996 2360 tibi
1020 2317 1079 2360 non
1102 2319 1168 2360 csse
1190 2300 1402 2370 accusatiuum,
1419 2299 1470 2360 sed
1489 2309 1603 2360 tantum

305 2405 394 2465 modo
417 2403 597 2482 genetiuum.
649 2401 722 2461 Nam
746 2398 854 2461 licebat
880 2401 1041 2462 maioribus
1064 2402 1173 2462 nostris
1194 2403 1251 2461 ista
1273 2403 1391 2462 nomina
1415 2401 1531 2482 primae
1555 2401 1603 2461 de·
1689 2481 1690 2486 ἵ

306 2507 476 2568 clinationis
498 2505 587 2564 ctiam
611 2503 723 2564 Graeca
747 2499 943 2562 declinatione
966 2502 1087 2572 ellerre,
1111 2511 1144 2563 ut
1166 2501 1281 2564 habetis
1303 2505 1334 2563 in
1357 2486 1502 2565 Snlustio:
1527 2487 1637 2564 ‘the-²⁰
1689 2499 1690 2550 l

305 2626 410 2670 sauros
433 2605 583 2667 custodias
606 2604 731 2682 regias',
760 2621 814 2682 pro
838 2622 874 2663 co
895 2602 975 2682 quod
998 2611 1044 2664 cst
1065 2603 1217 2666 custodiae
1238 2605 1350 2681 regiae.
1394 2605 1483 2666 Pater
1504 2613 1602 2666 autem

305 2711 507 2770 nominatiuus
530 2713 583 2776 est,
608 2703 733 2766 familias
756 2711 853 2766 autem
877 2712 922 2766 est
943 2704 1103 2783 singularis
1121 2707 1239 2767 numeri
1262 2707 1418 2784 genetiuus
1440 2715 1469 2768 et
1484 2710 1531 2768 sic
1554 2705 1603 2766 dc·

304 2812 433 2873 clinatur
455 2828 510 2890 per
532 2825 636 2869 omnes
658 2825 760 2868 casus:
793 2806 841 2867 hic
863 2805 1110 2885 paterfamiliae,
1138 2806 1227 2868 huius
1249 2809 1343 2886 petris
1364 2806 1505 2879 lamilias,
1535 2808 1602 2868 huic
1688 2827 1689 2894 l

304 2914 382 2993 patri
404 2909 538 2979 lamilias,
562 2907 642 2970 huuc
665 2915 778 2986 patrem
801 2907 944 2981 lamilias,
968 2927 985 2969 o
1007 2918 1093 2988 pater
1115 2907 1247 2980 lamilias,
1270 2909 1308 2970 ab
1330 2909 1388 2970 hoc
1409 2917 1494 2988 patre
1517 2909 1601 2971 lami·

304 3017 359 3076 lias
381 3021 410 3074 et
432 3009 587 3091 pluraliter
610 3009 639 3069 hi
662 3016 763 3088 patres
786 3007 925 3078 lamilias,
950 3009 1055 3070 horum
1078 3018 1194 3089 patrum
1222 3011 1364 3082 lamilias,
1393 3011 1439 3072 his
1467 3010 1601 3091 patribus
1613 3015 1634 3052 ²⁵

305 3113 448 3184 lamilias,
481 3113 535 3173 hos
557 3109 819 3191 patresfamilias,
849 3130 867 3171 o
889 3117 990 3190 patres
1011 3111 1151 3183 lamilias,
1181 3111 1218 3173 ab
1240 3112 1286 3172 his
1308 3111 1598 3193 patribusfamilias.

304 3217 384 3277 llaec
413 3224 512 3276 autom
541 3214 658 3274 nomina
688 3213 830 3274 leminina
857 3214 971 3292 primae
994 3212 1201 3275 declinationis
1223 3215 1254 3275 in
1277 3233 1293 3275 a
1316 3214 1496 3286 desinentia,
1526 3233 1600 3294 quae

303 3318 474 3397 genetiuum
504 3323 533 3376 et
555 3314 687 3375 datiuum
716 3315 748 3374 in
770 3333 805 3374 ae
827 3312 1032 3394 diphthongon
1060 3316 1236 3386 terminant,
1265 3316 1343 3396 apud
1370 3325 1488 3378 ueteres
1510 3333 1599 3394 gene·

305 3423 400 3481 tinum
417 3427 447 3479 et
462 3417 595 3478 datiuum
612 3418 642 3477 iu
658 3417 685 3477 ai
701 3415 870 3484 mittebant:
894 3415 963 3477 inde
979 3416 1009 3477 in
1025 3416 1183 3496 Virgilio
1199 3418 1323 3496 legitur:
1347 3417 1422 3479 Olli
1443 3435 1599 3496 respon·

303 3522 361 3583 dit
392 3540 457 3582 rex
490 3518 597 3581 Albai
629 3517 771 3596 Longai
908 3514 1005 3578 aulai
1039 3518 1158 3580 medio
1181 3564 1290 3580 .....
1318 3520 1434 3600 pictai
1468 3521 1630 3581 uestisac

303 3623 375 3684 lude
397 3623 623 3684 Priscianus
646 3619 733 3681 dixit:
759 3620 889 3680 ‘ueteres
912 3619 1113 3681 Romanorum
1137 3628 1242 3700 poetae
1265 3623 1295 3682 in
1316 3621 1457 3699 genetiuo
1485 3619 1597 3702 primae

304 3724 509 3786 declinationis
531 3722 704 3802 irequenter
725 3720 901 3782 diuisionem
925 3729 956 3781 et
976 3720 1153 3784 solutionem
1177 3722 1352 3803 diphthongi
1374 3721 1538 3793 iaciebant,
1566 3730 1596 3782 ut

324 3842 531 3850 ..θη-...-

372 3910 472 3960 lillnm
525 3907 672 3959 enecanda
723 3906 838 3958 amalus
899 3908 1062 3972 bgre⁰orum
1114 3907 1207 3960 bhuic
1224 3909 1341 3958 custodie
1393 3903 1593 3975 'leuangeliuml
1686 3960 1687 3975 χ

306 3977 438 4032 LchIl
457 3981 491 4028 39
543 3977 622 4039 Squi
640 3976 704 4026 hora
750 3970 909 4041 Priscianus]
927 3977 963 4040 cs.
983 3975 1208 4042 lp.198‚7aeq.
1278 3979 1390 4027 bitena·
1424 3975 1594 4040 l'rrrtuuespro
1686 3991 1687 4016 l

302 4048 421 4096 lurtunae
473 4047 504 4096 10
523 4040 635 4111 Ennius]
655 4043 739 4094 Prisc.
757 4045 773 4093 1.
792 4047 809 4093 t.
826 4059 855 4108 p.
875 4046 968 4106 199‚t
1020 4041 1110 4109 Pomp]
1128 4045 1163 4107 cf.
1179 4061 1207 4108 p.
1223 4045 1358 4107 180,st
1428 4047 1458 4094 11
1478 4047 1593 4106 antiquos

303 4119 336 4165 13
353 4118 398 4179 ap'
417 4113 537 4163 sulutlum
556 4113 692 4163 :ireseurus
749 4112 818 4176 regis
872 4113 904 4160 14
922 4109 965 4160 Sic
982 4113 1049 4161 enirn
1068 4109 1127 4177 etc]
1148 4113 1182 4176 cf.
1191 4112 1281 4177 Pomp.
1291 4129 1319 4176 p.
1329 4115 1479 4180 180,7seq.
1525 4110 1592 4162 deols

302 4183 395 4232 dicitur
412 4182 477 4241 thes,
495 4197 597 4245 semper
647 4179 703 4229 thes
721 4180 801 4244 regPs
872 4181 904 4229 16
921 4179 995 4229 addis
1014 4180 1047 4229 ad
1065 4181 1116 4230 istu
1203 4182 1233 4230 17
1252 4181 1331 4230 sedo
1357 4195 1442 4234 ‚esso
1458 4179 1490 4231 ac'
1564 4180 1592 4228 l8

302 4252 386 4316 prima
448 4251 482 4300 20
498 4263 601 4315 grecam
619 4247 693 4298 decis
745 4247 881 4297 thesemus
949 4249 980 4297 21
992 4249 1072 4313 regi¹s
1118 4247 1235 4298 custodia
1287 4246 1325 4296 Na
1370 4243 1591 4313 licebat—regiae]

302 4319 391 4383 Pomp.
408 4333 435 4382 p.
455 4320 516 4377 180,
535 4319 636 4367 16—18
703 4315 777 4367 Pater
795 4325 879 4364 autem
898 4313 958 4364 non'n
973 4313 996 4365 id
1012 4316 1122 4365 familias
1140 4316 1189 4366 hoc
1207 4326 1246 4366 est
1263 4318 1318 4382 regi
1336 4314 1396 4365 nord
1410 4318 1433 4366 si
1451 4319 1590 4382 genetiuum
1685 4379 1686 4382 Ἴ

301 4387 335 4436 24
352 4385 384 4435 ab
403 4385 478 4434 huius
565 4385 598 4435 25
616 4383 652 4433 hii
703 4382 794 4433 horum
813 4393 911 4449 petrem
997 4386 1031 4435 27
1048 4384 1143 4434 lemine
1160 4383 1244 4449 prima
1317 4386 1350 4435 28
1368 4385 1393 4434 in
1412 4401 1426 4434 e
1443 4385 1589 4451 dyptongon
1685 4423 1686 4434 ,

301 4456 334 4506 29
352 4455 377 4503 in
396 4453 518 4518 Virgilio:
538 4450 587 4501 Olli
605 4449 665 4517 etc]
686 4451 743 4502 Non
761 4459 800 4502 est
812 4451 934 4515 Vergilii,
952 4453 1108 4516 aedilheri,
1127 4452 1161 4514 cf.
1183 4447 1294 4518 [Sergii]
1313 4454 1447 4517 explanat.
1465 4456 1491 4502 in
1503 4453 1590 4502 Donat.

300 4524 430 4586 perot
449 4520 477 4569 Ι(
544 4522 577 4571 80
595 4519 661 4570 oliba
679 4521 686 4569 i
705 4519 782 4584 longa
800 4520 809 4567 i
827 4519 853 4567 iu
871 4519 956 4568 medio
974 4522 1067 4570 uestris
1085 4521 1179 4585 pictuui
1231 4519 1298 4570 aulai
1318 4518 1413 4586 medio]
1438 4521 1588 4584 rapaton.

301 4591 353 4639 III
372 4592 425 4640 354
476 4589 553 4653 pictai
571 4585 665 4653 uestis]
688 4589 766 4652 Verp.
785 4589 852 4636 Aen.
875 4586 969 4637 VIIII
986 4591 1020 4637 20
1105 4591 1137 4639 31
1156 4585 1315 4653 Priscianus]
1335 4589 1369 4652 rf.
1386 4588 1403 4638 1
1419 4605 1446 4654 p.
1465 4591 1530 4650 284,
1547 4589 1590 4636 20.-

302 4658 350 4706 :risi
363 4657 458 4708 diuislo
472 4655 516 4705 ilat
534 4658 559 4705 iu
577 4659 698 4722 genetiuo
717 4656 825 4720 poetico,
844 4669 896 4717 qna
913 4655 1057 4718 irequenter
1075 4667 1172 4706 ueteres
1185 4655 1359 4706 Romanorum
1376 4669 1466 4721 poetae
1484 4665 1588 4706 utuntur.

302 4727 397 4774 Aeneai
415 4736 440 4774 et
452 4723 575 4774 Anchisai
594 4735 619 4774 et
636 4725 714 4790 pictai
732 4733 757 4772 et
773 4723 840 4772 aulai
858 4737 906 4787 pro
925 4727 1026 4773 Aeneae
1044 4735 1090 4777 etc.
1109 4724 1231 4774 dicentes.
1268 4725 1353 4789 Saepe
1371 4727 1435 4775 enim
1452 4741 1502 4776 non
1518 4723 1589 4774 :rerba
1684 4761 1685 4774 ,

302 4796 429 4854 auctoris,
448 4795 493 4858 qui
508 4793 637 4850 laudatur,
660 4795 730 4856 ipsa,
753 4792 801 4840 sed
818 4799 862 4841 aut
879 4799 1028 4856 eaeccrptnm
1045 4800 1089 4842 aad
1106 4795 1250 4844 antumant
1267 4795 1367 4844 lmrdati
1383 4795 1432 4845 loci
1447 4794 1590 4844 scatentium
1684 4821 1685 4830 ,

301 4861 373 4926 aequi
389 4863 432 4909 a'llo
450 4861 534 4909 ‘dicit’
551 4861 717 4922 significatur.
770 4871 827 4924 pote
896 4862 928 4909 32
946 4857 1086 4926 ugprbongi
