3390 5444
510 359 657 412 coortus
675 359 881 414 uuunnnsrs
899 362 941 412 es.
1314 361 1372 426 181

162 545 284 609 Nobiles
307 547 505 610 Romanorum
529 548 616 628 pueri
638 555 669 609 et
683 549 773 610 etism
795 547 1009 612 adulescentuli
1033 556 1101 610 tuno
1124 551 1267 630 temporis
1290 559 1374 613 eraut

76 655 106 709 et
128 655 201 710 sunt
222 651 311 712 etiam
335 647 423 710 hodie
439 649 615 720 ‘comatuli’,
635 659 716 711 retro
740 651 880 713 uidelicet
902 651 939 712 sb
962 649 1084 712 auribus
1107 653 1284 732 promissam
1308 652 1375 732 plus

76 751 177 812 miuus
199 750 314 812 dimidii
336 769 475 813 mensura
498 750 582 832 pedis
604 750 749 814 habentes
771 771 902 823 oomam;
926 752 995 814 hino
1017 752 1181 814 adulatorie
1204 753 1252 814 uel
1275 755 1375 834 potius

75 854 216 914 inrisorie
240 845 506 934 ὑποκοριστικῶς
528 854 701 924 ‘comatull’‚
725 856 808 935 quasi
830 855 983 934 oomptuli.
1014 853 1087 917 Nam
1112 862 1142 915 et
1163 855 1374 917 Einhardus

51 956 112 1016 sin
135 957 213 1018 uita
237 954 339 1017 llarli
362 954 609 1035 Imperatoris
631 956 758 1018 eundem
782 955 904 1018 llarlum
926 956 999 1018 dixit
1021 955 1113 1018 luisse
1138 956 1338 1019 'dicaculum'.

163 1161 183 1219 Α
209 1160 365 1238 ‘pumice’
393 1158 519 1220 uerbum
549 1179 607 1220 non
638 1177 684 1221 me
714 1161 814 1221 recolo
837 1161 959 1240 legisse,
989 1168 1085 1222 lernou
1115 1169 1166 1222 aut
1192 1162 1234 1222 sie
1257 1170 1303 1223 est
1324 1173 1375 1224 aut

75 1263 157 1322 siout
180 1260 347 1340 ‘galeatus’
372 1270 402 1322 et
424 1261 560 1341 ‘togatus
569 1265 587 1332 ’‚
618 1268 669 1324 aut
691 1281 814 1342 asperos
837 1272 869 1324 ut
889 1265 953 1342 ipse
976 1271 1061 1343 putas
1084 1265 1263 1344 pumicatos,
1288 1267 1373 1345 quasi

75 1362 193 1424 limatos
215 1370 267 1423 aut
288 1370 369 1423 certe
391 1365 475 1442 qussi
498 1363 605 1442 politos
627 1365 826 1446 carpendique
851 1383 905 1426 usu
927 1365 1022 1427 tritos.

161 1569 185 1626 n
209 1565 340 1628 ‘calceis’
362 1568 409 1628 uel
431 1567 558 1630 ‘calciis'
581 1571 678 1648 polius
700 1569 846 1630 ‘calceoli'
870 1569 917 1630 uel
940 1569 1093 1631 ‘ealcioli’z
1118 1587 1185 1630 uam
1209 1579 1239 1631 et
1262 1572 1374 1633 ‘calceo

42 1684 64 1724 u
77 1667 205 1729 eelceas’
229 1676 260 1730 et
281 1665 386 1730 ‘erleio
407 1669 529 1731 caleias'
551 1669 689 1732 dixerunt
711 1672 836 1752 antiqui.

162 1871 353 1950 ‘Epithema'
377 1871 485 1934 dieitur
514 1884 545 1934 et
572 1875 763 1954 emplastrum
786 1893 802 1936 a
825 1875 1056 1956 superponendo
1085 1874 1211 1946 dietum,
1243 1876 1374 1938 undeet

77 1973 149 2034 illud
174 1975 255 2052 quod
277 1975 318 2034 ait
339 1970 604 2057 Hieronymus:
634 1977 795 2057 ‘sumpto
818 1977 998 2038 themate’
1022 1984 1142 2058 putatur
1158 1980 1242 2058 quasi
1257 1984 1373 2057 sumpta

77 2075 196 2136 dioeudi
224 2077 380 2156 positione.
432 2076 526 2138 Porro
556 2077 626 2139 illud
655 2079 691 2138 iu
720 2078 887 2140 decretis
917 2077 1148 2140 iunocentii:
1187 2079 1376 2140 ‘uenimus

78 2175 118 2236 ad
149 2176 277 2237 Fotiui
306 2179 500 2240 maximum
532 2179 672 2241 tlrema'
699 2180 777 2241 aliud
806 2189 865 2250 est,
896 2180 973 2242 idest
996 2180 1178 2260 quaestionis
1199 2181 1373 2261 propositio.

46 2295 66 2334 ts
79 2277 153 2340 Galli
175 2277 311 2339 Senones
329 2273 344 2360 ΙΙ
366 2278 385 2340 i.
403 2277 460 2341 74·
477 2277 488 2362 ΙΙ
511 2279 548 2341 ab
571 2279 646 2341 urbo
675 2281 806 2342 liomaua
840 2290 1028 2344 reuertentes
1058 2281 1257 2347 condiderunt
1288 2301 1375 2344 seeus

78 2397 158 2441 mare
181 2381 333 2442 ciuitatem
357 2389 499 2444 uooautes
521 2382 693 2444 Anchonanr
716 2383 797 2444 uelut
819 2383 909 2446 ‘hano
925 2389 1036 2454 uuam',
1061 2384 1129 2446 iude
1147 2383 1374 2464 progredientes

78 2489 264 2542 uocauerunt
284 2483 457 2552 Auximum,
479 2493 679 2564 quapropter,
703 2484 754 2546 ubi
776 2494 807 2547 tu
832 2486 956 2564 posuisti
978 2485 1167 2566 ‘syntlrema’,
1184 2487 1210 2548 si
1225 2487 1375 2566 posuisses
1486 2491 1495 2506 '

77 2583 272 2663 ‘epithema’,
307 2593 442 2666 putasses
476 2592 503 2646 te
528 2587 630 2652 iritis
663 2586 887 2668 quaestiouibus
919 2587 949 2647 id
980 2586 1109 2666 augendi
1142 2588 1236 2666 gratia
1269 2605 1374 2668 super-

78 2684 235 2747 addidisse.

44 2861 67 2961 sd
164 2888 176 2972 'j
198 2889 219 2951 l.
237 2885 323 2974 74¹ll
348 2892 554 2970 Agroeoius
581 2891 701 2971 quidem
724 2892 797 2953 dicit
825 2896 861 2954 iu
891 2891 1179 2973 orthographia:
1211 2894 1374 2955 ‘allicimur

80 2991 195 3054 honore
218 2998 248 3052 et
270 2990 425 3054 adlloimur
446 2992 579 3064 iniuria’,
602 2992 654 3054 sod
678 3001 775 3056 tamen
799 3012 944 3075 nusquam
967 2996 1118 3076 reperitur
1141 3003 1171 3056 ει
1192 2995 1300 3058 ‘morte
1323 2996 1374 3056 ad·

78 3093 179 3154 dolent
201 3113 237 3154 ex
261 3092 363 3155 uobis’
387 3093 434 3156 uel
458 3093 655 3156 ‘contumelia
679 3095 812 3158 adiectos
834 3096 1036 3167 oeciderunt’,
1065 3097 1144 3159 uude
1166 3097 1248 3160 uelut
1271 3116 1375 3178 super-

79 3193 134 3256 llua
159 3195 280 3258 uidetur
303 3194 377 3257 haee
399 3195 580 3266 differentis,
614 3198 792 3276 praesertim
819 3216 886 3258 eum
910 3197 1115 3260 indill'ereuter
1137 3206 1168 3259 ει
1190 3199 1220 3259 in
1243 3197 1322 3261 bouo
1346 3209 1375 3261 et

78 3299 106 3357 iu
129 3298 209 3359 malo
231 3297 345 3360 dicatur
367 3297 514 3358 ‘allectus’
538 3308 567 3360 ει
587 3297 741 3360 ‘allectio’.

44 3531 66 3571 25
157 3493 238 3563 ‘rud
261 3500 366 3563 παντί
385 3501 531 3564 Graecum
561 3511 620 3574 est,
649 3503 702 3564 sed
730 3510 864 3582 agrestes
886 3503 992 3564 Graeci
1014 3503 1180 3566 Latinitatis
1203 3505 1299 3583 ignari
1323 3522 1374 3565 ue·

77 3611 190 3684 queunt
218 3603 327 3665 idioma
356 3602 492 3684 prolerre
521 3603 608 3665 uobis
636 3603 815 3667 huiusmodi.
860 3606 1025 3683 Vtcumque
1054 3613 1153 3666 laureo
1183 3613 1281 3684 potest
1308 3605 1373 3665 ‘olr-

78 3707 187 3767 uiatlo’
212 3704 261 3767 uel
282 3705 465 3767 ‘decursus’
488 3705 710 3786 interpraeiari,
739 3725 756 3767 a
778 3704 888 3786 palatio
910 3707 1056 3787 siquidem
1081 3705 1232 3769 Lateranis
1256 3709 1374 3770 exeunti

76 3805 173 3887 Papae
196 3826 264 3868 oum
287 3807 382 3878 oleru,
412 3807 490 3869 siout
518 3809 548 3868 iu
571 3809 690 3888 gestis
712 3806 940 3870 Pontilioum
968 3809 1087 3888 legitur,
1118 3811 1249 3872 occurrit
1271 3820 1301 3872 ot
1323 3810 1373 3870 ob-

79 3910 137 3969 uiat
159 3907 289 3989 populus
311 3907 347 3971 ad
371 3918 506 3970 sanetum
529 3909 721 3973 Hadrianum.

43 4039 66 4077 :u
162 4009 287 4090 ‘Nugas'
309 4011 432 4092 pluralis
453 4029 572 4092 semper
596 4014 711 4074 numeri
735 4021 765 4074 et
787 4014 953 4074 eommunis
976 4021 1020 4076 est
1042 4014 1169 4093 generis,
1193 4023 1226 4076 ut
1240 4021 1287 4075 est
1302 4013 1373 4076 illud

81 4111 311 4193 Hieronymi:
336 4117 478 4175 ‘uerum
502 4113 591 4176 liaeo
614 4131 729 4192 nugas
753 4115 942 4176 terimus’.

76 4516 110 4533 v
141 4411 342 4536 {offiniensis
410 4449 883 4507 ntnrrsonaerronoutsncos
937 4454 1019 4517 spirali,
1038 4455 1190 4518 corr.qunsi
1243 4455 1301 4504 5111
1323 4455 1374 4503 uita

82 4539 172 4590 lilllP
191 4539 299 4590 eundem
318 4533 393 4604 nort]
416 4537 490 4592 Erat.
509 4555 566 4604 cup.
587 4538 671 4588 XXV
731 4541 780 4590 tin
798 4541 896 4606 pemiue
958 4539 1121 4590 8liminstos
1185 4539 1306 4605 llporius
1324 4539 1375 4588 oul-

79 4607 148 4666 rioll.
166 4623 235 4659 sorr.
254 4606 316 4658 -eoli
369 4607 399 4656 11
418 4605 592 4672 emplestrum,
610 4623 679 4661 corr.
698 4607 864 4672 emplastrum
918 4611 949 4658 12
967 4605 1037 4671 quo·i
1090 4605 1198 4668 locali,
1215 4607 1375 4659 corriel!

81 4675 141 4724 liniti
194 4675 513 4738 reuerteneus,eorr.m.1
566 4675 736 4726 lisintlremn
808 4679 837 4727 18
850 4676 930 4726 teritis
943 4675 1120 4738 questionibus
1173 4673 1373 4741 ⁸lodgroeeius]

79 4759 105 4808 p.
116 4747 184 4794 2270
195 4744 233 4795 P:
251 4743 384 4815 adlleimur
401 4743 499 4794 honore
517 4753 541 4792 er
559 4743 792 4794 odileimuriuiurio
861 4746 895 4795 25
912 4740 1089 4797 ΥΡΟΡΑΝΪΙ
1102 4757 1206 4810 grecum
1258 4744 1290 4794 28
1308 4759 1376 4810 pape

80 4845 111 4896 29
128 4845 241 4913 populos
309 4848 341 4898 31
359 4805 486 4916 ἓιετοηὶωἰ
