3394 5448
309 361 372 426 222
704 361 940 412 couuenrvu
960 361 1200 413 llINSIDLENSE

307 551 457 620 dicuntur,
481 567 558 628 quae
581 556 609 610 et
631 550 776 608 maximae
799 555 869 609 sunt
892 555 920 608 et
942 550 972 608 in
995 549 1087 610 initiis
1109 548 1254 610 librorum
1277 548 1461 612 scribuntur.
1508 549 1595 612 Dictae

310 661 409 713 autem
432 651 578 722 unciales,
603 669 638 710 eo
661 650 740 730 quod
763 650 834 710 olim
858 651 942 712 arnoia
967 653 1030 712 auri
1046 669 1062 711 a
1078 651 1222 713 diuitibus
1243 651 1495 732 appenderentur.
1531 653 1595 714 Sunt

310 765 340 815 et
362 752 436 814 aliae
459 752 624 831 longeriae,
648 769 724 830 quac
747 759 777 811 et
798 751 904 830 longae
928 771 1032 813 manus
1055 755 1201 834 scriptura
1225 753 1373 824 dicuntur,
1399 753 1512 814 Graece
1532 771 1594 814 uero

309 851 472 934 σύρματα.
507 839 584 914 Sunt
605 861 635 913 et
656 861 772 922 tonsae,
798 871 870 932 quas
893 853 988 915 Scotti
1012 857 1043 915 in
1067 874 1122 916 usu
1146 853 1266 916 babent.
1306 854 1382 915 Sunt
1404 856 1492 915 etiam
1514 855 1594 932 uirgi-

308 957 366 1018 liae
389 975 404 1016 a
429 957 522 1034 uirgis
544 956 649 1016 dictae.
1604 977 1613 1016 ε

223 1083 295 1130 aea‚o
395 1059 540 1120 Littera
564 1063 728 1136 estpars
750 1057 910 1118 minima.
956 1057 1124 1118 Notandum
1147 1065 1261 1127 autem,
1286 1057 1335 1118 bic
1358 1058 1504 1119 ailonato
1526 1056 1593 1118 liue-

310 1179 373 1222 ram
401 1179 456 1240 pro
479 1159 632 1220 elemento
660 1177 725 1219 csso
754 1157 862 1219 dictam
893 1176 976 1218 more
1003 1162 1204 1238 antiquorum.
1249 1161 1369 1238 Antiqui
1391 1161 1469 1220 enim
1491 1159 1593 1222 litteras
1669 1223 1670 1232 ,

310 1271 495 1324 uocauerunt
518 1261 676 1328 elementa,
700 1279 734 1322 eo
758 1259 835 1338 quod
859 1259 895 1319 ad
918 1259 1144 1322 similitudinem
1168 1260 1271 1322 mundi
1293 1259 1518 1335 elementorum,
1540 1261 1595 1340 qui·
1669 1253 1670 1308 ἓ

310 1365 366 1425 ltus
388 1381 513 1442 corpora
536 1363 716 1430 consistunt,
741 1360 898 1422 litteralem
923 1363 1036 1423 iaciunt
1057 1380 1172 1423 uocem.
1217 1362 1303 1424 iliud
1327 1369 1373 1423 est
1395 1364 1473 1424 enim
1495 1362 1593 1432 littera,

309 1485 384 1546 quae
407 1464 535 1533 uidetur,
559 1473 589 1524 ct
611 1461 689 1523 aliud
713 1461 792 1539 quod
815 1480 869 1542 per
892 1481 955 1524 eam
979 1461 1130 1542 colligitur
1144 1463 1223 1525 idest
1238 1463 1429 1524 elementum.
1462 1463 1594 1525 Videlicet
1604 1491 1622 1528 n

309 1586 365 1629 uox
394 1585 469 1646 quae
496 1585 550 1645 per
578 1565 707 1626 litteram
737 1563 910 1642 designatur
938 1551 1017 1626 idesl'
1042 1565 1195 1626 indiuidua
1219 1574 1347 1645 potestas
1370 1575 1399 1626 el
1422 1568 1468 1626 uis
1488 1567 1594 1626 litterae

307 1672 372 1750 ipsa
396 1669 600 1748 pronuntiatio
623 1671 755 1727 uocatur.
800 1666 863 1726 lloc
886 1676 999 1736 autem,
1022 1666 1101 1746 quod
1127 1667 1257 1744 uidetur,
1281 1666 1377 1729 littera
1401 1674 1448 1728 εει
1469 1668 1594 1743 etdgura

309 1778 396 1850 atque
429 1775 498 1830 nota
528 1769 576 1829 uel
604 1767 838 1828 characterem
865 1767 972 1828 domus
1001 1767 1151 1830 eleme'nti.
1196 1769 1288 1847 lgitur
1310 1769 1336 1829 si
1358 1767 1534 1830 elementum
1556 1777 1595 1828 est

310 1891 379 1952 pars
402 1872 522 1932 minima
552 1871 634 1930 uocis
661 1867 850 1938 articulatae,
881 1868 968 1939 illud,
999 1869 1077 1948 quod
1111 1879 1256 1942 remanet,
1286 1879 1354 1930 nota
1383 1877 1430 1930 est
1457 1868 1592 1929 clementi.

309 1973 473 2042 blinima,
502 1973 568 2051 quia
593 1973 676 2048 quasi
699 1977 814 2031 atomus
837 1979 891 2032 est.
936 1975 1058 2034 dionius
1080 1981 1179 2033 autem
1201 1972 1309 2033 dicitur
1332 1971 1473 2050 quicquid
1495 1970 1623 2032 ladini-u

308 2075 399 2138 sibile
425 2081 477 2136 est.
527 2066 617 2153 Τομή
645 2073 724 2133 enim
753 2089 860 2150 graece
888 2074 1002 2134 incisio.
1053 2071 1142 2134 Verbi
1170 2075 1263 2152 gratia
1292 2070 1371 2133 liber
1403 2071 1543 2134 diuiditur
1567 2075 1593 2132 in

309 2178 485 2245 sententias,
515 2175 680 2238 sententiae
708 2175 739 2235 in
768 2183 881 2254 partes,
910 2183 1012 2255 partes
1040 2177 1070 2235 in
1099 2174 1240 2255 syllabas,
1271 2173 1400 2256 syllabae
1428 2177 1459 2234 in
1481 2174 1592 2242 litteras,

310 2278 428 2339 litterae
455 2295 528 2339 uero
557 2275 755 2337 indiuislbiles
782 2284 911 2337 manent.
957 2275 1066 2337 Vocis
1093 2275 1326 2337 articulatae.
1373 2275 1438 2337 Nou
1466 2276 1533 2336 dicit
1552 2277 1592 2335 in·

310 2380 495 2447 articulatae.
519 2378 571 2440 sed
595 2377 686 2448 illius,
721 2396 795 2457 quae
819 2376 926 2439 litteris
954 2377 1165 2458 comprehendi
1193 2386 1300 2459 potest.
1344 2376 1516 2448 Quaeritur,
1544 2393 1592 2436 cur

310 2482 440 2544 Donatus
467 2478 681 2561 superlatiuum
710 2481 835 2557 gradum
863 2483 1004 2557 gernetiuo
1032 2481 1176 2560 singulari
1203 2479 1338 2540 adiunxit
1365 2480 1396 2540 iu
1424 2479 1480 2540 boc
1501 2479 1622 2542 dionae
1671 2471 1672 2496 ³

309 2587 392 2664 ‘pars
416 2585 536 2644 mimma
560 2583 666 2651 uocis’‚
689 2600 755 2641 cum
779 2582 915 2660 superius
936 2580 1018 2642 illum
1041 2585 1181 2661 genetiuo
1203 2581 1312 2662 plurali
1334 2581 1513 2658 iungendum
1533 2598 1591 2641 esse

312 2685 429 2745 dixerit.
475 2683 533 2744 Sed
556 2686 596 2744 ita
619 2680 843 2760 intelligendum
867 2691 925 2753 est,
952 2691 983 2746 ut
1010 2684 1141 2746 dicatur:
1181 2683 1290 2745 Littera
1319 2691 1364 2745 est
1390 2701 1460 2763 pars
1481 2684 1590 2744 minima

308 2784 421 2848 seilicet
449 2788 576 2865 partiunt
607 2787 689 2846 uocis
716 2784 899 2846 articulatae.
944 2785 1171 2847 Litterarum
1199 2785 1296 2846 aliae
1324 2795 1411 2847 sunt
1439 2783 1588 2847 uocales.

308 2887 386 2948 llaec
415 2887 520 2948 diuisio
548 2889 643 2966 prima
668 2893 697 2946 et
719 2885 894 2966 principalis
921 2895 975 2949 est.
1019 2888 1119 2949 Primo
1152 2888 1233 2949 enim
1263 2887 1437 2949 diuiduntur
1468 2889 1497 2946 in
1525 2885 1588 2946 duas

308 2997 409 3071 partes
437 2990 514 3050 idest
540 2991 570 3048 in
601 2986 720 3048 uocales
747 2996 777 3049 et
804 2997 1011 3051 consonantes.
1057 2989 1197 3069 Sequitur
1225 3007 1298 3051 uero
1328 2989 1457 3050 secunda
1484 2989 1620 3058 diuisios

209 3107 385 3168 aaa.10quae
408 3100 438 3150 et
459 3089 623 3151 subdiuisio
646 3101 768 3151 uocatur
791 3089 841 3150 ubi
863 3091 918 3150 ait:
952 3091 1246 3153 consonantium
1270 3090 1483 3153 aliaesuul.
1523 3089 1585 3150 Sunt
1672 3087 1673 3096 ’

308 3209 380 3271 ergo
402 3192 565 3253 diuisiones
587 3192 662 3254 darae
686 3192 851 3254 litterarum
875 3201 905 3253 ct
925 3199 988 3253 tres
1015 3201 1130 3272 partes,
1158 3193 1236 3254 idest
1262 3190 1382 3254 uocales
1410 3189 1584 3252 semiuocales

308 3302 338 3355 et
360 3301 466 3355 mutae.
512 3293 632 3355 Vocales
654 3302 752 3356 autem
775 3312 791 3354 a
815 3293 948 3355 uocando
970 3294 1110 3356 dicuntur
1131 3294 1178 3355 uel
1195 3315 1211 3355 a
1226 3311 1316 3364 uoce,
1341 3313 1377 3355 eo
1392 3292 1470 3372 quod
1491 3309 1539 3372 per
1558 3309 1584 3352 se

307 3397 440 3478 prolatae
463 3395 580 3477 plenam
602 3397 713 3459 saciant
736 3413 851 3457 uocem.
890 3387 1095 3458 Co'nsona‘ntes
1118 3415 1191 3459 uero
1213 3395 1363 3465 dicuutur,
1388 3414 1424 3456 eo
1440 3395 1514 3474 quod
1528 3394 1582 3454 dum

306 3498 459 3561 uocalibus
481 3501 595 3577 positae
617 3497 702 3561 simul
725 3507 841 3560 sonant.
886 3497 1086 3560 Semiuocales
1107 3517 1241 3578 quoque,
1266 3517 1323 3559 non
1346 3499 1425 3579 quod
1448 3497 1613 3558 dimidiuuea

306 3619 411 3662 sonum
445 3598 586 3672 habeant,
620 3601 671 3663 sed
700 3603 767 3682 quia
795 3619 850 3681 per
878 3618 911 3662 se
939 3602 1004 3660 siue
1032 3599 1186 3663 uocalibus
1213 3601 1380 3680 perlectum
1408 3617 1511 3660 sonum
1536 3615 1582 3658 oon

306 3703 432 3774 liabent,
462 3704 539 3763 sicut
566 3702 694 3764 dicimus
721 3702 868 3765 semideos
890 3711 920 3764 et
942 3702 1112 3774 semiuiros,
1142 3721 1201 3764 non
1231 3701 1309 3781 quod
1332 3701 1446 3763 dimidii
1467 3700 1506 3761 dii
1526 3701 1581 3765 sint,

307 3805 360 3867 sed
376 3805 444 3884 qula
460 3804 585 3884 perlecti
602 3823 662 3865 uon
677 3812 755 3866 sunt.
787 3803 1007 3866 ‘Semiuucalis’
1025 3812 1123 3866 autem
1146 3805 1343 3884 compositum
1359 3812 1405 3864 est
1420 3822 1455 3864 ex
1471 3803 1582 3868 nominc,

305 3908 383 3988 quod
413 3914 459 3968 est
486 3907 577 3968 semis
604 3908 749 3977 semissis,
783 3914 813 3967 et
840 3905 960 3968 uocalis.
1004 3905 1101 3968 Semis
1129 3925 1202 3968 uero
1230 3913 1275 3968 εει
1297 3904 1422 3968 alicuius
1444 3920 1582 3966 mensurae

305 4007 482 4070 dimidietas.
513 4008 611 4070 ldutae
633 4010 721 4071 etlam
745 4007 893 4080 dicuntur,
918 4026 977 4069 uon
1001 4008 1081 4086 quod
1096 4010 1215 4090 penitus
1237 4016 1360 4070 careant
1382 4027 1464 4076 uoce,
1487 4005 1532 4068 sed
1552 4001 1608 4064 ado

306 4113 558 4192 comparationem
580 4111 727 4173 uocalium
750 4119 849 4173 mutae
871 4120 951 4182 sunt,
973 4112 1050 4171 sicut
1071 4118 1187 4172 mutum
1209 4110 1359 4172 hominem
1382 4109 1512 4178 dicimus,
1533 4123 1581 4166 uon

305 4212 384 4295 quod
408 4211 558 4274 locutione
580 4231 702 4294 prorsus
724 4222 838 4283 careat,
867 4212 920 4274 sed
941 4213 979 4274 ad
1001 4216 1256 4294 comparationem
1278 4210 1452 4292 eloquentis.
1494 4209 1579 4272 Dolor·

305 4335 384 4377 mem
407 4334 524 4396 quoque
547 4315 673 4378 dicimus
696 4312 789 4400 ll145
809 4311 821 4398 ll
845 4316 1010 4386 mulierem,
1039 4333 1099 4377 non
1122 4316 1201 4395 quod
1223 4317 1287 4376 sinc
1310 4315 1405 4375 iorma
1427 4319 1513 4382 esset,
1537 4307 1578 4370 sed

304 4415 381 4480 male
413 4417 537 4479 lormata
570 4426 616 4480 est
642 4420 673 4479 in
702 4421 927 4498 comparatione
958 4417 1096 4479 mulieris
1128 4418 1204 4480 bene
1237 4418 1393 4480 formatae.
1437 4411 1577 4478 Sciendum

371 4711 387 4760 ιι
405 4723 479 4775 grece
548 4711 565 4758 4
583 4704 685 4776 tonsae]
705 4717 796 4760 turiseo
883 4711 1043 4761 lacerante
1130 4712 1161 4761 1o
1178 4709 1298 4759 etlromus
1367 4707 1480 4758 aebemus
1548 4699 1572 4748 1⁶

304 4775 391 4826 thome
458 4778 554 4827 diuitur
621 4777 653 4827 21
673 4774 803 4842 superius]
823 4794 849 4842 p.
870 4780 930 4838 355,
950 4781 984 4829 13
1003 4777 1030 4826 K
1098 4780 1132 4829 26
1149 4779 1199 4828 alia
1217 4790 1255 4828 εει
1332 4778 1365 4828 29
1383 4779 1492 4827 dicuntur
1506 4783 1571 4835 cupra

303 4845 394 4894 lineam
462 4846 495 4896 82
513 4845 548 4894 dii
565 4860 646 4910 cupra
663 4846 753 4896 lineam
