3420 5450
585 375 624 427 IN
643 374 852 427 EVTYCHEM.

160 565 303 640 Sequitur
324 566 426 626 hreut's
448 569 600 626 tractatus
621 567 659 625 de
679 567 766 642 cyclo
783 565 944 642 pesehult':

155 689 314 749 herminum
338 687 473 762 pascalem
496 705 519 744 e.
543 686 596 743 xu.
622 685 672 742 131,
696 687 775 761 april.
798 705 885 761 usque
907 687 940 743 ed
962 685 1028 743 ΧΙΙΙΙ
1050 685 1101 743 kul.
1126 687 1196 744 mcii.
1219 686 1285 744 rttttt
1307 686 1369 744 lune

94 777 250 832 demonstrat
286 773 444 832 'ferminum
468 789 536 829 uero
560 773 764 846 quadragesime
787 789 809 828 a.
827 772 868 828 111
884 772 945 828 idus
968 771 1095 828 februarii
1119 773 1260 846 usquead
1284 789 1370 829 nouas

94 859 205 916 3133111.
227 856 290 914 luna
313 859 492 930 designet-
515 865 579 932 post
600 859 827 913 resurrectionem
852 857 895 913 uel
918 856 1104 914 escensionem
1127 857 1230 914 domini
1252 856 1371 933 apostoli

94 943 210 1018 quomodo
231 943 331 1017 pascha
355 942 486 1000 deberent
507 943 655 1000 obseruare
677 941 744 998 nihil
768 942 892 998 ordinere
915 949 1081 1016 potuerunt,
1104 944 1167 1017 quio
1190 959 1239 1017 per
1261 945 1372 999 uniuer-

93 1047 141 1084 sum
165 1027 292 1084 mundum
324 1027 442 1102 dispersi
470 1028 502 1086 ad
531 1026 724 1103 predicendum
752 1027 860 1084 fuerunt
888 1029 1030 1101 occupati,
1058 1027 1106 1084 sed
1134 1043 1306 1102 quacumque
1328 1028 1371 1084 die

94 1112 147 1169 11111
166 1111 227 1169 luna
249 1129 345 1170 mense
367 1113 466 1170 martio
489 1113 586 1170 fuisset
608 1112 708 1188 pascha
732 1111 911 1169 celebrabant.

161 1247 255 1307 1131315
286 1248 384 1321 ipitttr
414 1247 500 1323 11131,
537 1249 623 1308 cutus
649 1252 679 1305 et
706 1252 820 1321 tempus
847 1253 877 1306 et
903 1248 987 1306 Iocus
1019 1247 1166 1307 haetenus
1197 1249 1369 1322 tpuoretur,

93 1351 261 1411 uttctort'tete
283 1349 408 1410 odietur
429 1349 516 1410 traucl
531 1365 651 1425 paucos
671 1351 754 1409 locos
774 1347 908 1424 exemph'
932 1347 1104 1410 Turtceuu's
1124 1355 1285 1425 corruptos
1306 1365 1371 1410 eor·

92 1451 263 1526 rectorque
289 1450 653 1524 correxissemsortesse
674 1452 796 1528 plures,
824 1453 853 1511 st·
874 1453 964 1526 prius
989 1449 1067 1510 mrtrr'
1094 1453 1270 1512 innotuisset
1275 1470 1286 1520 ‚·
1320 1451 1373 1510 sed

91 1571 148 1614 ertu
168 1555 244 1612 tuter
271 1555 455 1614 emouendos
483 1554 599 1614 denum
628 1554 802 1631 typothetae
827 1569 950 1612 errores
977 1554 1041 1613 eius
1067 1551 1116 1613 ree'
1137 1555 1250 1613 certior
1267 1551 1373 1626 suetus

91 1667 185 1727 essem,
215 1656 285 1714 dum
314 1654 460 1731 temporis
488 1653 639 1730 euptuh'o's
661 1671 788 1732 premor
809 1662 838 1713 et
859 1655 1037 1730 bibliopolae
1063 1655 1263 1714 beniuolentia
1291 1654 1375 1715 ohuti

91 1760 165 1829 roto,
186 1759 331 1817 nonnula
348 1759 558 1832 praetermisi,
581 1774 660 1833 quoe
673 1759 858 1818 lecturorum
879 1759 1033 1830 superitur
1046 1773 1113 1817 eum
1128 1754 1371 1833 deprehenderit,

104 1859 177 1920 33113
195 1861 336 1932 corripet.
381 1859 550 1918 Praetereo
568 1878 602 1936 p.
628 1867 661 1933 t,
688 1865 725 1917 13
746 1875 809 1936 pro
832 1856 932 1918 ‘dies'
961 1856 1078 1919 ‘doces'
1106 1857 1262 1934 corripere,
1294 1859 1376 1934 quod

90 1962 249 2038 typothetae
269 1963 376 2022 uitium
398 1968 457 2029 351;
483 1979 516 2037 p.
540 1969 576 2040 4,
603 1968 639 2020 rt
662 1960 755 2022 uerbo
778 1958 875 2021 ‘cuitu
890 1961 962 2036 per’
985 1957 1095 2022 litteris
1117 1959 1280 2022 rectiuihus
1300 1962 1374 2020 sert·-

90 2065 196 2134 heruta;
213 2081 246 2139 p.
271 2072 299 2136 5,
327 2071 363 2122 to
385 2063 433 2124 ‘in
453 2061 581 2139 primis'
598 2080 661 2140 pro
684 2063 857 2140 ‘reprimis'
880 2062 1087 2132 scribendum
1106 2061 1135 2134 s.
1162 2069 1207 2136 13,
1233 2069 1251 2122 8
1275 2063 1377 2122 Boetit'

92 2182 161 2242 puae
181 2166 365 2240 proponitur
392 2173 525 2226 rtoturue
551 2163 687 2237 definitio
714 2167 745 2224 t'n
767 2166 867 2225 h'helto
888 2162 941 2239 qut
963 2170 1006 2224 est
1025 2171 1137 2224 contro
1160 2165 1325 2242 Eutychen
1346 2169 1375 2224 et

91 2268 244 2327 hestort'um
259 2283 329 2342 cop.
343 2267 396 2328 IV
414 2269 533 2342 tepitur,
558 2283 617 2342 quo
639 2267 757 2344 quidem
779 2269 846 2327 Ioco
868 2269 900 2326 iu
923 2273 1037 2327 uetusto
1059 2263 1166 2327 codiee
1188 2262 1375 2326 Eiocidleurt‘

91 2377 142 2428 235
158 2371 352 2444 ‘specificato'
368 2365 516 2444 scriptum
531 2375 589 2437 est;
607 2384 642 2444 p.
661 2375 709 2442 35,
729 2375 767 2428 25
782 2365 910 2442 denique
925 2386 987 2445 pro
1008 2368 1202 2442 ‘desectt'uas’
1218 2368 1374 2440 lepeuduru

92 2469 271 2545 ‘defeetiue'.

166 2573 230 2633 lou
250 2575 292 2645 si,
317 2589 397 2647 quoe
418 2571 499 2634 ratio
522 2576 601 2634 iuter
622 2571 742 2634 33311333
766 2571 833 2632 131
848 2573 878 2633 Β
899 2573 1081 2645 intercedat,
1106 2574 1283 2648 requiritur,
1308 2573 1374 2632 hre-

90 2677 160 2735 utter
181 2693 227 2734 res
249 2673 292 2734 r'ta
315 2677 470 2750 explicari
489 2675 603 2753 possit,
633 2683 666 2736 ut
685 2678 846 2736 coniuncto
869 2677 1025 2750 utrt'tuque
1046 2672 1119 2734 tr'hrt'
1141 2671 1261 2734 euctlio
1283 2689 1375 2749 quom

87 2775 213 2837 maxime
233 2777 315 2836 uobis
338 2793 415 2852 opus
435 2795 497 2839 erse
519 2779 663 2839 dieamus.
709 2777 789 2840 Nom
815 2793 883 2838 cuer
908 2773 1075 2836 Tomoioo
1097 2776 1238 2852 plurt'hus
1259 2775 1376 2835 laboret

86 2875 215 2952 13311315,
244 2876 277 2938 t'u
304 2877 412 2940 codice
439 2879 469 2939 B
495 2879 595 2941 maior
622 2878 811 2955 uinculorum
839 2879 998 2939 uerborum
1027 2875 1185 2954 corruptio
1212 2883 1266 2936 351.
1316 2876 1376 2936 Sed

87 2981 179 3056 ipsum
216 2980 269 3056 qui
307 2987 438 3044 uocetur
474 2981 584 3043 h'hrum
627 2983 823 3057 archetypum
858 2979 983 3041 minime
1018 2977 1104 3041 uetito
1142 2995 1269 3040 uacasse
1303 2976 1377 3038 iude

85 3099 259 3158 copuoscoc,
291 3085 376 3158 quod
390 3100 425 3159 p.
451 3091 497 3162 31,
525 3091 557 3143 17
580 3084 674 3144 uerbo
696 3083 802 3157 ‘quom
823 3081 999 3158 speeioles',
1030 3080 1138 3158 quihus
1167 3078 1283 3141 omissis
1310 3097 1375 3140 seu-

85 3185 177 3244 teutt'a
200 3183 524 3261 rectorumque,
548 3185 582 3246 r'u
605 3193 731 3260 utroque
752 3187 859 3245 desunt
882 3188 931 3246 uel
952 3185 1033 3261 quod
1049 3201 1084 3260 p.
1102 3191 1150 3257 35,
1178 3191 1195 3242 5
1211 3200 1274 3258 pro
1297 3181 1375 3258 ‘per'

85 3286 236 3363 utrobique
257 3287 381 3363 ‘priore'
403 3286 551 3364 seriptum
573 3294 617 3348 est
639 3286 764 3362 eh'oque
784 3289 893 3361 3333113,
921 3283 1103 3362 praesertim
1131 3301 1210 3360 quoe
1238 3285 1280 3344 ud
1308 3301 1376 3344 uer·

83 3389 184 3450 horum
208 3391 395 3451 Graecorum
411 3407 447 3466 p.
474 3398 502 3450 t.
527 3397 546 3448 5
562 3387 792 3466 propositorum
813 3384 1000 3464 scripturam
1017 3385 1183 3464 peronem.

653 3655 735 3721 Otr.
761 3654 806 3719 ΙΙ.

341 3773 402 3839 DE
424 3773 609 3842 SEDVLIO
633 3773 732 3840 EIVS
755 3773 871 3838 LIBRI
893 3771 1109 3839 AVcTORE.

158 3935 285 4007 Restat,
317 3941 351 3994 ut
378 3935 416 3992 313
444 3941 568 3994 auctore
598 3931 692 3994 lo'helto'
724 3931 847 4008 erresque
879 3930 1063 3992 uttctort'tote
1090 3947 1196 4007 peuce
1229 3929 1376 3990 dieamus.

83 4035 268 4096 h'otnt'rtotur
287 4033 388 4110 ipitrtr
409 4033 589 4095 Sedutiue
609 4034 643 4095 iu
660 4013 838 4096 1133331313νὲ
860 4035 1040 4112 upopropho
1063 4051 1159 4110 neque
1181 4030 1303 4118 deuterum
1326 4039 1378 4106 est,

83 4137 147 4212 ertio
168 4141 217 4198 ed
237 4156 309 4198 eum
331 4137 429 4214 rpsum
452 4136 618 4210 reserenda
639 4135 715 4210 siut,
740 4153 819 4212 quae
840 4137 1002 4196 Ioecherus
1025 4134 1083 4216 (cs.
1107 4137 1181 4196 huc.
1200 4135 1378 4195 Muellerum

83 4259 147 4300 uus.
169 4242 273 4302 Rhert
296 4242 365 4300 ΧΧ
385 4257 416 4314 p.
441 4235 512 4318 359)
535 4247 604 4300 tom.
628 4240 677 4298 IV
695 4257 730 4314 p.
750 4246 809 4298 173
830 4236 1087 4314 commemorauit,
1111 4235 1206 4297 etium
1229 4237 1379 4311 quendam

85 4343 231 4404 houthem
262 4343 390 4403 Scotum
419 4339 539 4414 eripere
567 4357 587 4400 e
614 4338 716 4402 Coelio
742 4340 868 4402 Seduh'o
893 4349 988 4417 poeto
1019 4337 1193 4400 Christiano
1226 4337 1379 4399 utuersum

83 4445 236 4522 scripture
267 4445 504 4507 ‘collectaneum
526 4442 560 4504 r'u
583 4459 683 4504 omues
710 4442 856 4520 epistotae
882 4441 973 4504 Pouh'
1001 4441 1071 4501 eS.
1100 4438 1271 4517 Potrt'htu’,
1300 4441 1382 4516 quood

86 4551 248 4622 optuculum
267 4547 303 4609 iu
320 4545 502 4608 ht'oliotheru
516 4547 642 4606 Petrum
657 4552 790 4622 exteret,
812 4544 882 4605 ¹item
898 4547 1121 4604 ‘collectaneum
1136 4541 1169 4602 iu
1183 4543 1380 4619 Mortuerum,

87 4650 366 4727 expositionem
399 4648 437 4708 t'u
466 4645 628 4724 primum
664 4645 871 4708 editiorem
900 4645 1056 4720 heneti,
1090 4642 1381 4706 commentarios

90 4753 254 4815 inertem
283 4749 485 4829 Eutycht't',
516 4767 590 4826 opus
618 4751 656 4809 de
678 4745 826 4823 recimere
844 4746 1021 4826 principum
1044 4750 1081 4808 313
1103 4744 1272 4808 rectoribus
1295 4744 1380 4807 erre·-

90 4853 184 4918 uranu
204 4867 233 4919 31
255 4852 515 4918 conuenientibus
536 4849 665 4927 repulit,
691 4849 798 4927 quihus
812 4849 985 4927 respuhh'co
1000 4849 1060 4911 rt'te
1074 4851 1286 4925 pubertatur',
1303 4865 1382 4926 quoe
