3394 5448
307 331 372 394 214
712 331 948 384 contimtum
965 329 1210 383 ulusluunnsu

446 445 449 456 .
1411 481 1416 487 Ι
1660 424 1661 481 p

304 529 334 583 et
356 521 485 583 uerbum
506 520 582 582 hene
604 521 704 600 posuit
725 521 923 600 perticipium.
947 521 1014 599 quia
1037 537 1072 580 er
1091 527 1218 600 utroque
1233 518 1379 600 procedit.
1413 511 1588 581 ’Eoiuowon

303 625 334 683 in
358 625 513 710 participio
536 631 595 684 non
618 630 676 692 est,
703 625 772 704 quia
795 624 825 682 in
849 623 968 683 numine
991 623 1154 703 praecessit
1174 641 1272 702 neque
1295 639 1455 684 commune
1476 621 1585 683 duorum

304 743 457 805 generum.
502 725 579 786 Sunt
594 731 704 786 eutem
732 725 763 785 iu
790 725 947 805 participio
976 742 1028 784 sex
1056 742 1156 794 ossus,
1182 726 1265 794 sicut
1287 733 1317 785 et
1339 725 1370 784 iu
1393 723 1519 786 nomine.
1558 725 1586 786 Et

304 827 473 896 sciendum,
503 829 570 907 quie
598 812 742 907 nusquam
773 827 803 887 in
832 826 989 907 participio
1017 825 1117 887 deficit
1144 844 1244 895 cesus,
1272 828 1349 889 sieut
1376 827 1406 886 iu
1431 826 1544 887 nornine
1563 835 1586 886 et

202 947 252 995 ono,
266 947 291 986 ro
305 931 481 1008 pronomine
498 929 605 994 defluit.
636 927 701 990 iiie
716 928 861 1008 legens,
886 929 932 989 uir
948 928 1040 989 uenit
1070 925 1187 989 Huius
1202 927 1374 1008 legentis,
1392 929 1451 990 uiri
1465 925 1537 988 iiber
1549 937 1605 990 ests

202 1049 252 1099 eos,
267 1050 291 1089 or
305 1032 371 1091 iste.
402 1033 423 1092 Α
441 1030 647 1110 deponenti
662 1031 753 1100 trie,
777 1031 931 1110 partieipia
955 1031 1096 1100 ueniunt;
1119 1037 1243 1111 propter
1258 1047 1379 1092 sensum
1403 1031 1491 1091 actiui
1511 1029 1587 1091 hehet
1661 1013 1662 1026 ἢ

305 1132 364 1193 duo
384 1134 559 1212 participis,
588 1151 730 1212 praesens
752 1141 782 1193 et
805 1131 952 1202 futurum,
982 1140 1014 1193 ut
1035 1131 1160 1211 ioqueus
1182 1131 1349 1201 locuturus:
1379 1140 1502 1212 propter
1522 1131 1587 1193 iitte·

306 1244 438 1296 retorem
467 1235 576 1311 pessiui
605 1233 694 1295 hehet
722 1252 814 1295 unum
838 1235 1027 1314 participium
1050 1236 1204 1314 praeteriti
1226 1235 1386 1315 temporis,
1416 1242 1449 1295 ut
1470 1233 1586 1302 iorutus;

203 1335 496 1414 eoe‚rs‘ioquendus'
521 1355 580 1397 non
604 1334 705 1403 hehet.
730 1336 782 1397 sed
806 1338 903 1416 potius
926 1354 1035 1398 nomen
1058 1345 1112 1398 est.
1157 1337 1391 1399 Aeommuni
1413 1343 1587 1415 quattuor,
1662 1340 1663 1422 1

306 1440 372 1519 quio
389 1438 445 1499 sub
461 1457 517 1499 une
538 1438 703 1500 litterature
723 1437 813 1500 hahet
832 1440 960 1500 echuum
984 1457 1104 1501 sensum
1128 1447 1158 1500 et
1180 1441 1348 1518 passiuum;
1371 1455 1406 1499 ee
1429 1445 1519 1517 perte,
1540 1452 1615 1517 quau

307 1531 435 1601 uotiuum
460 1547 518 1609 est,
545 1538 633 1608 hehet
655 1539 713 1600 duo
737 1541 890 1621 partieipia
894 1585 1583 1602 .....................

752 1843 814 1926 [nn
836 1845 1162 1927 rnnnrosrrronm

394 2079 517 2166 1113111
541 2082 614 2143 Villa
643 2082 751 2145 dieitur
777 2102 794 2145 e
823 2082 916 2154 uallo,
946 2085 976 2143 ·i·
1000 2102 1016 2145 a
1043 2084 1129 2145 iesse.
1174 2085 1294 2164 Antiqui
1321 2085 1417 2155 enim,
1447 2093 1590 2165 antequem

307 2185 454 2247 heberent
467 2186 613 2255 ciuitates,
637 2183 756 2254 uatium,
782 2187 811 2244 ·i·
829 2185 1032 2255 munitionem,
1057 2185 1205 2247 iaciebant
1227 2203 1262 2246 ex
1285 2185 1359 2265 pelis
1374 2193 1404 2246 et
1420 2187 1510 2248 iossu:
1532 2183 1591 2246 inde

206 2286 515 2355 sumoninaunuur.
549 2289 642 2349 Ante
664 2286 783 2358 aedes,
806 2286 1111 2349 discurritseoerdos.
1149 2288 1239 2349 Aedis
1252 2289 1284 2348 in
1306 2288 1508 2366 singularitute
1529 2296 1620 2348 tem-u

309 2391 392 2471 pium
414 2389 539 2460 dieitur,
563 2389 651 2451 aedes
674 2407 747 2450 uero
770 2388 923 2470 piureiiter
945 2390 1050 2451 domos
1072 2390 1121 2451 uei
1143 2390 1324 2451 munitiones
1346 2390 1507 2468 significan
1533 2385 1592 2449 inde

310 2492 414 2554 sedilis
442 2491 552 2553 dieitur
579 2499 680 2552 eustos
708 2491 818 2570 tempii.
863 2491 945 2553 idem
973 2501 1019 2554 est
1046 2501 1076 2553 et
1103 2493 1239 2554 aedituus
1266 2499 1298 2552 et
1324 2487 1374 2552 ilis
1404 2509 1453 2552 res
1474 2489 1594 2552 aedilitas
1664 2477 1665 2514 ³

208 2613 258 2662 eoo,
272 2613 296 2653 ιτ
311 2593 429 2654 dicitur.
473 2591 678 2655 Aduersum
701 2594 892 2661 inimicos,
916 2594 998 2655 uodit
1013 2613 1076 2656 rex.
1107 2593 1271 2657 Aduersum
1289 2601 1318 2654 et
1332 2604 1437 2656 contre
1452 2593 1528 2654 idem
1542 2602 1593 2660 est:

310 2698 422 2758 amicus
451 2695 559 2756 dicitur
586 2696 671 2776 quasi
700 2694 792 2756 enimi
819 2702 934 2764 custos,
964 2695 1032 2757 inde
1060 2697 1210 2767 inimicus,
1242 2698 1272 2757 ·i·
1300 2712 1360 2756 non
1382 2695 1503 2757 amicus.
1544 2693 1594 2755 Cis

311 2798 492 2869 Rhenum,
509 2805 553 2858 est
569 2799 673 2858 ciuitas
687 2796 854 2875 hingontiee
871 2798 899 2856 ·i·
924 2796 960 2857 de
975 2798 1031 2859 iste
1053 2806 1148 2878 parte.
1192 2796 1314 2859 Rhenus
1336 2806 1382 2859 est
1403 2797 1510 2858 iluuius
1529 2795 1623 2856 diui-u

311 2900 385 2960 dens
407 2898 530 2960 Goiliem
559 2908 589 2960 et
610 2899 809 2960 Germaniam.
854 2899 903 2960 Cis
932 2907 961 2959 et
988 2899 1063 2960 uitro
1092 2899 1170 2960 idem
1199 2907 1281 2969 sunt,
1312 2899 1364 2961 sed
1387 2900 1420 2959 in
1442 2898 1497 2959 hoo
1522 2897 1595 2958 (11111-

312 3009 398 3072 runt‚
420 3000 498 3081 quod
514 2999 580 3060 ‘eis’
596 3002 725 3080 propriis
747 2999 918 3062 nominihus
941 3002 1086 3064 montium
1102 3002 1150 3063 uei
1165 3001 1320 3064 ilumiuum
1343 3001 1484 3081 iungitur,
1506 3000 1593 3061 ‘eitra’

210 3125 259 3173 seo,
273 3125 296 3165 rr
311 3120 385 3165 uero
400 3100 600 3183 eppeiietiuis,
618 3110 651 3162 ut
669 3101 762 3163 eitra
785 3103 798 3162 i
802 3121 917 3170 orum,
937 3104 966 3162 ·i·
989 3103 1025 3163 de
1048 3105 1103 3164 iste
1127 3112 1220 3184 parte.
1266 3102 1377 3165 Forum
1401 3102 1593 3183 appeliatiuum

312 3217 357 3266 est
379 3211 409 3264 et
430 3212 475 3264 est
496 3203 580 3264 iocus
610 3203 745 3282 publicus
774 3202 819 3264 uei
850 3211 1026 3274 mereatum,
1057 3205 1108 3266 uhi
1136 3204 1272 3266 homines
1298 3223 1350 3266 sue
1380 3205 1497 3283 negotia
1522 3223 1592 3265 exer·

312 3315 390 3368 cent.
421 3305 582 3366 Menenium
599 3315 697 3366 erotem
712 3305 820 3366 dieitur
836 3324 850 3366 a
868 3308 1064 3368 commerciis.
1102 3308 1247 3369 Circum
1272 3307 1438 3375 uicinos,
1462 3305 1621 3383 benignus

313 3417 358 3469 est
384 3409 449 3468 iste.
499 3407 620 3469 Circum
649 3413 678 3467 et
705 3407 783 3468 cirea
813 3414 843 3467 et
871 3424 942 3485 erga
974 3408 1053 3470 idem
1081 3417 1165 3479 sunt;
1199 3410 1290 3471 uicini
1317 3427 1334 3470 e
1362 3411 1431 3469 uico
1459 3408 1593 3470 dicuutur.

313 3511 419 3573 Circe
444 3508 632 3589 tempium,
650 3507 763 3570 domiui
778 3517 823 3569 est
836 3507 1002 3589 peribolum
1021 3513 1050 3569 ·i·
1067 3529 1180 3572 murus.
1218 3508 1373 3591 Templum
1396 3509 1503 3571 dieitur
1523 3509 1594 3587 quasi

314 3621 424 3674 teotum
448 3609 590 3691 empium.
706 3611 805 3672 ilostis
827 3609 944 3681 dicitur,
969 3630 1004 3672 eo
1027 3612 1105 3692 quod
1128 3614 1250 3673 iustere
1272 3613 1327 3673 init
1349 3611 1474 3674 beilum:
1497 3611 1593 3672 hostire

315 3715 394 3774 enim
412 3712 540 3774 dicimus
555 3729 699 3792 eequare;
723 3712 792 3773 hinc
810 3712 974 3773 hostorium
993 3711 1102 3776 dicitur
1118 3711 1246 3791 iignum,
1266 3731 1325 3793 quo
1342 3715 1489 3775 sextarius
1503 3729 1593 3791 aequu-

212 3825 372 3889 se5,1otur.
417 3814 511 3893 Erga
539 3815 791 3894 propinquos,
822 3814 980 3876 beniuolus
1008 3819 1147 3876 estiste.
1191 3814 1621 3884 Extraterminonnonu

314 3915 403 3978 dehet
416 3919 461 3977 ire
476 3914 649 3977 monachus.
679 3914 784 3978 Menos
798 3934 876 3977 unus
891 3916 1063 3995 singularis:
1087 3915 1157 3980 inde
1174 3918 1346 3979 monachus.
1376 3917 1480 3977 inter
1495 3931 1592 3976 naues

316 4014 436 4100 1113211
459 4025 539 4078 nutet
565 4019 705 4098 piscator.
749 4017 830 4079 Nuus
857 4015 970 4079 Graece
999 4021 1083 4080 nauis
1110 4019 1221 4081 Latine.
1266 4018 1338 4080 inde
1366 4036 1476 4081 nausea
1502 4017 1593 4078 dicitur

316 4122 452 4190 uomitus,
476 4120 527 4200 qui
541 4121 574 4181 iit
588 4127 711 4200 propter
726 4121 883 4182 sentinam.
922 4121 1042 4182 Sentinu
1058 4129 1156 4182 eutem
1180 4128 1226 4181 est
1247 4138 1322 4201 aqua
1346 4119 1457 4182 ioetidu
1478 4117 1506 4180 iu
1527 4118 1592 4179 noui.

315 4222 419 4284 lutra
442 4223 603 4293 moenia,
625 4221 738 4284 scribo:
771 4221 887 4283 moenio
910 4221 1051 4284 dicuntur
1073 4241 1089 4284 a
1113 4222 1205 4283 uerbo
1229 4224 1330 4285 munio
1354 4223 1383 4282 ·i·
1410 4223 1507 4292 firmo,
1528 4217 1593 4300 quod

387 4539 623 4597 ῙΕΠΙΚΟΕΝωΝ
710 4547 851 4610 ipresens
957 4546 985 4595 11
1005 4543 1057 4594 duo
1076 4541 1223 4612 partieipia]
1249 4547 1311 4597 Pori
1327 4545 1391 4597 haee
1407 4543 1594 4612 sepuitorem

319 4615 415 4664 Donati
431 4616 517 4663 lemma
535 4613 598 4661 erim
615 4632 650 4656 =
667 4613 815 4674 criminans,
833 4613 868 4676 ef.
888 4613 954 4664 Don.
973 4630 998 4678 ρ.
1013 4615 1076 4674 3⁶3,
1089 4615 1137 4672 29,-
1154 4615 1247 4665 deinde
1264 4615 1362 4680 aliquoi
1376 4614 1494 4678 folior-rm
1509 4614 1594 4662 indura

315 4682 390 4745 faeta
405 4697 434 4746 p.
454 4683 506 4731 131
522 4682 613 4745 incipit
630 4681 663 4732 uh
680 4682 843 4746 expositione
863 4681 958 4732 Donati
973 4683 1102 4744 temnetis,
1121 4684 1191 4749 quoii
1206 4690 1247 4733 est
1263 4683 1333 4749 epud
1350 4681 1438 4732 uilium
1455 4697 1481 4746 p.
1500 4681 1553 4738 ³⁶⁵,
1568 4677 1594 4724 ii

317 4751 351 4799 20
368 4763 456 4798 renum
530 4750 562 4799 21
581 4749 646 4798 idem
666 4761 705 4799 est
781 4750 815 4799 24
832 4751 987 4800 commertiis
1089 4751 1123 4800 28
1140 4749 1254 4816 emplum
1287 4751 1385 4802 Donati
1400 4753 1495 4802 lenm:
1520 4755 1593 4796 ooutru

317 4815 419 4866 hostem
436 4817 540 4882 eiusque
556 4817 735 4882 interpretatio
753 4817 892 4869 intereidit.
976 4820 1009 4870 33
1027 4815 1106 4867 ietido
1192 4814 1367 4884 34111ωο
