3394 5448
295 393 425 443 ccxmv
712 383 761 433 ut:
780 381 966 434 amassem
983 383 1088 434 ARTE.

376 568 416 629 In
434 568 516 643 solio
543 571 674 632 seeundo
701 571 739 630 de
762 569 994 648 praepositione
1021 575 1065 633 ito
1094 570 1210 648 opttor,
1239 580 1272 632 ut
1293 580 1322 632 et
1344 575 1375 632 in
1398 571 1485 633 initio
1507 579 1535 632 ει
1554 577 1582 634 io

289 675 350 745 fiae
371 675 518 734 nonnullo
539 670 760 746 desiderentur,
790 671 843 748 qui
865 673 1023 748 troo'totua
1056 676 1128 750 quio
1148 673 1296 751 exemptis
1317 691 1357 734 ex
1383 673 1471 735 tibris
1492 674 1584 736 saeris

286 777 392 850 petitas
413 783 526 852 scatet,
554 777 599 835 od
625 775 841 836 illantrondum
870 775 1039 851 Smoropdi
1064 793 1177 836 morem
1205 779 1377 854 aptissimos
1402 775 1479 838 satos
1505 777 1584 838 nolis

292 876 402 949 stipans
423 875 507 938 otas
528 884 580 952 est,
604 893 689 952 emm
711 884 805 938 totum
827 880 906 955 typis
926 879 1151 940 mandaremus.

376 1028 427 1089 iol.
450 1028 511 1090 lla.
525 1078 533 1092 .
547 1078 575 1093 ..
603 1032 684 1091 mina
706 1039 824 1091 transeo
849 1038 878 1090 et
899 1029 1017 1107 quando
1041 1048 1090 1091 eas
1119 1031 1247 1093 uerbum
1274 1030 1417 1111 sequltur,
1446 1030 1582 1091 aduerbia

290 1115 373 1174 liunt.
419 1115 561 1177 ‘Circum’
584 1117 720 1194 quamuis
743 1117 781 1177 sit
802 1116 996 1195 praepositio,
1025 1124 1070 1176 εει
1097 1123 1196 1178 tamen
1225 1125 1255 1176 et
1277 1134 1395 1178 nomen.
1440 1115 1579 1177 ‘Circum'

292 1208 320 1259 et
343 1202 447 1261 ‘eirca'
471 1203 706 1282 praepositiones
728 1218 818 1260 unum
847 1201 1015 1276 significant
1036 1211 1066 1261 et
1089 1219 1189 1263 casum
1212 1200 1334 1262 tralrunt
1355 1219 1474 1280 semper
1496 1219 1579 1262 aeeu-

291 1286 417 1346 satiuum
441 1285 497 1346 hoe
520 1285 622 1348 modo:
646 1286 782 1347 ‘circum'
805 1283 854 1346 uel
877 1285 968 1346 ‘eirea
992 1285 1075 1364 (ergo
1096 1287 1174 1366 eod.)
1197 1288 1410 1366 propinquum'
1431 1285 1480 1347 uel
1502 1290 1579 1366 ‘pro-

290 1371 418 1449 pinquos
441 1369 588 1433 humanus
610 1375 697 1432 sum'.
743 1370 852 1432 ‘Circa'
876 1379 921 1431 est
941 1372 1140 1450 praepositio:
1162 1380 1207 1432 est
1223 1379 1252 1432 et
1267 1369 1394 1432 uerbum
1410 1372 1578 1451 imperatiui

290 1455 384 1526 modi,
409 1465 453 1516 est
476 1465 505 1517 et
527 1456 701 1521 adnerbium
724 1453 790 1525 loei,
813 1455 864 1516 sed
895 1455 1012 1535 quando
1040 1457 1220 1535 praepositio
1248 1465 1308 1526 est,
1336 1475 1439 1526 casum
1466 1473 1582 1535 semper

290 1539 381 1602 trahit
395 1543 606 1613 aecusatiuum,
629 1539 772 1602 utillud:
797 1541 888 1602 ‘eirea
911 1539 994 1602 illum
1016 1557 1126 1602 eorona
1149 1541 1296 1603 iratrum'.
1343 1542 1476 1602 ‘Contra’
1500 1557 1582 1618 prae-

290 1626 397 1704 positio
420 1645 539 1706 semper
562 1627 742 1688 eontrarium
766 1625 911 1704 signilioat
939 1634 969 1685 et
997 1643 1097 1686 casum
1120 1644 1239 1706 sempor
1261 1625 1350 1686 trahit
1371 1627 1581 1694 aecusatiuum,

292 1710 496 1789 singulariter,
532 1721 565 1773 ut
591 1711 678 1773 illud:
715 1713 756 1772 ‘at
784 1728 838 1770 uos
866 1719 969 1770 contra
998 1730 1045 1772 me
1075 1712 1261 1789 erigimini':
1280 1709 1448 1792 pluraliter:
1477 1710 1581 1772 ‘multo

290 1802 424 1874 tempore
447 1800 591 1875 pugnauit
611 1797 694 1858 lesus
717 1803 820 1857 eontra
843 1794 944 1856 hostes
972 1798 1067 1858 istos’.
1112 1797 1227 1857 ‘Extra’
1256 1797 1435 1875 praepositio
1463 1813 1583 1856 aeousa·

290 1879 382 1941 tinum
408 1880 497 1942 trahit
518 1899 637 1960 semper
666 1899 784 1950 casum,
813 1879 1016 1958 singulariter:
1046 1881 1089 1942 ‘et
1116 1882 1277 1943 educentes
1305 1899 1371 1944 aum
1402 1888 1484 1943 extra
1514 1881 1583 1942 ciui-

289 1971 379 2026 tatem
403 1965 600 2046 lapidabant’;
623 1965 791 2046 pluraliter:
816 1967 912 2027 ‘extra
928 1982 1092 2046 synagogas
1115 1968 1224 2029 facient
1245 1969 1322 2027 uos'.
1368 1966 1472 2027 ‘lutra’
1495 1983 1581 2046 prae·

288 2053 400 2126 positio
424 2060 469 2111 εει
492 2050 617 2112 uerbum
640 2053 810 2132 imperatiui
832 2048 912 2110 modi
936 2059 966 2111 et
987 2050 1163 2113 aduerbium
1185 2050 1257 2122 loci,
1286 2058 1331 2112 ut:
1360 2052 1448 2112 ‘intra
1471 2051 1582 2113 sedeo’.

289 2133 413 2203 Quando
436 2143 534 2197 autem
556 2139 739 2217 praepositio
762 2145 815 2206 est,
839 2153 939 2196 casum
960 2136 1052 2197 trahit
1067 2137 1267 2199 aecusatiuum
1290 2136 1348 2196 hoe
1369 2136 1471 2198 modo:
1495 2137 1582 2196 ‘intra

291 2237 393 2281 minos
417 2230 446 2282 et
467 2223 545 2282 intra
575 2222 689 2283 moenia
714 2221 831 2299 (menia)
861 2220 942 2282 urbis
970 2226 1097 2282 uersor'.
1142 2221 1246 2283 ‘lnlra'
1269 2222 1449 2302 praepositio
1470 2231 1503 2282 et
1524 2222 1582 2281 sin·

287 2303 418 2382 gularem
450 2306 497 2385 (m.
522 2308 544 2367 I
568 2307 768 2386 singulariter)
799 2314 829 2367 et
856 2304 1000 2382 pluralem
1028 2306 1119 2368 trahit
1145 2325 1245 2368 easum
1275 2306 1332 2367 too
1359 2305 1460 2368 modo:
1497 2306 1582 2366 ‘inira

247 2389 249 2399 '
286 2395 410 2452 testum'
435 2401 464 2452 et
485 2391 574 2453 ‘inira
597 2401 673 2453 testa
696 2396 784 2452 sum’.
836 2390 942 2451 ‘later’
970 2390 1115 2471 pluralem
1144 2401 1257 2452 tantum
1287 2390 1377 2451 trahit
1405 2409 1522 2464 casum,
1552 2401 1584 2450 nt

286 2473 375 2548 illud:
401 2481 441 2536 ‘et
463 2478 541 2537 inter
564 2475 699 2537 homines
722 2484 917 2537 conuersatus
941 2482 1008 2548 est',
1032 2477 1089 2537 nisi
1111 2477 1189 2538 lorte
1211 2476 1268 2536 duo
1292 2479 1413 2538 nomina
1435 2493 1531 2556 ponas
1554 2487 1584 2536 et

286 2561 379 2622 dieas:
409 2564 503 2622 ‘inter
530 2561 643 2622 caelum
673 2563 745 2640 (ee-l
780 2569 810 2622 et
843 2569 953 2622 terram
985 2561 1116 2622 habito'.
1168 2561 1287 2622 ‘quta'
1322 2570 1365 2622 est
1398 2563 1580 2641 praepositio

285 2649 485 2708 aecusatiuum
510 2664 610 2708 casum
633 2645 753 2708 trahens
776 2646 832 2706 hoe
854 2645 956 2707 modo:
981 2647 1071 2707 ‘iuxta
1094 2646 1199 2708 altare'
1223 2655 1253 2706 ει
1274 2647 1367 2708 ‘iuxta
1383 2645 1485 2706 altaria
1503 2648 1579 2706 ero'.

284 2729 336 2790 Est
367 2739 396 2790 et
422 2731 596 2792 aduerbium
626 2731 682 2794 loei
711 2749 766 2811 pro
794 2734 911 2811 ‘prope’
941 2733 1081 2811 positum.
1128 2731 1197 2793 ‘Ob'
1225 2733 1408 2810 praepositio
1430 2740 1459 2792 et
1479 2732 1582 2809 singu·

284 2814 386 2876 lariter
410 2823 439 2877 et
461 2815 618 2896 pluraliter
641 2817 841 2877 aecusatiuum
865 2817 955 2877 tralrit
982 2833 1081 2877 casum
1111 2816 1168 2877 lroo
1196 2815 1297 2876 modo:
1327 2815 1378 2876 ‘ob
1400 2815 1583 2876 defensionis

284 2905 414 2962 eausam'
439 2913 469 2961 et
490 2901 540 2961 ‘ob
564 2902 744 2962 ‹leiensionis
766 2919 871 2963 causas
894 2900 929 2961 ad
953 2901 1105 2981 publicum
1128 2903 1224 2965 exeo'.
1270 2901 1374 2961 ‘Pone'
1398 2889 1583 2980 praepositio

283 3005 377 3066 prope
399 2990 450 3062 (on
473 2989 532 3062 lep.
557 2987 680 3066 probel)
703 2985 884 3066 intellegitur
914 2995 1038 3048 accentu
1061 2994 1188 3058 mutato,
1218 3003 1255 3045 ne
1284 2985 1409 3046 uerbum
1438 3003 1507 3047 esse
1528 2987 1582 3046 im·

283 3072 411 3150 peratiui
434 3071 514 3132 modi
536 3073 730 3141 existimetur,
762 3081 791 3133 et
813 3090 912 3132 casum
937 3070 1026 3132 trahit
1048 3072 1248 3132 accusatiuum
1271 3073 1327 3131 hoe
1355 3069 1456 3132 modo:
1487 3073 1579 3151 ‘pone

283 3155 425 3218 tribunal’
451 3163 479 3217 et
500 3158 591 3237 ‘pone
607 3154 763 3218 tribunalia
785 3155 900 3218 sedeo'.
940 3157 1020 3216 ‘Per'
1046 3157 1226 3236 praepositio
1241 3173 1360 3236 semper
1376 3158 1579 3218 aecusatiuum

283 3241 374 3302 trahit
401 3260 501 3303 casum
530 3240 734 3319 singulariter,
766 3251 810 3302 ut:
840 3245 906 3321 ‘per
934 3249 1044 3301 memet
1072 3241 1168 3320 ipsum
1196 3243 1297 3302 iurans
1324 3241 1396 3302 dieit
1417 3241 1579 3310 dominus’,

282 3325 454 3405 pluraliter:
484 3328 526 3387 ‘et
555 3329 718 3388 reeensiuit
745 3345 797 3387 eos
824 3345 878 3404 per
906 3326 1009 3386 domos
1038 3334 1068 3387 et
1094 3325 1243 3388 iamilias’.
1288 3325 1437 3405 ‘Propter’
1462 3336 1508 3387 est
1531 3326 1582 3386 ad-

284 3411 422 3472 nerbium
451 3410 524 3481 loci,
559 3420 592 3472 ut
620 3411 705 3473 illud:
740 3412 832 3472 ‘iuxta
860 3410 1000 3489 angulum
1030 3419 1060 3471 et
1087 3421 1211 3491 propter
1244 3411 1323 3472 uiam
1357 3412 1462 3472 domus
1497 3411 1580 3472 illius

282 3497 439 3572 graditur’.
482 3496 534 3557 Est
557 3507 585 3557 et
608 3498 787 3578 praepositio
811 3499 1011 3558 aecusatiuum
1035 3513 1153 3574 semper
1169 3495 1291 3558 trahens
1306 3514 1406 3557 easum
1422 3497 1581 3574 utriusque

283 3579 420 3663 (utrique)
452 3583 583 3654 numeri,
614 3591 646 3642 ut
674 3581 762 3644 illud:
793 3587 930 3662 ‘propter
959 3582 1066 3642 iratres
1095 3598 1177 3643 meos
1206 3590 1236 3643 et
1256 3583 1408 3660 proximos
1429 3599 1514 3643 meos
1537 3581 1580 3642 lo·

280 3667 395 3745 quebar
422 3685 524 3746 paoem
554 3667 590 3728 de
619 3671 670 3738 ιε’,
701 3670 835 3748 ‘propter
862 3667 983 3728 domum
1011 3665 1123 3727 domini
1151 3667 1199 3728 dei
1220 3668 1315 3728 nostri
1338 3668 1470 3746 quaesiui
1500 3665 1580 3727 hona

282 3751 356 3812 tibi’.
402 3751 597 3814 ‘Secundum'
621 3755 802 3833 praepositio
824 3769 943 3833 semper
966 3752 1169 3813 aecusatiuum
1192 3749 1282 3813 trahit
1297 3770 1397 3812 casum
1420 3753 1579 3831 utriusque

280 3839 406 3906 numeri,
431 3836 571 3898 utillud:
603 3837 778 3899 ‘seeundum
800 3855 909 3898 nomen
933 3847 1014 3898 tuum
1038 3836 1113 3898 deus
1135 3837 1174 3897 ita
1197 3845 1226 3898 et
1248 3836 1313 3899 laus
1336 3840 1410 3908 tua',
1433 3845 1464 3897 et
1485 3834 1578 3897 illud:

281 3921 399 3983 ‘reddet
422 3921 495 3984 deus
519 3925 679 4001 unicuique
701 3923 865 3984 seeundum
888 3939 977 4001 opera
999 3924 1074 3987 sua’
1119 3920 1213 3984 ‘Post'
1235 3923 1416 4001 praepositio
1439 3920 1579 3982 similiter

280 4010 435 4088 utriusque
463 4009 579 4077 numeri
608 4009 699 4069 trahit
727 4025 825 4078 casus,
856 4006 1052 4085 singularem,
1081 4005 1230 4068 utillud:
1261 4012 1312 4068 ‘en
1340 4009 1395 4066 iste
1423 4014 1481 4066 stat
1510 4013 1578 4085 post

280 4095 423 4173 parietem
447 4097 605 4162 nostrum’,
629 4093 797 4170 pluraliter:
820 4094 900 4172 ‘post
921 4091 992 4152 deos
1008 4092 1121 4153 alienos
1136 4111 1196 4154 non
1217 4090 1324 4153 ibitis?
1368 4090 1488 4152 Transit
1503 4109 1578 4152 uero
1683 4085 1684 4120 ³

280 4177 435 4258 aliquoties
463 4179 493 4238 in
521 4177 658 4239 aduerbii
686 4179 930 4257 significationem
959 4177 1016 4237 hoe
1048 4176 1153 4239 modo:
1186 4179 1266 4257 ‘post
1292 4177 1410 4238 eurrit’
1453 4175 1576 4236 ‘Trans'

279 4280 398 4343 semper
420 4263 620 4324 aecusatiuum
645 4281 743 4324 casum
768 4262 857 4324 trahit
883 4264 1039 4340 utriusque
1067 4263 1198 4332 numeri,
1230 4261 1403 4341 singularis,
1431 4258 1576 4322 utillud:

279 4346 363 4409 ‘abiit
385 4348 467 4409 lesus
490 4355 572 4410 trans
596 4366 678 4409 mare
701 4345 858 4418 Galileae';
888 4345 1043 4427 pluraliter
1066 4347 1201 4408 similiter
1230 4347 1330 4410 dicere
1353 4345 1461 4408 debes:
1490 4345 1578 4406 ‘abiit
1683 4341 1684 4400 l

278 4442 360 4494 trans
383 4434 485 4514 maria,
506 4441 588 4494 trans
602 4443 707 4514 portus
722 4431 857 4513 (portos)’
881 4440 910 4494 et
925 4431 1041 4494 similia.
1058 4429 1069 4514 ΙΙ
1086 4433 1104 4492 l.
1122 4428 1166 4492 lll
1180 4429 1193 4514 ΙΙ
1209 4431 1460 4512 Frequentissime
1474 4439 1576 4493 autem

279 4518 374 4580 uerbo
397 4517 551 4589 adhaeret,
575 4527 607 4579 ut
636 4526 789 4580 transnato
817 4527 937 4579 transeo
965 4517 1129 4578 transuolat
1157 4519 1263 4578 transit
1291 4527 1421 4579 transeo.
1465 4517 1575 4578 ‘Vltra’

280 4622 346 4664 eum
370 4605 552 4684 praepositio
575 4613 627 4673 est,
652 4605 851 4664 accusatiunm
876 4621 996 4682 semper
1018 4601 1109 4664 trahit
1130 4620 1231 4665 oasam
1253 4604 1409 4684 utriusque
1439 4602 1575 4668 numeri:

277 4687 466 4765 singulariter
481 4688 580 4750 dicere
596 4688 701 4750 debes:
726 4688 813 4749 ‘ultra
830 4690 965 4756 llumen’,
989 4686 1142 4768 pluraliter
1163 4687 1252 4749 ‘ultra
1268 4687 1412 4758 flumina,
1435 4685 1575 4748 utillud:

277 4773 365 4835 ‘ultra
389 4773 508 4834 llnmina
531 4771 703 4852 Aethiopiae
727 4773 875 4854 (etlriopie)
898 4772 968 4833 inde
990 4773 1140 4852 supplices
1162 4774 1242 4834 mei'.
1281 4773 1403 4834 Ponitur
1424 4780 1524 4832 autem
1543 4781 1574 4831 et

275 4877 329 4938 pro
353 4857 494 4918 aduorbio
510 4858 637 4925 infinito:
654 4859 772 4936 ponitur
789 4867 817 4918 et
832 4878 885 4938 pro
902 4857 958 4918 loci
974 4857 1132 4929 aduerbio;
1148 4860 1268 4938 ponitur
1284 4869 1313 4918 et
1328 4876 1383 4936 pro
1401 4855 1572 4936 ‘amplius';
