3420 5450
296 392 356 438 XVI
713 376 762 425 Du
781 376 903 426 LIBRIS
922 373 1179 425 IIIIRNENSIBVS.

293 557 424 637 Quorut'a
446 580 524 640 puae
546 566 577 624 in
598 565 722 623 anatra
738 564 1006 638 praecerpuntur,
1036 563 1210 622 hexametri
1235 563 1383 638 dactylici
1402 579 1465 624 esse
1487 563 1591 623 andetr-

293 675 344 728 tur
371 684 468 743 neque
494 683 555 726 non
582 666 709 724 alterius
735 666 841 724 interis
866 680 943 739 pars
964 667 1121 740 superior.-
1151 671 1254 724 cetera
1282 665 1407 724 nomina
1436 667 1592 725 octonario

293 770 450 830 trochaico
472 767 679 842 conprehendi
698 766 829 840 diceres,
853 767 882 824 si
902 767 980 825 illud
1001 767 1081 840 ‘que’
1106 768 1231 826 deesset.
1276 765 1355 826 Nam
1373 767 1512 842 pedestri
1531 781 1592 825 ser-

292 887 380 931 mone
401 871 457 930 illa
478 870 601 928 uomina
623 869 798 927 enumerari
817 867 885 926 ideo
907 868 1004 926 minus
1026 869 1150 942 medas,
1181 870 1338 943 quianon
1360 869 1464 927 eodeni
1486 869 1593 928 ordine

292 974 323 1032 in
350 975 416 1049 ipso
442 971 521 1030 libro
548 970 665 1045 scripta
693 975 772 1028 sunt.
826 970 934 1028 Versus
961 969 1042 1044 ipsos
1068 971 1149 1028 mate
1175 972 1348 1046 conpositos
1374 985 1438 1029 esse
1465 975 1592 1029 nonest

291 1074 375 1149 quad
394 1087 541 1132 moneam.

376 1175 413 1233 F.
432 1180 449 1232 2
469 1170 544 1245 ets.
560 1179 592 1242 3,
615 1188 694 1248 quae
715 1173 758 1231 ad
779 1173 971 1248 deperditam
993 1172 1108 1232 codicis
1123 1179 1247 1248 partem
1263 1174 1451 1248 pertinuisse
1471 1176 1592 1231 numeri

293 1283 353 1334 tal
375 1283 406 1335 et
428 1281 485 1332 257
508 1277 674 1350 antiquitus
696 1275 798 1335 additi
817 1280 1003 1348 ooarpuunt,
1028 1275 1181 1334 diuersum
1204 1276 1325 1334 ansuino
1347 1291 1367 1332 a
1381 1275 1498 1346 reliquo
1520 1273 1593 1332 iibri

291 1379 396 1438 habitu
422 1378 622 1451 pneumatica
651 1384 861 1450 arpumenturn
882 1392 965 1451 prae
992 1391 1025 1448 se
1047 1375 1172 1447 serunt;
1202 1392 1272 1434 nom
1291 1375 1321 1448 f.
1347 1383 1383 1433 2³
1412 1376 1450 1434 de
1471 1376 1591 1449 loquela

292 1481 458 1555 dipitorum
481 1481 585 1552 apitur
606 1479 744 1538 mutilato
766 1478 805 1538 ab
827 1479 914 1538 initio
937 1485 1072 1538 tractatu
1092 1481 1153 1538 sic.-

379 1581 447 1640 leua
471 1579 596 1656 digitum
619 1578 774 1640 inflectens
796 1581 827 1640 iu
851 1577 981 1640 medium
1003 1577 1119 1658 palmae
1141 1585 1239 1640 artum
1267 1578 1387 1656 infiges,
1417 1595 1485 1638 cum
1514 1577 1591 1638 dieis

292 1682 365 1752 duo,
389 1680 553 1742 secundum
577 1700 593 1741 a
616 1681 739 1741 minimo
761 1679 870 1742 flexum
893 1679 1004 1741 ibidem
1025 1683 1152 1759 inpones
1172 1715 1215 1726 -
1233 1677 1263 1752 s.
1282 1676 1320 1738 2¹>
1341 1681 1435 1740 med:
1461 1680 1589 1740 eundem

292 1801 369 1864 pene
397 1784 516 1843 numeri
544 1781 692 1860 figurandi
720 1798 808 1858 quem
837 1780 989 1842 scribendi
1017 1779 1167 1860 alphabeti
1189 1779 1328 1842 ordinem
1351 1789 1511 1858 sequentes
1534 1779 1592 1840 hoe

293 1885 391 1946 inodo.

375 1987 527 2048 Secuntur
559 1987 683 2046 diuersa
713 1987 894 2062 alphabeta,
928 2002 1020 2046 unam
1053 1987 1202 2046 Graecina
1233 1988 1452 2061 suprascriptis
1483 1986 1593 2060 ubique

290 2092 423 2150 nunems
444 2089 604 2158 Romanr’s,
627 2090 755 2148 altercant
777 2089 961 2148 Ilebraicum
982 2089 1200 2164 suprascriptis
1216 2088 1387 2147 litterarum
1410 2089 1588 2159 nominibus,

290 2193 354 2251 alia
384 2191 495 2250 deinde
522 2192 585 2249 tria
613 2191 663 2250 uel
689 2196 831 2264 quattuor
860 2189 988 2249 Gothica
1016 2190 1060 2249 ad
1084 2197 1234 2248 secretam
1262 2190 1417 2249 scribendi
1442 2191 1591 2248 rationem

291 2293 540 2369 adcommodata,
568 2309 645 2367 quas
666 2309 762 2352 runas
783 2297 912 2364 uocant,
944 2291 1051 2365 quibus
1072 2291 1232 2352 subiuncta
1254 2299 1323 2352 sum
1343 2294 1514 2352 litterarum
1537 2307 1591 2350 uo·

292 2397 375 2455 mina
397 2397 518 2470 rupstice
538 2397 679 2454 sonantia
700 2385 793 2454 haec:

376 2493 442 2556 ach.
466 2494 547 2555 berc.
571 2494 657 2556 chen.
681 2495 740 2556 dei.
764 2493 849 2572 egch.
872 2495 950 2572 lega.
980 2493 1067 2571 gaba.
1096 2492 1190 2554 haorl.
1214 2494 1271 2554 ish.
1295 2494 1393 2555 halod.
1417 2491 1488 2554 loto.
1511 2511 1589 2554 aian.

292 2607 350 2660 net.
373 2616 416 2658 os.
440 2615 506 2676 per.
530 2595 637 2674 quella.
661 2604 716 2656 ret.
741 2595 809 2658 sinl.
833 2598 864 2657 ti.
889 2614 936 2656 ur.
960 2595 1028 2656 uch.
1052 2595 1107 2655 uis.
1132 2613 1192 2656 ear.

375 2701 529 2760 Postremo
549 2698 578 2771 f.
606 2695 644 2757 2δ
672 2701 740 2759 laco
767 2699 853 2759 atiud
881 2699 1072 2775 alpthabeturn
1099 2699 1245 2773 scripturn
1271 2705 1328 2767 est,
1357 2700 1440 2772 quod
1467 2699 1591 2758 Aethico

287 2802 467 2878 philosopho
494 2801 715 2877 cosmaprapba
742 2802 848 2862 tribuit
876 2801 1041 2860 Hrubauus
1068 2801 1213 2869 Maurus,
1243 2803 1287 2860 ita
1317 2807 1350 2859 ut
1378 2809 1447 2876 post
1472 2803 1589 2873 sianum

290 2904 443 2980 quodlibet
464 2904 585 2963 litterae
611 2905 755 2978 auumque
783 2919 890 2963 nomeu
911 2905 1056 2979 scriplum
1083 2905 1138 2981 sit,
1167 2887 1246 2976 quae
1272 2903 1389 2976 qtddern
1417 2905 1589 2963 litteratura

289 3009 412 3066 uomina
433 3008 477 3065 ita
497 3022 529 3064 se
550 3004 677 3065 habent:

376 3105 493 3168 alamoi.
518 3105 619 3166 becac.
645 3107 724 3168 caiti.
748 3105 849 3166 delloi.
873 3107 955 3167 eloti.
980 3107 1053 3167 loiti
1075 3106 1189 3186 garpoi.
1207 3105 1335 3166 bircani.
1353 3103 1468 3176 iatolat.
1486 3103 1583 3166 h....

204 3245 207 3252 ⁴
291 3207 404 3269 lethmI.
428 3204 559 3268 malathi.
584 3205 735 3269 nabaloth.
758 3207 843 3268 cithi.
867 3207 1001 3287 pitbirin.
1025 3207 1190 3284 quoniaelb.
1207 3206 1345 3268 robouiti.
1363 3225 1392 3266 s.
1407 3253 1414 3268 .
1500 3206 1588 3266 totbi·

293 3329 365 3371 mos.
389 3313 494 3371 uzaict.
519 3307 620 3370 elhmi.
645 3309 735 3388 yollli.
757 3307 921 3372 zotbichin.
930 3309 956 3390 *)

374 3413 472 3488 Atque
497 3413 585 3473 leuius
613 3413 773 3488 alphabeti
796 3413 893 3487 siquis
919 3429 990 3472 usas
1016 3417 1061 3471 est
1083 3411 1263 3487 scriptors.
1288 3407 1342 3470 61δ
1369 3413 1413 3471 ad
1433 3413 1511 3470 artis
1533 3413 1588 3470 ali-

289 3518 375 3575 cuius
396 3516 514 3575 tituhtrn
536 3513 763 3586 conficiendum.
777 3511 825 3592 **)

357 3765 388 3833 *)
407 3765 506 3817 Similia
524 3777 550 3817 et
567 3767 642 3832 signa
660 3775 684 3817 et
702 3766 807 3817 nomina
824 3766 903 3818 habes
923 3768 948 3816 in
967 3765 1078 3816 Hrabani
1101 3767 1182 3816 blansi
1205 3766 1312 3816 Abbatis
1335 3767 1469 3818 Fuldeusis
1493 3767 1587 3828 libello,

289 3837 334 3899 qui
351 3847 391 3885 est
408 3837 451 3886 ‘de
469 3837 616 3886 iuuentioue
634 3833 777 3900 liuguarnm
796 3845 821 3886 et
838 3837 906 3886 notis
924 3837 1059 3900 antiquis'‚
1078 3835 1111 3890 cl.
1129 3835 1244 3886 Goldasti
1264 3835 1486 3886 Alamannicarum
1503 3851 1588 3886 rernm

289 3915 352 3955 tom.
371 3905 393 3953 II
431 3907 489 3957 ,92
507 3905 543 3968 (ιι.
565 3903 651 3969 1606).

340 3919 428 4036 aqi

289 4040 352 4091 locis
370 4042 548 4106 cognoscitur,
573 4041 665 4102 quibus
684 4040 716 4090 de
735 4039 851 4090 Cucsatis
874 4037 946 4105 (cap.
966 4038 1039 4120 LVI)
1061 4050 1086 4090 et
1107 4041 1220 4106 Augusti
1237 4040 1307 4106 (cap.
1323 4039 1495 4122 LXXXVIII)
1517 4055 1591 4091 more

288 4110 354 4176 egit,
373 4107 407 4164 ci.
425 4108 487 4160 Gall.
507 4108 622 4160 xviia.
658 4108 722 4157 Iliae
739 4109 894 4176 explicatur,
914 4109 1027 4172 quadiu
1045 4109 1102 4158 cod.
1122 4109 1277 4159 Einsidleusi
1295 4111 1358 4172 326,
1382 4112 1425 4171 qui
1450 4119 1523 4166 notas
1541 4109 1590 4158 Pa-

429 3974 478 4022 atis
497 3973 602 4023 secretis
621 3973 671 4020 iam
689 3973 809 4035 antiquos
834 3971 964 4022 Romanos
988 3986 1050 4022 usos
1073 3987 1131 4022 esse
1153 3987 1186 4022 ex
1208 3971 1376 4022 celeberrimis
1400 3972 1449 4023 illis
1473 3971 1591 4023 Suetonii
1701 3981 1702 4045 q

288 4179 380 4256 planas
398 4178 518 4240 continet,
536 4175 704 4226 INCIPIVNT
723 4175 834 4227 NOTAE
853 4176 933 4227 IVLII
952 4175 1115 4226 CAESARIS
1134 4178 1338 4245 suprascriptum
1357 4189 1404 4227 est.
1429 4175 1589 4241 Quamquam

213 4255 216 4266 ¹
290 4246 361 4296 hoe'
355 4260 439 4312 ipsum
459 4247 632 4296 Mommseaua
651 4245 747 4295 aliter
740 4257 921 4312 interpretatus
940 4257 994 4305 est,
1017 4248 1061 4309 qui
1085 4246 1165 4295 IVLII
1188 4244 1351 4296 CAESARIS
1376 4261 1408 4296 ex
1431 4247 1536 4296 natisl.
1557 4244 1588 4298 C.
1700 4243 1701 4280 i

288 4315 363 4377 (iuris
381 4313 476 4377 ciuilis)
494 4315 560 4366 male
577 4314 711 4365 intellectis
729 4314 814 4365 listram
834 4331 891 4364 esse
908 4315 1012 4379 diceret,
1030 4315 1142 4365 Gramm.
1160 4313 1215 4364 Lat.
1235 4315 1312 4380 IVp.
1331 4317 1389 4366 316.
1427 4313 1500 4365 Certe
1516 4315 1588 4364 Hra-

289 4384 370 4432 banus
389 4382 493 4432 Mauras
510 4383 566 4433 de
560 4399 618 4449 ipso
638 4383 701 4434 lulio
720 4383 828 4433 Caesare
846 4383 978 4448 cogitauit,
997 4383 1088 4434 cumi.
1107 4384 1124 4433 l.
1142 4399 1170 4450 p.
1188 4385 1220 4433 92
1239 4384 1380 4450 propositis
1403 4383 1501 4446 aliquot
1519 4385 1590 4432 natis

288 4452 351 4501 haec
368 4451 551 4517 subiungebat:
576 4451 741 4502 ‘IstIusmodi
758 4468 839 4517 genus
858 4451 1039 4517 descriptionis
1057 4450 1160 4502 «Notae
1178 4449 1318 4504 Caesaris>
1335 4451 1491 4518 appellatur,
1517 4453 1589 4514 qnod

287 4535 345 4569 cum
368 4519 472 4580 litteris,
495 4535 562 4584 quae
583 4523 690 4584 antiqua
710 4535 802 4570 marrus
825 4519 980 4587 appellatur,
1004 4519 1149 4586 perficitur’
1172 4529 1219 4570 etc.
1255 4518 1342 4582 Neque
1364 4531 1448 4571 tamen
1467 4529 1589 4569 notarum
1699 4523 1700 4550 l

289 4588 431 4656 specimiua
453 4603 520 4651 quae
541 4589 574 4638 ad
599 4605 676 4638 ιιιιιιιι
699 4604 787 4639 amires
805 4590 871 4638 inter
888 4589 1030 4654 Papianas,
1049 4603 1114 4650 quas
1134 4597 1239 4650 uocant,
1262 4588 1382 4654 leguntur
1399 4603 1431 4638 ex
1449 4590 1507 4654 ipso
1526 4587 1588 4640 cod.

290 4656 445 4706 Elusidlenai
471 4658 576 4723 petiuit,
603 4658 649 4707 sed
676 4673 708 4706 ex
734 4657 801 4707 libro
830 4657 869 4706 uel
891 4656 1008 4706 Parlaino
1033 4655 1447 4723 (et.llommse11.l.l.p.315)
1469 4655 1508 4706 uel
1530 4657 1588 4705 eius

288 4724 432 4786 simIIIImo‚
452 4725 523 4790 quud
540 4725 648 4775 conlatIs
666 4727 731 4776 Inter
749 4741 777 4776 se
795 4726 863 4774 notis
882 4723 991 4790 singulis
1009 4725 1151 4774 certIssiine
1169 4725 1303 4775 eniucitur.

356 4793 404 4844 Per
429 4794 508 4843 medii
534 4807 595 4844 uero
622 4795 679 4843 aeui
706 4804 821 4860 tempora
847 4807 941 4842 nariam
969 4793 1098 4854 quandam
1124 4793 1264 4843 sententias
1286 4807 1347 4844 suas
1368 4791 1499 4858 operiendi
1518 4793 1588 4842 iiiam

288 4863 400 4929 ingressi
422 4863 604 4913 coenobiorum
625 4862 724 4912 incolae
745 4863 884 4912 litterarum
908 4861 1044 4927 alphabeto
1066 4861 1101 4912 ita
1125 4861 1271 4924 utebantur,
1295 4871 1322 4911 ut
1344 4861 1541 4914 consonantium
1559 4863 1588 4909 ui
