3390 5444
656 343 867 397 cessassem.
994 329 999 340 '
1348 340 1407 404 137

108 535 256 618 quaedam
291 537 370 597 euim
404 533 520 596 duobus
552 531 827 604 casibustautum,
862 531 1006 613 quaedam
1035 530 1146 602 tribus,
1181 528 1237 593 alia
1270 536 1410 612 quattuor
1509 583 1511 588 .

109 635 244 707 casibus,
274 635 331 699 alia
354 655 427 698 uero
449 638 581 716 quinque
604 633 723 696 casibus
745 631 941 696 declinantur.
985 634 1061 695 Sunt
1083 635 1162 695 enim
1186 651 1263 714 qnae
1286 642 1409 710 excepto

101 737 170 792 orni
258 741 410 800 rnumeri
433 737 617 800 nominatiuo
639 734 773 816 reliquos
788 753 848 797 non
863 735 975 798 babent
989 755 1089 806 casus,
1113 742 1145 797 ut
1160 742 1277 796 nostras
1292 743 1408 796 nostra·

108 851 156 902 tes
178 841 262 903 cuias
284 843 411 910 cuiates;
435 845 505 901 sunt
527 841 615 909 item,
638 856 715 919 quae
737 837 834 900 tribus
857 837 974 900 casibus
996 837 1167 908 flectuntur,
1191 845 1223 898 ut
1245 837 1329 899 cuius
1351 837 1414 919 cuii·

77 944 195 1012 scuio,
224 945 296 1004 item
325 945 393 1005 cuia
416 943 611 1003 cuiaocciae
633 946 662 1002 et
684 943 785 1002 cuium
808 941 868 1001 cuii
896 941 974 1001 cuio.
1019 940 1095 1001 Sunt
1117 957 1207 1009 uero,
1236 958 1310 1020 quae
1332 945 1409 1000 tetra

108 1043 229 1106 casibus
258 1043 455 1112 declinantur,
483 1051 517 1104 ut
544 1040 630 1104 belus
659 1041 756 1103 balius
783 1039 844 1102 beli
872 1039 980 1103 belum.
1029 1041 1104 1102 Item
1131 1040 1196 1101 bela
1225 1039 1321 1102 helius
1349 1038 1409 1100 beli

108 1144 209 1207 belam
234 1152 264 1208 et
285 1142 385 1207 belum
408 1143 504 1206 balius
526 1139 584 1205 heli
609 1142 722 1206 belum.
759 1143 835 1204 Sunt
857 1144 961 1212 etiam,
985 1160 1062 1221 quae
1077 1150 1166 1223 penta
1182 1142 1299 1204 casibus
1321 1149 1408 1203 utun-

108 1254 169 1318 tur,
192 1253 225 1309 ut
248 1265 335 1310 eccus
357 1264 427 1308 ecco
451 1265 553 1308 eccum
577 1264 647 1307 ecce
669 1245 706 1308 ab
730 1262 814 1306 ecco:
844 1244 902 1306 boc
923 1242 1119 1307 masculinum
1143 1250 1203 1314 est;
1217 1245 1408 1306 ·lemininum

109 1357 210 1410 autem
233 1367 316 1419 ecca,
347 1348 465 1410 datiuus
487 1365 590 1419 eccae,
618 1349 804 1409 accusatiuus
827 1364 942 1417 eccam,
971 1349 1126 1408 uocatiuus
1148 1365 1232 1417 ecca,
1262 1344 1408 1408 ablaticus

61 1472 93 1511 ιο
110 1468 198 1511 ecca:
226 1451 279 1512 sed
301 1449 376 1512 baec
397 1448 506 1530 plurali
530 1449 655 1511 numero
678 1451 802 1526 carent’.
847 1448 888 1509 lle
910 1448 957 1509 bis
980 1450 1067 1510 etiam
1089 1447 1317 1529 pronominibus
1339 1448 1407 1509 Do·

109 1559 222 1612 natus
243 1550 428 1614 memorabat
444 1551 560 1614 dicens:
584 1562 670 1614 sunt
692 1551 925 1630 pronomina,
950 1569 1042 1631 quae
1063 1568 1128 1631 per
1151 1568 1276 1613 omnes
1298 1567 1407 1610 casus

109 1671 180 1714 non
209 1652 467 1724 declinantur,
503 1661 542 1714 ut
575 1670 700 1714 eccum
736 1669 859 1713 eccam
895 1650 1005 1714 ellum
1040 1651 1149 1715 ellam
1183 1654 1292 1713 cuius
1324 1653 1407 1713 cuia

108 1754 236 1815 cuium
258 1755 408 1815 cuiates
431 1761 635 1816 nostrates.
679 1752 743 1816 Alia
771 1756 949 1833 pronomina
976 1761 1046 1816 sunt
1073 1754 1202 1823 ordinis;
1232 1755 1409 1834 praepositi·

109 1872 200 1925 uum,
223 1861 257 1915 ut
279 1863 402 1936 quotus;
425 1856 694 1927 subiunctatiuum,
719 1865 751 1916 ut
774 1863 861 1916 totus.
905 1857 968 1917 alia
989 1856 1166 1935 pronomina
1188 1862 1258 1917 sunt
1279 1857 1407 1924 numeri,

62 1964 145 2020 15111
166 1963 239 2036 quot
259 1965 318 2027 tot;
342 1958 397 2019 alia
420 1957 456 2020 ad
479 1956 587 2037 aliquid
610 1959 740 2027 inlinita,
764 1965 798 2018 ut
820 1957 904 2019 ouius
926 1958 991 2018 cuia
1013 1959 1131 2026 cuium;
1160 1957 1215 2017 alia
1239 1955 1276 2017 ad
1298 1954 1409 2034 aliquid

108 2058 208 2128 linita,
244 2064 277 2118 ut
304 2076 389 2121 meus
417 2066 485 2120 tuus
512 2077 583 2120 suus
611 2057 659 2120 uel
688 2057 780 2120 illius:
818 2059 893 2120 baec
929 2061 1016 2120 etiam
1052 2061 1221 2138 possessiua
1259 2058 1407 2120 dicuntur.

108 2158 312 2240 Pompeius
341 2177 414 2222 uero
436 2160 581 2231 ostendit,
611 2178 704 2238 quare
727 2161 868 2232 dicuutur
889 2160 1073 2240 possessiua,
1103 2178 1170 2221 cum
1193 2159 1281 2220 dixit:
1319 2159 1408 2220 Pos-

108 2261 260 2323 sessiua
283 2260 368 2322 ideo
391 2261 571 2325 dicuntur
594 2280 634 2324 eo
663 2263 761 2340 quod
790 2279 856 2322 nos
881 2259 1082 2340 possidere
1111 2259 1254 2339 aliquid
1277 2268 1408 2354 ostqu·

109 2360 216 2423 dunt:
241 2363 388 2440 quando
411 2365 507 2425 enim
530 2364 613 2425 dico
636 2383 749 2432 meus,
773 2381 826 2424 me
849 2361 994 2443 aliquid
1015 2362 1213 2442 possidere
1236 2362 1409 2448 ostendop

60 2464 168 2528 eosic
191 2471 226 2526 et
247 2465 394 2544 quando
417 2475 518 2536 tuus,
541 2473 576 2526 te
599 2463 740 2546 aliquid
756 2465 953 2544 possidere
969 2465 1196 2534 demonstro,
1214 2463 1409 2543 siquando

110 2565 196 2625 dico
219 2583 318 2636 suus,
342 2565 448 2628 lllum
470 2566 615 2648 aliquid
637 2567 838 2648 possidere
861 2568 1071 2630 manifesto.
1116 2565 1195 2628 Haeo
1217 2575 1316 2628 autem
1338 2583 1408 2645 pro·

48 2681 53 2687 ·
109 2669 231 2728 nomina
253 2670 423 2747 possession
446 2677 585 2749 quattuor
607 2669 704 2730 modis
728 2671 934 2730 enuntiantur:
958 2677 1008 2730 aut
1030 2669 1108 2730 eninr
1126 2687 1161 2729 ex
1177 2677 1302 2747 utraque
1325 2675 1408 2747 parte

109 2765 272 2845 singularia
300 2776 383 2839 sunt,
414 2776 445 2830 ut
472 2787 557 2832 meus
578 2778 679 2850 pater,
707 2777 776 2831 tuus
798 2777 893 2849 pater,
923 2789 994 2832 suus
1022 2778 1121 2850 pater;
1151 2775 1201 2830 aut
1222 2787 1259 2830 ex
1282 2777 1409 2849 utraque

108 2875 194 2948 parte
217 2868 358 2950 pluralia,
384 2877 416 2932 ut
439 2873 532 2932 nostri
554 2879 667 2951 patres,
692 2872 784 2932 uestri
805 2877 921 2952 patres,
945 2873 991 2932 sui
1012 2879 1127 2950 patres;
1157 2877 1208 2932 aut
1228 2871 1408 2932 intrinsecus

60 2995 93 3037 25
107 2969 287 3048 singularia,
319 2973 505 3034 extrinsecus
533 2981 629 3034 autem
657 2971 782 3054 pluralia
811 2980 893 3042 sunt,
921 2979 954 3032 ut
980 2974 1040 3032 mei
1067 2974 1189 3043 iratres,
1219 2973 1262 3033 tui
1290 2972 1407 3045 iratres,

108 3070 190 3133 illius
212 3071 335 3142 iratres;
366 3083 416 3134 aut
438 3075 619 3137 intrinsecus
641 3074 765 3156 pluralia
789 3082 819 3134 et
840 3073 1024 3136 extrinsecus
1047 3074 1227 3152 singularia,
1254 3081 1286 3135 ut
1307 3082 1409 3136 noster

107 3180 206 3252 pater,
230 3183 332 3236 uester
352 3181 452 3255 pater,
475 3193 546 3237 suus
568 3183 665 3255 pater.
708 3177 766 3238 Sed
789 3176 837 3239 bio
860 3174 956 3253 aliqua
977 3177 1111 3256 quaestio
1134 3177 1243 3258 oritur,
1272 3183 1304 3236 ot
1327 3175 1408 3237 Vir·

106 3274 231 3354 gilius
254 3276 353 3336 Maro
377 3275 463 3336 dixit:
488 3295 569 3338 eum
593 3277 750 3340 dicimus
772 3295 871 3338 meus
893 3285 979 3338 tuus
1000 3295 1089 3338 suus
1112 3286 1241 3338 noster
1264 3286 1408 3349 uester,

108 3377 324 3456 quaeritur,
354 3396 459 3457 quam
487 3379 639 3440 tertiam
661 3396 855 3460 personam
877 3377 937 3439 bic
959 3395 1101 3458 ponere
1130 3378 1305 3440 debemus
1326 3379 1409 3459 plu·

59 3505 91 3544 so
107 3477 184 3540 rali
207 3496 374 3540 numero.
418 3478 504 3542 Nulla
527 3482 607 3542 enim
629 3481 704 3541 ratio
726 3481 758 3540 in
780 3479 836 3541 boc
859 3479 925 3541 loon
948 3482 1109 3551 inuenitur,
1133 3499 1191 3560 qua
1207 3482 1324 3542 tertiam
1339 3501 1408 3561 per·

107 3597 214 3640 sonam
246 3582 355 3642 iterum
392 3583 504 3642 resumi
541 3580 851 3661 inreprehensibiliter
883 3600 972 3662 posse
1005 3581 1053 3644 uel
1088 3581 1200 3644 debere
1228 3584 1293 3662 quis
1321 3583 1430 3650 dicat..

107 3679 290 3743 Nonnulli
317 3691 441 3744 tamen
468 3683 715 3764 proquodam
739 3681 838 3766 solall
856 3684 876 3746 i.
895 3681 975 3746 115·
993 3681 1071 3767 litio
1093 3683 1345 3746 scribentium
1368 3705 1408 3746 ac

106 3781 316 3861 legentium
339 3785 489 3846 tertiam
505 3803 701 3865 personam
724 3783 839 3856 illam,
858 3803 963 3866 quam
987 3787 1022 3846 in
1046 3784 1234 3866 singulari
1257 3805 1409 3848 numero

181 3935 323 3998 lquedam
393 3937 554 3998 ioassibus,
571 3939 609 3988 sic
625 3953 725 4002 semper
742 3937 789 3989 boc
806 3939 861 3988 loeo
919 3935 985 3986 Sunt
1002 3934 1080 4002 enim]
1100 3939 1134 4002 es.
1154 3939 1321 4002 Guinfredum
1339 3941 1410 4004 apud

109 4001 209 4053 Maium
225 4019 251 4066 p.
270 4004 304 4054 27
321 4010 374 4055 not.
394 4007 424 4056 3:
451 4006 497 4056 sed
515 4005 640 4070 Virgilius
667 4006 729 4056 dicit
751 4005 820 4067 qnod
846 4004 917 4056 ouiss
940 4016 965 4055 et
987 4015 1088 4056 nostres
1115 4017 1222 4122 excepto
1250 4008 1408 4057 nominatino

108 4069 247 4132 utriusque
264 4073 362 4120 ursmari
380 4071 492 4135 reliquos
517 4087 567 4122 non
591 4073 685 4123 babent
706 4088 796 4137 casus,
819 4083 848 4122 ut
865 4075 936 4123 cuias
955 4082 980 4123 et
997 4084 1099 4123 nostrae
1119 4083 1143 4124 et
1161 4074 1290 4142 prrrsliter
1312 4075 1408 4124 ouintes

107 4147 247 4188 nostrates.
278 4139 331 4189 Hic
348 4141 425 4204 igitar
442 4144 511 4192 loeus
529 4157 578 4192 non
596 4143 632 4191 ad
648 4142 781 4205 epistolas,
799 4143 848 4191 sed
863 4143 899 4192 ad
914 4146 1037 4206 epitomas
1059 4142 1163 4206 Virgilii
1196 4142 1331 4194 ertinebat.
1392 4145 1410 4193 4

107 4205 183 4256 culus
201 4207 242 4256 cui
295 4207 451 4258 bitercuie
469 4209 766 4274 culpetouiumouicui
818 4209 916 4275 liliolus
951 4209 1001 4276 beli
1037 4159 1195 4276 helihelimff
1214 4211 1408 4277 Vbique‘elius'

108 4281 159 4324 etc.
178 4275 317 4338 tegendum,
336 4277 372 4336 ef.
384 4276 456 4338 infra
470 4276 573 4341 Virgilii
584 4277 678 4327 Asiani
688 4284 814 4342 excerpis
825 4279 921 4327 codicis
932 4277 1075 4328 Beruensis
1086 4280 1141 4328 123
1148 4278 1170 4340 f.
1182 4280 1216 4327 21
1221 4285 1232 4311 ⁸
1289 4281 1309 4330 ,i
1322 4278 1407 4344 belum

107 4341 208 4391 haelias
221 4341 289 4392 bueli
307 4341 418 4392 lrnelium
469 4341 485 4394 8
503 4343 623 4393 lraeccnm
641 4344 720 4410 chco
737 4344 816 4410 becco
829 4343 909 4410 hecco
921 4345 953 4394 sb
966 4344 1044 4410 quoco
1099 4346 1115 4394 9
1129 4343 1205 4411 chca
1217 4347 1319 4396 datiuus
1331 4345 1409 4412 chce

106 4410 256 4460 accusatius
276 4409 378 4476 bqeesm
397 4412 531 4462 uocariuus
550 4425 607 4462 ecce
624 4412 751 4462 abietinas
769 4426 828 4461 coco
909 4415 941 4463 10
958 4423 1045 4461 cesant
1102 4410 1229 4478 Donatus]
1246 4431 1275 4478 p.
1294 4416 1353 4472 380,
1374 4417 1409 4464 30

108 4479 142 4528 14
159 4487 246 4527 autem
264 4487 333 4528 totus
415 4481 446 4530 17
463 4477 614 4545 Pompeius]
631 4497 659 4545 p.
679 4483 740 4540 203,
759 4482 794 4529 27
810 4475 846 4531 Κ.
916 4480 948 4530 18
966 4480 1105 4545 possedere
1174 4482 1206 4531 le
1224 4482 1291 4531 enim
1308 4483 1374 4531 doco

105 4560 166 4595 mea
182 4545 282 4608 aliquid
299 4545 448 4612 possedere.
528 4549 559 4597 21
580 4544 727 4613 manilesto]
748 4547 864 4613 Pompeii
880 4547 959 4598 uerba
975 4551 1101 4611 praeliatum
1118 4551 1223 4600 uariata
1239 4557 1306 4602 sunt.
1375 4549 1409 4598 rt

104 4614 210 4676 questio
264 4613 389 4679 Virgilius
402 4612 489 4679 Maro]
508 4616 542 4677 ef.
551 4633 579 4681 p.
590 4618 624 4666 25
636 4618 677 4670 ed.
689 4615 764 4666 Maii.
833 4617 866 4666 29
884 4618 998 4678 queritur
1065 4614 1277 4682 30Nullaeuim]
1296 4617 1409 4666 maxime

104 4695 165 4731 cum
183 4680 282 4731 nullsm
299 4683 423 4732 rationem
441 4682 563 4734 hocloco
581 4684 725 4746 inueniant,
748 4697 799 4746 qur
817 4695 920 4733 seruent
941 4686 1040 4734 tertiam
1059 4699 1196 4749 personam
1215 4701 1260 4735 neo
1278 4685 1408 4750 praesumi

104 4749 364 4815 irreprehensibiliter
380 4752 466 4816 possit
483 4751 523 4800 uel
541 4752 631 4801 debeat
652 4753 701 4802 Vir
727 4752 775 4802 lius
791 4749 867 4802 Maii.
970 4755 1000 4803 31
1025 4752 1237 4802 inrebeusibiliter
1324 4755 1357 4804 32
1374 4753 1408 4803 sd

105 4818 240 4884 egentium
322 4820 355 4870 33
373 4833 449 4881 quam
466 4820 493 4868 in
511 4819 635 4884 singulari
653 4827 701 4870 etc.
735 4833 782 4886 pro
801 4834 851 4890 qua
869 4818 992 4885 plumlem
1011 4833 1180 4889 posueramus
1202 4821 1324 4887 Virgilius
1341 4821 1410 4872 Maii

745 4933 750 4962 l

1520 829 1529 862 l
