3420 5450
244 353 247 358 ·
322 337 397 386 XXX
726 321 777 372 DE
796 315 1198 374 ussn1snnnnnnslssvs.
1317 377 1323 390 Ι

406 511 478 574 Post
491 510 631 586 saraim
644 509 780 584 sequitur
799 509 885 570 nullo
906 507 1042 572 auctoris
1062 507 1181 568 nomine
1203 505 1343 581 adposito
1364 505 1429 564 siue
1449 505 1514 564 ullu
1536 500 1613 563 tituli

319 623 542 696 sioniricatione
568 621 648 679 alia
676 635 741 678 ars
771 619 1025 692 arammatica
1043 615 1072 689 s.
1099 614 1273 688 1480-1‘.
1291 619 1380 673 168⁰:
1409 629 1530 680 citatio
1558 607 1609 676 orit

320 720 473 790 elocutio
490 735 599 809 quast
616 733 695 786 ortis
718 719 795 780 ratio
819 739 854 780 eo
876 716 956 801 quod
979 737 1033 780 ore
1055 728 1085 780 et
1106 719 1222 779 ratione
1245 719 1389 780 consistat
1410 752 1451 761 —
1473 733 1541 776 cum
1563 713 1611 775 ali·

319 833 389 912 quid
414 831 517 896 dolore
539 829 639 892 cordis
668 825 717 891 uel
743 826 853 892 laetitia
881 831 930 892 uel
953 830 1150 892 admiratione
1173 827 1325 924 uel‘metu
1347 827 1505 890 referimus
1528 826 1612 886 etiam

321 943 409 1023 longo
431 948 529 1004 tractu
552 941 682 1002 liniatur.
720 938 786 1020 ipsa
808 938 960 1019 eloquutio
982 939 1149 1000 interiectio
1170 937 1296 1000 dicenda
1312 946 1368 1000 est.
1395 933 1440 1004 δό
1457 950 1612 1030 citatim.

402 1055 494 1115 IIanc
508 1059 606 1112 artem
621 1051 728 1112 Petri
746 1051 992 1125 prammutiei
1004 1051 1198 1111 cuiusdam
1212 1066 1275 1110 esse
1289 1051 1362 1111 inde
1375 1049 1521 1123 efficitur,
1539 1047 1615 1124 quod

319 1156 424 1216 eadem
439 1157 471 1215 in
484 1155 555 1216 cod.
569 1153 665 1214 Beni.
682 1159 741 1211 522
755 1153 863 1214 addito
877 1154 910 1212 in
921 1153 986 1224 tine
1000 1150 1140 1228 operisf.
1155 1149 1210 1211 68⁶
1230 1151 1315 1212 Petri
1327 1153 1448 1212 nomine
1461 1155 1556 1222 extat,
1571 1148 1613 1222 cs.

318 1254 409 1317 huius
423 1254 498 1317 lihri
504 1272 541 1331 p.
553 1261 647 1329 litt
659 1255 732 1315 adn.
763 1255 852 1315 Vides
866 1256 971 1328 initur,
987 1254 1069 1314 hanc
1084 1259 1180 1314 artem
1194 1255 1368 1328 minuare
1381 1251 1613 1332 uoluisse-lrhra·

268 1354 270 1358 ’
320 1359 409 1432 rium
427 1373 495 1419 cum
505 1355 536 1430 f.
549 1353 580 1415 1⁸
594 1358 674 1416 inter
689 1361 848 1417 auctorum
863 1356 986 1416 nomina
998 1355 1144 1416 Petrum
1158 1371 1275 1431 quoque
1287 1356 1470 1416 nominabat.
1497 1351 1615 1414 Temere

319 1461 411 1534 ipitur
425 1457 572 1520 Sirmerus
590 1460 684 1520 catal.
702 1458 798 1518 Bern.
813 1473 904 1519 mser.
919 1457 939 1516 I
947 1475 980 1533 p.
999 1463 1062 1515 447
1084 1456 1168 1517 Petri
1186 1464 1284 1517 artem
1298 1460 1331 1518 in
1345 1457 1415 1519 cod.
1432 1460 1490 1514 tol
1511 1461 1616 1516 cature

320 1563 447 1636 nepauit
467 1561 571 1622 eadem
593 1561 645 1622 ille
665 1560 808 1622 socordia
830 1576 868 1621 ac
888 1561 1002 1632 fiducia
1024 1575 1108 1634 usus,
1133 1575 1209 1634 qua,
1234 1559 1305 1621 daun
1324 1576 1357 1638 p.
1383 1565 1444 1618 424
1467 1557 1619 1618 Prisciani

321 1659 498 1740 meatum
529 1663 585 1724 ‘de
606 1665 724 1723 nomine
747 1664 929 1738 pronomine
949 1668 979 1721 et
999 1662 1109 1723 uerho’
1137 1677 1157 1720 u
1185 1661 1329 1724 Putschio
1356 1663 1478 1722 lammm
1506 1661 1615 1721 edituo

320 1781 383 1826 esse
404 1765 502 1838 uidet,
521 1782 558 1841 p.
577 1770 637 1823 458
659 1765 736 1825 adeo
758 1765 821 1824 eius
842 1765 890 1823 rei
910 1765 1037 1838 iunarus
1058 1764 1173 1836 extitit,
1199 1769 1232 1825 ut
1247 1765 1325 1825 idem
1341 1765 1517 1840 opuseulum
1532 1763 1619 1839 quasi

320 1883 430 1928 nouum
460 1866 613 1943 quoddam
640 1873 731 1943 atque
758 1865 903 1928 hactenus
930 1867 1115 1940 incopnitum
1149 1864 1233 1926 ‘cum
1261 1865 1414 1928 Prisciani
1440 1881 1531 1942 opere
1558 1881 1617 1924 non

320 1969 399 2028 idem
421 1970 501 2029 esse'
517 1986 553 2045 p.
580 1975 640 2034 4βο
665 1966 862 2029 contenderet
889 1967 1031 2040 ideoque,
1062 1974 1096 2027 ut
1120 1969 1185 2028 eius
1210 1974 1358 2044 excerpto
1386 1968 1618 2043 locupletissima

256 2053 258 2056 ⁵
318 2077 519 2147 proponeret,
544 2085 639 2131 asuo
661 2072 763 2131 animo
784 2069 921 2129 lubenter
941 2075 1032 2144 atque
1052 2069 1194 2130 hilariter
1215 2071 1402 2146 impetraret.

407 2171 514 2233 Iiestat
540 2175 676 2234 ultimrcm
703 2173 766 2232 eius
794 2171 909 2233 eudicti
935 2171 1191 2246 praestantissimi
1219 2186 1309 2248 opus,
1344 2173 1425 2250 quod
1451 2169 1519 2245 af.
1545 2177 1619 2230 168⁶

318 2289 420 2350 paene
441 2277 594 2350 usquead
610 2277 701 2346 fiuern
720 2271 747 2346 s.
764 2269 835 2332 194ι
856 2274 1037 2344 extenditur,
1060 2273 1206 2333 Isidori
1225 2280 1414 2350 excerpto
1434 2289 1618 2349 aramma·

323 2387 404 2446 tica
426 2385 548 2463 aliaque
569 2387 605 2446 id
614 2401 709 2458 aenan
722 2373 893 2445 continens:
929 2378 1034 2473 interii
1060 2398 1131 2451 aas
1160 2381 1216 2448 sci
1243 2378 1368 2450 rsrtou
1398 2383 1455 2472 epi
1482 2378 1524 2450 δε
1545 2381 1620 2461 345.-

325 2485 450 2552 mation.
482 2485 680 2548 Grammatico
704 2492 749 2545 est
771 2485 894 2546 scientia
916 2483 1162 2572 recte‘ioquendi
1185 2493 1215 2546 et
1236 2487 1321 2566 origo
1344 2495 1374 2548 et
1396 2485 1620 2548 tundamentum
1706 2511 1707 2566 3

322 2593 490 2657 liberalium
519 2592 684 2656 litterarum
713 2603 770 2659 etc.
814 2595 901 2655 Ilaec
927 2595 1042 2656 Isidori
1053 2591 1079 2674 ‘i
1108 2611 1187 2670 quae
1213 2597 1327 2658 dieitur
1354 2598 1393 2656 de
1419 2597 1621 2672 prammatica

323 2713 438 2760 arsere
459 2697 575 2758 Isidori
601 2699 752 2772 omninum
778 2698 852 2758 locis
874 2696 918 2756 ad
935 2699 1168 2771 arammaticam
1190 2704 1219 2760 et
1240 2699 1424 2760 rhetoricam
1445 2705 1501 2760 etc.
1526 2700 1622 2775 perti·

324 2801 463 2860 nantibus
490 2807 643 2875 conpacta
671 2807 715 2860 est
736 2801 780 2860 ita
801 2805 835 2859 ut
857 2799 935 2859 nihil
950 2797 1023 2871 fere
1044 2800 1189 2874 aadamr,
1219 2799 1303 2875 quod
1322 2816 1383 2860 non
1405 2807 1434 2861 et
1454 2802 1487 2861 in
1509 2799 1625 2861 Isidori

323 2901 491 2977 oripinihrrs
512 2901 767 2977 deprehendatur.
812 2900 915 2976 Neque
943 2908 1041 2962 tamen
1069 2902 1150 2962 illius
1176 2904 1278 2978 operis
1304 2902 1381 2964 ordo
1408 2906 1547 2964 seruulus
1568 2907 1620 2974 est,

323 3004 377 3064 sed
397 3004 486 3065 modo
507 3004 578 3063 hinc
598 3003 687 3063 modo
709 3005 793 3064 illinc
810 3001 950 3075 frustula
963 3005 1133 3079 conquisitu
1147 3011 1217 3064 sunt
1229 3003 1322 3065 haec:
1346 3003 1430 3078 Oria.
1446 3005 1510 3083 15,
1526 3010 1623 3072 1-4,-

324 3121 395 3180 cap.
418 3105 463 3165 VI
484 3106 626 3165 continuo
648 3110 750 3166 tenue
771 3121 864 3181 usque
878 3106 922 3165 ud
934 3119 1003 3181 cup.
1020 3105 1110 3166 XIII
1129 3105 1167 3166 de
1187 3108 1407 3175 imeructtonm
1430 3111 1491 3168 tran
1502 3103 1533 3180 s.
1552 3111 1625 3163 171·

325 3205 363 3266 de
385 3204 548 3282 disciplina
570 3215 599 3266 et
621 3213 688 3284 arte
709 3207 730 3267 I
751 3214 781 3287 1,
808 3214 824 3265 1
845 3240 887 3249 -
909 3223 977 3284 cap.
1001 3207 1054 3270 IV
1069 3209 1142 3280 tina
1172 3215 1234 3268 tum
1260 3224 1331 3284 cap.
1354 3208 1418 3270 XV
1440 3208 1478 3268 de
1498 3207 1625 3285 mllahis
1705 3285 1706 3288 Ἴ

327 3313 414 3380 1-3,
437 3314 500 3368 tum
521 3324 589 3384 cap.
606 3307 690 3368 XIV
710 3309 749 3370 de
769 3325 858 3385 uoce,
882 3314 942 3369 tum
963 3325 1032 3386 cap.
1056 3309 1142 3370 XVI
1160 3310 1199 3370 de
1213 3311 1346 3386 pedihus
1367 3325 1428 3371 uno
1449 3315 1556 3371 tenore
1576 3325 1625 3368 us·

325 3426 384 3486 que
405 3411 449 3469 ad
468 3424 538 3486 cap.
562 3409 647 3470 XIX
672 3411 797 3481 inclau.;
826 3414 932 3473 omisso
960 3414 1061 3487 capite
1082 3411 1149 3472 XX
1172 3414 1369 3474 continuatur
1390 3429 1459 3488 cap.
1483 3411 1570 3473 XXI
1589 3411 1627 3470 de

307 3513 403 3572 'nolis
430 3511 623 3586 uuoortoun
649 3514 765 3574 omnen
785 3529 854 3590 cap.
878 3513 987 3575 XXII.
1011 3513 1139 3576 XXIII.
1163 3513 1287 3575 XXIV.
1312 3515 1411 3578 XXV
1430 3517 1629 3577 continuatur

322 3607 351 3686 s.
376 3617 451 3671 176⁰
470 3628 539 3690 cap.
556 3613 674 3675 XXVI
693 3616 730 3674 de
752 3617 956 3691 aethaereum
979 3618 1066 3677 auitas
1087 3615 1207 3693 quidem
1228 3603 1339 3693 capitis
1361 3633 1422 3678 non
1444 3619 1505 3678 uisi
1521 3618 1629 3692 ρνίηια

320 3713 545 3791 porapraphus
565 3721 661 3777 extat.
709 3715 783 3778 Tum
804 3721 938 3794 sequitur
959 3720 998 3779 de
1019 3719 1164 3793 analoora
1184 3734 1253 3796 cap.
1270 3717 1417 3792 XXVII,
1442 3719 1481 3779 de
1501 3715 1629 3780 etlrimo·

281 3844 284 3852 ·
326 3818 409 3890 topia
434 3832 504 3895 cap.
528 3815 680 3880 XXVIII
703 3825 806 3878 1—5:
851 3821 1028 3881 ‘traxerunt
1054 3821 1225 3882 uocabula'.
1270 3821 1387 3882 Deinde
1408 3823 1558 3882 transitur
1586 3823 1634 3880 ad

325 3935 394 3994 cap.
418 3918 517 3981 XXX
535 3919 574 3979 de
595 3917 789 3996 differentias,
819 3938 889 3998 cup.
911 3921 1030 3996 XXIX
1053 3923 1091 3984 de
1115 3923 1223 3998 otuu,
1256 3939 1326 3999 cup.
1349 3923 1464 3984 XXXI
1490 3923 1528 3984 de
1557 3924 1633 3984 har-

325 4021 466 4082 harismir
479 4037 573 4097 usque
587 4011 631 4082 a'd
643 4038 712 4100 cap.
729 4023 877 4086 XXXIV
890 4027 995 4086 inatus.
1026 4023 1169 4101 Sequitur
1191 4041 1260 4102 cap.
1277 4023 1442 4088 XXXVII
1462 4027 1500 4086 de
1517 4041 1632 4100 prosa,

325 4140 396 4200 cap.
425 4123 609 4184 XXXVIII
635 4125 674 4184 de
700 4129 802 4186 metris
834 4142 927 4201 usaue
952 4127 996 4186 ad
1020 4128 1094 4188 lihri
1114 4129 1212 4206 primi
1234 4130 1334 4200 linem
1384 4127 1476 4188 IIunc
1512 4129 1634 4204 excipit

326 4225 400 4285 lihri
419 4225 457 4285 11
476 4242 544 4303 cap.
561 4226 580 4286 I
600 4243 693 4302 usque
713 4229 757 4288 ad
776 4245 846 4305 cop.
863 4229 915 4289 IX
935 4229 974 4289 de
995 4230 1168 4306 sillopr'stnis
1188 4227 1210 4308 §
1233 4235 1250 4288 7
1272 4231 1397 4299 iraclus.;
1420 4237 1483 4290 tum
1504 4231 1542 4290 de
1563 4231 1636 4304 leae

327 4343 397 4400 cap.
420 4326 461 4386 X.
484 4327 535 4387 XI
555 4337 584 4389 et
606 4327 715 4408 XII§
739 4337 771 4400 I;
800 4336 862 4392 tum
888 4348 957 4407 cap.
982 4331 1069 4391 XIII
1089 4338 1119 4392 et
1141 4330 1222 4392 XIV
1249 4329 1271 4410 ἕ
1294 4339 1310 4390 1
1333 4348 1394 4408 pro
1422 4331 1637 4408 exprimendis

327 4425 494 4499 alentibus:
522 4430 631 4491 danda
658 4447 728 4510 cap.
751 4431 825 4508 XV,
849 4432 974 4512 XV1§
996 4440 1027 4504 1,·
1054 4450 1124 4511 cap.
1147 4433 1248 4495 XVII
1275 4439 1305 4494 et
1324 4449 1395 4511 eap.
1417 4432 1552 4508 XVIII,
1578 4433 1638 4492 sed
1703 4443 1704 4488 1

397 4713 426 4781 ¹⁸¹)
444 4715 502 4766 Alie
520 4729 656 4786 praecepta
674 4712 840 4786 grammaticis
857 4721 949 4771 isidori
967 4723 1071 4773 nomino
1088 4730 1188 4784 notatu,
1210 4723 1320 4786 quaein
1339 4723 1468 4790 originum
1487 4721 1561 4773 libris
1581 4738 1641 4774 non

330 4794 431 4848 extant,
449 4785 516 4835 inira
533 4785 626 4852 collegi
643 4788 725 4854 praei.
742 4790 822 4856 pertis
841 4790 930 4840 tertiae
946 4804 1002 4857 cap.
1022 4789 1069 4846 XI.
