3394 5448
320 363 451 415 ccxxw
622 353 671 404 DE
689 352 841 406 IVLIANO
861 352 1058 406 TOLETANO
1077 353 1318 407 GRAMMATICO

314 542 462 619 iungitur:
487 540 547 600 ‘bic
570 541 721 618 magister’
745 541 822 609 iacit,
845 559 905 601 non
929 544 1081 622 ‘magister
1103 542 1173 603 hic’.
1220 543 1256 603 ttt
1277 544 1344 621 quia
1368 542 1491 604 dicitur:
1515 547 1592 605 ‘ma-

314 628 437 704 gister
459 625 519 686 hic
542 627 751 696 uirtutum'‚
776 629 950 688 necessitate
972 631 1060 689 metri
1082 629 1191 689 dictum
1216 637 1272 698 ast,
1296 645 1355 688 non
1378 627 1556 704 regulariter.

398 788 580 856 luter'‘bic'
610 803 639 855 et
667 794 738 858 ‘bic’
768 805 813 857 est
840 795 937 876 aliqua
960 798 1100 861 discretio
1122 816 1158 858 au
1183 799 1261 859 noni
1305 797 1430 869 Quando
1452 817 1591 878 personam

314 881 537 959 siguificauerit‚
563 889 699 960 utputa:
730 882 790 943 ‘bic
813 881 894 943 solus
916 881 1030 944 inflexit
1052 887 1178 953 sensus',
1202 885 1259 943 erit
1280 881 1459 962 prdnomen;
1490 886 1591 963 quaudo

314 985 388 1027 uero
406 966 523 1037 locum,
548 974 579 1026 ut
601 969 625 1026 si
648 966 760 1027 dicam:
1602 989 1612 1028 s

1072 1051 1133 1112 hic
1156 1051 1260 1113 illius
1282 1071 1398 1122 arma,

465 1135 531 1196 llic
553 1153 687 1196 currus
711 1137 797 1205 luit,
822 1136 889 1197 boc
910 1154 1063 1215 regnum
1086 1136 1150 1197 dea
1175 1138 1351 1216 gentibus
1374 1155 1456 1198 esse

264 1252 266 1257 ·
313 1223 369 1282 erit
390 1220 563 1282 aduerbium
587 1220 654 1285 loci.

401 1388 413 1474 ll
430 1391 450 1453 i.
467 1387 556 1472 27²1!
573 1391 660 1465 (Quis
682 1419 724 1442 =
746 1390 867 1473 quibas)
891 1392 930 1454 Da
954 1394 1019 1452 eius
1041 1390 1218 1473 exemplum.

465 1475 502 1535 ln
525 1478 607 1556 quis
629 1494 737 1537 error
759 1480 861 1538 inest
885 1495 950 1537 nec
972 1495 1058 1556 spes
1081 1487 1137 1538 est
1160 1485 1261 1538 certa
1284 1476 1464 1540 laborum.
1603 1501 1621 1536 n

315 1561 349 1622 Et
365 1580 419 1641 pro
437 1580 481 1631 eo,
505 1561 583 1639 quod
608 1569 724 1622 ueteres
746 1561 894 1622 iaciebant
916 1561 1076 1622 ablatiuum
1100 1562 1279 1640 singularem
1302 1565 1333 1622 in
1356 1564 1365 1622 i
1389 1569 1416 1623 ‘a
1440 1563 1512 1642 qui’,
1535 1562 1594 1623 iaci-

314 1663 380 1707 mus
402 1648 564 1724 genitiuum
587 1646 732 1726 pluralem
754 1649 784 1707 in
814 1651 875 1708 ium
903 1649 1039 1727 ‘quium’‚
1070 1645 1202 1708 datiuum
1231 1656 1261 1708 et
1288 1646 1448 1708 ablatiuum
1478 1647 1595 1727 plurales

313 1735 344 1792 in
374 1730 441 1791 bus:
471 1730 591 1811 ‘quibus
618 1731 682 1791 das'
713 1740 742 1790 et
768 1735 795 1792 ‘a
818 1731 926 1812 quibus
948 1732 1060 1792 tulisti'.
1106 1733 1165 1793 ista
1187 1732 1288 1810 regula
1310 1733 1525 1794 nominatiuum
1546 1737 1595 1793 sin·

313 1816 446 1894 gularem
474 1819 504 1876 in
534 1816 602 1893 quid
632 1818 734 1876 micuit
777 1815 880 1885 lues:
903 1818 1011 1896 ‘ques’.
1056 1818 1115 1879 Cur
1139 1817 1301 1878 bonatus
1330 1826 1462 1879 ueterem
1485 1817 1595 1878 locutio

313 1920 381 1962 nem
404 1903 529 1962 usitatus
551 1902 612 1961 esti
656 1901 692 1960 Vt
714 1901 881 1962 absurditas
903 1902 994 1964 datiui
1024 1910 1054 1962 et
1082 1900 1202 1963 ablatiui
1216 1899 1230 1985 ΙΙ
1246 1905 1265 1963 1.
1281 1900 1345 1963 aab
1360 1903 1374 1982 ΙΙ
1390 1921 1490 1972 casus,
1519 1921 1625 1982 quana

313 1989 344 2046 in
367 1987 607 2066 pronuntiatione
630 1988 746 2055 retinet,
770 1986 939 2048 demeretur
962 1996 991 2047 et
1013 1997 1137 2049 ornatus
1157 1987 1313 2048 locutionis
1342 1989 1548 2059 induceretur,
1575 1997 1597 2047 et

314 2074 381 2150 quia
406 2083 441 2132 ex
463 2071 661 2151 prudentibus
683 2071 830 2149 quidam
853 2072 940 2132 dicit:
970 2074 1042 2132 ‘sic
1070 2091 1164 2134 noua
1193 2082 1322 2134 tenere
1345 2072 1536 2142 debemus,
1564 2091 1597 2132 ne

316 2168 447 2218 uetera
470 2157 854 2235 praetermittamus’:
877 2156 945 2217 ideo
969 2167 1123 2235 utramque
1144 2167 1262 2220 secutus
1278 2166 1322 2219 ast
1338 2156 1470 2235 regulam
1486 2167 1598 2238 propter

314 2243 474 2303 euloniam.

315 2477 542 2513 ululatuvntttua.

398 2535 572 2592 alacianus
591 2552 621 2607 p.
646 2538 700 2590 76.-
732 2535 806 2592 lnter
832 2534 899 2591 ‘bic'
929 2545 957 2591 et
985 2533 1051 2592 ‘liic’
1082 2545 1124 2592 est
1152 2535 1302 2594 discretio?
1346 2535 1402 2592 Est.
1448 2535 1597 2604 Quomodo?

312 2621 424 2691 Quando
447 2637 592 2694 personam
615 2619 827 2692 signifieauerit,
850 2631 881 2676 ut
904 2629 967 2695 puta
992 2623 1014 2676 si
1038 2621 1123 2677 dicam
1147 2619 1210 2677 ‘iric
1232 2621 1314 2677 bomo
1337 2623 1451 2694 ucrus',
1474 2623 1527 2678 erit
1544 2639 1599 2695 prc-

313 2723 425 2764 nomen:
454 2705 561 2779 quando
584 2705 673 2762 locum
697 2706 864 2778 ostenderit,
893 2714 923 2761 ut
945 2715 1009 2779 puta
1032 2707 1055 2762 si
1077 2706 1164 2763 dicam
1187 2705 1245 2763 ‘bic
1267 2705 1389 2762 locorum
1414 2707 1527 2781 spatio’,
1554 2707 1599 2762 erit

315 2790 481 2849 aduerbium.

397 2876 571 2933 illationes
589 2894 621 2946 p.
646 2880 697 2932 77.-
724 2877 798 2932 Vnde
820 2885 848 2931 et
870 2876 947 2932 dicit:
970 2875 1072 2950 ‘inquis
1095 2893 1174 2933 error
1196 2879 1283 2952 inest,
1306 2895 1356 2933 nec
1378 2893 1442 2951 spes
1465 2887 1507 2932 est
1531 2887 1617 2932 certas

312 2961 457 3018 laborum’.
503 2961 552 3018 71.
577 2961 609 3016 Et
631 2979 681 3035 pro
703 2978 747 3032 eo,
769 2961 841 3034 quod
865 2970 973 3017 ueteres
996 2962 1128 3019 iaciebant
1151 2962 1298 3017 ablatiuum
1321 2965 1348 3016 in
1370 2964 1379 3018 i
1402 2961 1428 3016 ‘a
1445 2960 1516 3036 qui’‚
1538 2963 1596 3018 laci·
1684 2973 1685 2980 ¹

312 3065 372 3102 rrius
394 3045 526 3120 pluralem
548 3047 576 3101 in
599 3047 668 3101 ium:
697 3044 827 3120 ‘quium’‚
849 3037 970 3103 datiuum
993 3056 1021 3103 et
1043 3047 1190 3104 ablatiuum
1214 3049 1241 3102 in
1265 3046 1329 3102 ltus:
1358 3044 1470 3120 ‘quibus
1493 3047 1553 3103 das’
1573 3056 1596 3100 et

313 3130 339 3187 ‘a
363 3131 462 3205 quibus
485 3130 601 3187 tulisti‘l'
645 3132 678 3187 Et
700 3131 770 3187 unde
792 3131 957 3204 colligebant
979 3141 1087 3188 ueteres
1111 3131 1249 3204 regulam?
1292 3132 1430 3188 Aclotiuo
1453 3147 1517 3187 casu
1549 3133 1597 3187 sin·

313 3217 409 3290 gulari.
458 3215 617 3283 Quomodo?
667 3213 778 3282 Quando
808 3216 861 3271 illis
888 3215 996 3273 datiuus
1024 3234 1102 3273 casus
1131 3216 1279 3290 singularis
1303 3211 1314 3294 ΙΙ
1336 3235 1360 3290 p.
1386 3217 1425 3274 78
1448 3209 1459 3294 ΙΙ
1484 3217 1493 3272 i
1525 3217 1596 3272 litera

313 3300 523 3370 terminabatur,
550 3300 685 3356 iaciebant
706 3301 828 3357 datiuum
850 3309 878 3356 et
901 3300 1047 3358 ablatiuum
1071 3301 1191 3376 plurales
1215 3307 1241 3357 iu
1263 3301 1329 3358 bus:
1359 3300 1471 3374 ‘quibus
1494 3302 1552 3358 das'
1573 3311 1626 3355 etn

313 3386 340 3444 ‘a
369 3388 468 3460 quibus
496 3385 607 3442 tulisti?
658 3386 712 3441 Gur
739 3387 857 3442 bonatus
885 3397 1004 3442 ueterem
1034 3386 1199 3444 locutionem
1230 3388 1348 3443 usitatus
1379 3387 1439 3442 est?
1491 3387 1599 3460 Propter
1683 3397 1684 3452 t

313 3473 507 3528 absurditatem
530 3479 558 3526 et
580 3473 706 3526 usitatam
730 3471 892 3542 locutionis,
916 3473 977 3546 quia
1000 3472 1066 3527 dicit
1088 3475 1163 3546 quis:
1188 3471 1240 3528 ‘sic
1262 3489 1332 3527 noua
1356 3471 1598 3540 consedebamus,
1683 3459 1684 3482 ¹

312 3575 346 3613 ne
369 3567 460 3624 uetera
484 3555 752 3629 praetermittamus.'
797 3557 830 3611 lu
852 3557 970 3612 Donatus
994 3557 1061 3612 banc
1084 3556 1205 3628 regulam
1229 3556 1395 3628 obseram,
1423 3557 1487 3630 quia
1510 3573 1599 3612 securi·

312 3643 375 3698 dum
399 3642 471 3716 quod
494 3639 629 3696 ablaiiuus
652 3641 801 3715 singularis
819 3658 835 3696 o
851 3641 928 3696 litera
952 3645 1122 3707 terminatur,
1145 3642 1253 3696 (latinus
1277 3651 1304 3697 et
1327 3641 1463 3698 ablatiuus
1487 3641 1599 3716 plurales

313 3729 338 3782 in
363 3727 501 3783 locutione
524 3725 586 3799 plus
608 3725 787 3796 absurditant,
811 3743 891 3799 quam
910 3737 1005 3784 ornate
1020 3727 1195 3801 pronunciari
1211 3727 1349 3798 uidentur,
1372 3735 1489 3800 propter
1503 3728 1598 3800 euphc-
1612 3737 1630 3774 1³

314 3815 384 3868 niam
407 3822 527 3867 ueterem
551 3810 722 3885 obsequutns
746 3820 787 3866 est
809 3811 942 3884 regulam.

315 4045 425 4081 courum
444 4031 668 4080 sannaus1s207
687 4043 834 4083 narraras.

380 4101 396 4149 4
415 4109 442 4148 ut
459 4107 521 4164 puta
540 4098 611 4148 solos
680 4099 695 4146 6
714 4097 754 4146 bic
772 4095 852 4163 illins]
874 4097 952 4162 Verp.
973 4100 1039 4148 Aen.
1060 4097 1077 4146 I
1095 4101 1127 4146 16
1196 4100 1228 4147 14
1246 4096 1298 4156 Qur
1315 4097 1426 4147 donatus

314 4319 425 4357 ruamur
444 4319 556 4356 coniers
575 4295 730 4354 ananensis
752 4305 799 4353 123
817 4315 964 4355 varinnas.

383 4375 394 4422 1
414 4373 477 4423 Item
496 4372 537 4421 hic
554 4385 579 4422 et
597 4372 644 4440 hec
746 4371 820 4422 ahto
839 4371 973 4432 inquorum
992 4371 1081 4436 paccio
1099 4372 1147 4420 erit
1164 4369 1314 4420 aduerbium
1334 4370 1383 4418 loci
1486 4372 1503 4420 ὁ
1521 4365 1599 4430 Vnde]

313 4443 369 4498 Ful.
382 4441 467 4490 125¹¹³
486 4441 552 4490 irride
569 4441 644 4491 edicit
712 4441 727 4488 6
746 4432 829 4489 ablato
844 4441 870 4488 in
889 4438 924 4487 liii
943 4455 958 4488 a
976 4440 1021 4500 qui
1038 4438 1162 4488 faciamus
1181 4439 1294 4502 genitiuo
1313 4436 1403 4503 plurali
1474 4439 1599 4502 ‘lquiaum

380 4508 450 4558 abim
469 4508 513 4574 pls
532 4510 556 4558 in
575 4511 623 4558 bns
642 4509 734 4570 quibus
753 4508 846 4570 qulbus
864 4508 911 4556 das
980 4508 995 4556 8
1014 4507 1127 4570 regulam
1146 4507 1257 4555 ablotiuo
1275 4522 1337 4555 casu
1418 4507 1434 4554 9
1453 4503 1513 4571 sing
1527 4507 1601 4554 littera

315 4580 345 4629 10
362 4578 468 4644 pluralis
487 4580 511 4626 in
531 4578 578 4627 bus
596 4578 689 4640 quibus
708 4577 754 4625 dus
773 4586 830 4624 eta
853 4576 945 4637 quibus
970 4575 1049 4624 tulisti
1067 4585 1092 4624 et
1110 4576 1177 4624 unde
1199 4574 1353 4638 colligebant
1376 4575 1468 4624 ueteris
1493 4574 1600 4640 regulum
1681 4593 1682 4600 1

313 4647 432 4695 adatiuo
450 4660 511 4694 casu
533 4647 656 4711 singulari
680 4644 809 4706 quomodo
832 4643 934 4704 quando
957 4641 1007 4691 illis
1030 4643 1133 4692 datiuus
1157 4640 1296 4708 singularis
1319 4643 1400 4692 littera
1428 4643 1601 4692 terminabatur

313 4715 438 4764 iaciebant
456 4715 571 4763 datiuum
589 4724 614 4763 et
631 4713 769 4762 ablatiuum
793 4710 914 4776 pluralem
940 4712 964 4759 iu
984 4711 1030 4759 bus
1049 4711 1142 4771 quibua
1160 4711 1207 4760 das
1226 4723 1282 4760 eta
1300 4711 1394 4772 quibus
1414 4711 1503 4763 tulisti.
1539 4709 1602 4767 Quur

313 4784 421 4831 (loliatus
493 4784 745 4832 molestationem
797 4782 854 4842 quis
872 4795 941 4828 crocia
995 4781 1025 4829 13
1043 4781 1258 4843 pretermittamus
1330 4780 1461 4828 14li1tera
1532 4778 1600 4828 lain

313 4849 464 4899 locutionem
484 4851 541 4915 plus
559 4850 702 4900 abstruditer
720 4863 796 4911 quiam
817 4860 903 4898 oritate
921 4848 1091 4912 protiturciare
1161 4849 1192 4896 16
1211 4847 1347 4896 adsecutus
