3412 5452
295 363 436 416 cnxxtn
832 348 1058 405 smannens.

293 553 391 604 cetera
461 539 690 604 testatiora
761 537 803 602 29
832 549 924 603 tracta
953 523 1206 622 singulas'pcntes
1228 559 1286 604 ont.
1359 537 1398 603 31
1428 543 1507 603 enini
1532 559 1595 606 om-

293 641 335 706 32
358 644 540 706 oceanitides
604 635 841 706 messanensis
905 645 1130 722 greosgicotnm
1154 653 1211 704 etc.

381 748 498 806 Desinit
521 748 579 806 ltoc
596 745 806 820 frapmentum
828 749 859 806 in
876 764 913 822 p.
937 752 1003 820 511,
1029 753 1067 805 20
1088 749 1128 808 K.

829 929 1057 941 *—

852 1115 936 1181 Can.
959 1115 1024 1182 111.

341 1270 401 1336 DE
430 1269 651 1337 PRISOIANI
681 1268 1006 1366 COMMENTARIO
1035 1269 1314 1336 EINSIDLENSI
1339 1267 1545 1346 antistite

535 1389 707 1456 GLOSSIS
729 1387 1004 1455 PRISCIANEIS
1026 1388 1343 1456 BERNENSIBVS.

384 1563 602 1628 Commentarii
623 1563 782 1626 cuiusdam
808 1563 842 1625 in
866 1563 1056 1626 Priscianum
1085 1561 1285 1626 Einsidlensis
1312 1567 1489 1626 mentionem
1513 1561 1597 1636 fecit

297 1667 453 1729 Martinus
482 1665 628 1727 Hertzius
649 1665 759 1744 praes.
787 1669 808 1727 Ι
836 1685 868 1742 p.
892 1667 959 1728 XX
964 1668 1063 1729 VIIII
1090 1670 1149 1741 ita,
1184 1675 1217 1727 ut
1243 1683 1284 1728 ex
1314 1664 1597 1743 interpretamentis

295 1771 471 1850 Scotorum,
493 1771 628 1838 Donato,
652 1769 778 1842 Seruio,
803 1769 915 1838 Paulo,
939 1769 1042 1842 Beda,
1072 1765 1144 1829 aliis
1171 1785 1236 1830 eum
1258 1767 1509 1830 consarcinatum
1532 1785 1597 1827 esse

283 1870 421 1932 diceret.
467 1872 561 1947 Atque
588 1871 645 1931 ltoc
667 1879 749 1931 recte
770 1868 939 1944 intellexit,
970 1887 1149 1946 quamquam
1172 1869 1274 1931 nescio
1300 1887 1342 1931 an
1370 1889 1431 1932 nou
1456 1867 1599 1932 seuerius

262 2023 265 2029 .
296 1971 394 2049 aperit
421 1970 473 2034 uir
501 1974 703 2046 doctissimus,
733 1970 787 2047 qui
810 1971 964 2047 penninae
990 1974 1163 2048 solidaeque
1185 1970 1345 2033 doctrinae
1367 1969 1500 2047 uestipia
1522 1989 1596 2032 nas-

298 2093 388 2151 quam
408 2075 479 2148 sere
501 2090 654 2150 apparere
674 2075 877 2134 contenderet.
924 2073 1002 2134 Nam
1030 2072 1087 2134 etsi
1115 2091 1214 2149 nupas
1240 2071 1336 2134 inesse
1362 2091 1423 2134 non
1445 2080 1491 2135 est
1513 2073 1599 2149 quod

297 2193 457 2252 necemus,
471 2183 584 2236 damen
612 2177 656 2236 ad
680 2177 920 2251 capnoscendam
950 2174 1034 2237 illius
1055 2174 1166 2237 uetans
1188 2173 1267 2236 artis
1286 2178 1508 2250 prammatieae
1530 2182 1597 2235 tra-

297 2279 429 2340 ctandae
455 2275 605 2338 rationem
633 2274 867 2340 commentarius
893 2275 949 2338 iste
978 2295 1038 2340 non
1065 2276 1131 2338 sine
1158 2276 1263 2353 aliquo
1283 2286 1432 2338 momento
1453 2293 1519 2337 esse
1541 2277 1598 2336 ita-

297 2381 411 2442 iendus
432 2387 487 2441 est.
533 2379 745 2456 Quamobrem,
769 2390 932 2456 postquam
953 2396 1019 2441 eum
1040 2378 1175 2440 codicem
1192 2397 1252 2456 per
1274 2377 1340 2440 dies
1361 2381 1492 2454 aliquot,
1521 2380 1596 2438 dum

298 2485 384 2558 apud
410 2481 575 2543 monachos
603 2480 809 2542 Einsidtenses
835 2498 935 2542 moror
968 2479 1056 2542 libris
1083 2479 1281 2558 inspiciendis
1310 2497 1434 2557 operam
1462 2499 1595 2553 nauans,

299 2587 397 2645 denuo
415 2581 589 2660 perquisiui
610 2591 701 2658 atque
719 2581 929 2660 pertrectaui,
961 2601 1021 2644 non
1044 2600 1152 2660 pauca
1173 2586 1299 2644 inuenta
1319 2592 1389 2644 sunt
1396 2629 1407 2660 ,
1436 2601 1516 2660 quae
1536 2599 1597 2642 me-

298 2693 418 2747 moratu
439 2703 500 2747 non
522 2683 652 2760 indicna
674 2684 863 2748 uiderentur.

383 2790 467 2849 Inest
480 2786 577 2862 icitur
590 2789 622 2848 in
637 2786 744 2848 codice
765 2786 952 2849 Einsidlensi
966 2795 1012 2861 32,
1037 2805 1117 2849 saec.
1134 2788 1272 2848 X-XI
1285 2789 1599 2863 scholiorumcorpus

299 2892 431 2965 undique
457 2907 497 2951 ex
525 2888 641 2964 aliquot
670 2887 828 2951 &esaiani
855 2888 1027 2965 codicibus„
1063 2888 1116 2966 qui
1143 2889 1266 2951 scholiis
1292 2887 1519 2965 marpinaliltns
1548 2889 1599 2949 uel

299 2989 551 3052 interlineariias
572 2995 676 3053 ornati
695 3001 792 3061 erant,
815 3001 988 3068 conpactum
1010 2999 1101 3068 atque
1122 2991 1193 3060 sine,
1211 2993 1273 3053 ullo
1294 3007 1396 3052 rerum
1418 2989 1529 3052 ordine
1549 2989 1598 3050 ita

300 3091 555 3171 consarcinatum,
578 3101 612 3156 ut
631 3093 779 3155 librorum
795 3097 1042 3170 exponendorum
1057 3092 1150 3154 series
1164 3096 1339 3169 compluries
1360 3094 1398 3153 ab
1412 3091 1479 3168 ipso
1495 3095 1599 3168 operis

301 3194 393 3256 initio
413 3204 611 3272 repeteretur,
634 3214 693 3271 quo
710 3195 830 3270 sactum
853 3205 906 3275 est,
929 3204 961 3257 ut
982 3198 1103 3256 eaedem
1124 3212 1216 3272 saepe
1230 3193 1436 3272 expositiones
1452 3191 1599 3270 plurt'lrus

300 3295 375 3358 loeis
402 3295 536 3358 iteratae
561 3299 715 3373 tepantur.
760 3298 875 3358 Eadem
896 3305 940 3358 est
961 3295 1044 3358 ratio
1065 3299 1198 3359 aliarum
1218 3301 1390 3374 plassarum
1412 3297 1599 3357 laiseianeis

302 3397 546 3480 subiunctas-tua,
574 3416 651 3474 quae
678 3399 722 3459 ad
750 3397 873 3460 diuersa
901 3397 1092 3461 diuersorum
1114 3406 1271 3460 auctuum
1291 3397 1410 3476 scripta
1429 3395 1597 3474 pertinent.

301 3504 348 3562 de
368 3499 477 3562 ceteris
498 3499 633 3578 scriptas,
657 3517 735 3578 qnae
756 3499 790 3562 in
811 3519 847 3562 eo
867 3500 947 3564 libro
967 3500 1175 3577 continentur,
1199 3500 1367 3576 aliquando
1388 3499 1423 3562 in
1446 3497 1599 3560 analectis

303 3603 540 3664 Einsidtensibus
560 3620 693 3678 operans.

387 3703 567 3766 anactea
594 3703 691 3780 ipitur
719 3703 836 3766 scholia
863 3708 1027 3767 maximam
1049 3715 1173 3784 partem
1200 3713 1340 3767 constant
1366 3723 1407 3767 ex
1433 3702 1597 3766 inusitata-

302 3824 371 3869 rum
398 3823 504 3868 uocum
533 3810 581 3868 uel
608 3805 791 3868 locutionum
819 3806 1118 3886 interpretationibus
1145 3809 1192 3869 uei
1219 3811 1297 3868 adeo
1323 3824 1426 3869 rerum
1447 3809 1595 3883 ipsarum,

304 3911 342 3970 de
363 3907 470 3985 quidus
491 3910 578 3985 apud
597 3907 788 3971 Priscianam
816 3913 866 3972 uel
894 3919 1033 3972 auctores
1055 3895 1214 3970 Prisciani
1230 3913 1344 3986 apitur.
1389 3911 1456 3971 Iam
1478 3926 1519 3968 eu
1540 3905 1598 3968 illa

300 4009 472 4087 sarrapine
493 4027 529 4070 ea
546 4027 726 4087 proponam,
751 4016 880 4088 quaein
904 4011 1059 4074 Prisciani
1079 4014 1178 4073 aerias
1199 4011 1295 4089 ipsius
1316 4018 1370 4074 aut
1391 4014 1597 4088 interpretan-

304 4115 351 4174 dis
373 4121 427 4175 aut
447 4115 638 4174 recensendis
659 4121 832 4176 uersentur.

391 4216 488 4293 {NCii'
521 4221 642 4294 Gnosi:
675 4231 725 4293 EX
757 4231 875 4294 PRIMO
908 4232 1022 4295 niano
1049 4219 1134 4296 eni.
1184 4231 1436 4320 Constantinopoli
1467 4233 1597 4311 scripsit.

305 4335 503 4398 Caesariensis
530 4353 545 4394 a
575 4335 711 4397 Caesario
742 4333 909 4396 deriuatom
938 4346 982 4397 est
1008 4337 1129 4398 ciuitate
1157 4337 1355 4405 Graecorum,
1383 4337 1415 4396 in
1443 4353 1499 4414 qna
1529 4333 1597 4394 iicet

305 4437 453 4506 Romano,
482 4444 514 4498 nt
537 4435 655 4506 dicunt,
685 4439 828 4515 sangnine
856 4437 962 4499 ductus
990 4447 1076 4498 natas
1106 4446 1164 4509 est,
1193 4438 1244 4499 ubi
1268 4448 1297 4498 et
1319 4436 1422 4498 didicit
1443 4445 1473 4497 ει
1494 4446 1595 4518 postea

308 4539 420 4624 (postea
442 4538 520 4620 cod.)
552 4539 806 4620 Constantinopoli
834 4539 934 4602 docuit
961 4548 1049 4618 atque
1076 4539 1117 4601 ibi
1146 4540 1226 4602 hunc
1255 4538 1362 4601 librum
1385 4539 1497 4601 loliano
1518 4540 1596 4619 Apo·

306 4650 400 4702 statae
423 4643 550 4718 scripsit.

320 4730 323 4738 ’
392 4743 402 4802 Ι
426 4763 453 4823 p.
472 4741 499 4812 1,
516 4738 536 4804 9
551 4743 591 4803 H:
616 4742 801 4823 Scrupulosis
817 4741 1054 4825 quaestionibus]
1079 4743 1222 4806 Metaiosa
1244 4753 1288 4806 εει
1312 4753 1402 4806 tracta
1425 4743 1474 4824 (sit
1490 4751 1597 4803 nactas

306 4843 385 4926 cod.)
409 4845 446 4906 ab
469 4846 596 4918 itanena3
625 4847 783 4930 scrupulus
806 4855 851 4907 est
873 4849 952 4908 enim
975 4847 1078 4909 bannis
1100 4845 1232 4930 lapillus,
1261 4847 1340 4909 unde
1361 4848 1544 4928 iscrupulnm
1568 4856 1597 4906 et
