3400 5450
655 387 866 440 annunciare.
1368 387 1408 452 67

197 577 276 650 Quot
297 584 368 638 sunt
389 575 550 636 diuisiones
572 573 718 653 qualitatis
738 573 934 655 appellatiuae
950 582 980 634 et
994 595 1086 655 quare
1101 575 1276 656 appellatiua
1292 577 1410 636 nomina

110 679 269 741 dicunturi
312 677 483 740 Isidorus
506 677 648 746 ostendit,
676 693 743 736 carm
766 676 852 737 dicit:
881 675 1121 756 Appellatiua
1150 679 1296 739 nomina
1324 677 1411 739 inde

109 789 310 851 uocantur,
349 779 447 862 quod
485 781 690 841 communia
722 784 810 839 sunt
842 784 878 837 et
909 778 945 838 in
980 777 1179 840 multorum
1211 779 1412 856 signitica-

109 886 215 946 tione
238 883 463 944 consistunt.
501 881 597 943 llaec
620 882 655 942 in
679 880 817 958 uiginti
841 885 982 957 septem
1006 883 1154 960 species
1177 880 1411 944 diuiduntur.

82 983 175 1046 ⁵nua
198 986 277 1045 euim
300 990 370 1046 sunt
392 981 571 1063 corporalia,
596 981 652 1042 alia
669 981 883 1060 incorporalia,
908 981 963 1042 alia
980 983 1146 1062 primitius,
1170 982 1226 1044 alia
1243 983 1411 1051 diriuatiua,

109 1086 168 1147 alia
190 1086 380 1156 diminutius,
404 1083 460 1145 alia
476 1103 549 1146 sono
566 1083 757 1158 diminutius,
782 1091 841 1144 tota
857 1083 985 1152 Graeca,
1009 1089 1069 1144 tota
1086 1084 1205 1155 Latina,
1228 1086 1306 1146 inter
1322 1084 1413 1146 Grae·

109 1204 178 1248 cam
201 1187 393 1267 Latinumque
421 1186 562 1262 sormam,
591 1184 648 1246 alia
677 1185 854 1266 homonyma
882 1185 940 1246 hoc
962 1191 1008 1246 est
1031 1187 1230 1258 uninomina,¹
1248 1186 1303 1247 alia
1326 1205 1413 1266 syno-

108 1305 201 1368 nyma
229 1287 277 1349 uel
306 1287 481 1369 polyonyma
510 1289 568 1350 hoc
591 1295 635 1349 est
657 1285 872 1372 plurinomina,
902 1285 956 1347 alia
979 1289 1198 1367 patronomica,
1228 1285 1284 1349 alia
1308 1291 1413 1349 ctetica

109 1393 177 1450 alia
197 1392 343 1467 epitheta,
372 1393 436 1450 alia
457 1392 633 1470 qualitatis,
664 1392 728 1450 alia
756 1392 948 1468 quantitatis,
978 1392 1042 1450 alia
1061 1393 1174 1466 acatis,
1205 1389 1260 1451 alia
1289 1391 1413 1471 patriae,

71 1501 95 1540 1⁰
109 1491 168 1552 alia
195 1491 268 1562 loci,
292 1491 348 1554 alia
371 1493 503 1560 numeri,
531 1489 587 1552 alia
610 1491 738 1560 ordinis,
762 1489 818 1551 alia
840 1490 876 1552 ad
900 1489 1010 1569 aliquid
1034 1491 1128 1560 dicta,
1156 1491 1212 1553 alia
1241 1492 1277 1552 ad
1306 1491 1414 1571 aliquid

109 1591 330 1671 quodammodo
365 1612 398 1654 se
433 1592 588 1662 habentia,
625 1591 681 1653 alia
718 1590 882 1671 generalia,
920 1591 977 1653 alia
1013 1591 1164 1672 specialia,
1203 1593 1259 1655 alia
1296 1593 1414 1654 uerhia·

110 1693 164 1764 lia,
195 1693 250 1756 alia
280 1695 444 1775 participiis
470 1693 591 1763 similia,
622 1693 679 1755 alia
710 1691 811 1754 uerhis
844 1692 961 1756 similia.
1007 1693 1193 1774 Corporalia,
1223 1713 1280 1775 qua
1304 1741 1414 1756 .....

110 1815 195 1858 marc
229 1804 258 1858 et
292 1803 399 1858 cetera.
455 1794 657 1876 Incorporalia
690 1813 782 1875 quare
817 1794 973 1856 dicuntur?
1032 1793 1107 1866 Quia
1141 1807 1245 1858 carent
1276 1813 1414 1875 corpore,

109 1905 145 1958 at
175 1899 285 1958 iustitia
318 1896 446 1976 dignitas
483 1896 606 1976 angelus
642 1897 748 1958 anima.
801 1895 954 1958 Primitiua
985 1899 1106 1959 nomina
1137 1915 1229 1976 quare
1257 1897 1414 1960 dicuntur?

74 2008 98 2050 1⁵
114 1998 191 2069 Quia
220 2001 345 2079 primam
373 2000 553 2080 positionem
582 1997 694 2060 hahent
721 2016 777 2058 nec
806 1997 925 2059 aliunde
947 2006 1123 2069 nascuntur,
1153 2006 1185 2060 ut
1207 2017 1292 2061 mons
1314 1998 1414 2061 schola

109 2107 193 2162 terra
217 2100 306 2162 horno
328 2100 453 2162 caelum.
499 2101 661 2162 lliriuatiua
684 2098 751 2160 ideo
773 2100 923 2169 dicuntur,
947 2103 1013 2179 quia
1039 2119 1074 2161 ex
1098 2099 1156 2161 alio
1179 2102 1299 2162 nomine
1322 2101 1415 2162 dedu·

110 2208 230 2272 cantur,
254 2210 287 2263 ut
309 2210 466 2265 montanus
488 2223 504 2264 a
527 2210 627 2264 monte
650 2201 767 2271 dicitur,
791 2201 985 2262 scholasticus
1000 2220 1015 2261 a
1032 2200 1134 2263 schola
1156 2221 1266 2263 nornen
1290 2204 1413 2282 acecpit,

111 2308 141 2363 et
162 2307 302 2364 terrenus
323 2323 339 2365 a
363 2311 441 2366 terra
465 2305 646 2374 nominatur,
670 2304 713 2363 sic
735 2322 751 2364 a
773 2302 857 2364 caelo
880 2301 1015 2364 caelestis
1037 2303 1155 2366 dicitur.
1194 2305 1237 2366 lle
1252 2303 1299 2366 his
1314 2313 1413 2366 autem

109 2403 278 2466 diriuatluis
310 2405 481 2468 nominibus
509 2407 777 2485 grammaticus
800 2403 886 2466 dicit:
932 2404 966 2465 ln
989 2405 1149 2483 primitiuis
1178 2413 1208 2466 et
1231 2404 1416 2468 diminutiuis

72 2506 285 2568 acuminibus
308 2517 353 2570 est
374 2510 449 2570 ratio
471 2510 502 2569 in
524 2504 797 2576 terminationibus,
821 2507 850 2565 in
874 2504 1041 2566 diriuatiuis
1064 2525 1137 2568 uero
1161 2505 1242 2568 nulla
1265 2515 1311 2569 est
1325 2509 1415 2569 ratio:

109 2609 212 2670 uarias
248 2611 327 2671 enim
363 2618 393 2671 et
420 2609 599 2690 multiplices
626 2609 741 2689 species
769 2606 881 2668 hahent
908 2609 938 2668 in
968 2606 1228 2668 terminationibus
1256 2607 1415 2670 diriuatiua

110 2711 244 2772 nomina.
287 2710 451 2791 Aliquando
480 2713 559 2773 eninr
588 2712 619 2771 in
647 2709 701 2772 alis
731 2708 871 2769 desinunt
892 2709 941 2770 uel
962 2709 994 2769 in
1017 2707 1062 2769 ale
1084 2708 1228 2788 producta
1251 2727 1268 2770 a
1291 2711 1416 2788 paenul-

109 2811 200 2880 tima,
225 2817 257 2872 ut
278 2813 361 2874 curia
384 2811 504 2874 curialis
527 2821 556 2874 et
577 2810 704 2882 curiale,
728 2811 870 2871 memoria
887 2809 1070 2874 memorialis
1086 2819 1114 2872 et
1130 2809 1317 2881 memoriale,
1341 2829 1415 2872 neu·

111 2921 193 2974 trum
222 2915 366 2977 neutralis
399 2922 427 2976 et
453 2913 603 2986 neutrale,
638 2913 784 2974 iudicium
810 2910 958 2973 iudicialis
988 2921 1018 2973 et
1045 2911 1200 2982 iudiciale,
1235 2913 1278 2974 sic
1305 2911 1415 2993 hospes

73 3026 97 3067 2⁵
112 3013 285 3094 hospitalis,
308 3017 392 3078 nauis
414 3016 540 3092 naualis,
565 3033 673 3095 corpus
696 3012 861 3094 corporalis
877 3012 888 3096 ΙΙ
904 3015 924 3076 i.
940 3010 1001 3076 81b
1018 3011 1041 3097 ll.
1080 3013 1143 3076 ntia
1158 3016 1188 3075 in
1205 3013 1260 3076 elis
1275 3015 1416 3077 desinunt

109 3117 259 3198 producta
279 3137 304 3188 e,
329 3125 362 3180 ut
381 3117 458 3180 lidus
481 3117 589 3188 tidelis,
614 3117 725 3179 crudus
747 3113 892 3184 crudelis,
915 3101 1038 3195 patruus
1060 3115 1218 3194 patruelis,
1241 3117 1335 3178 irater
1356 3116 1416 3178 ira-

110 3218 229 3281 truelis.
273 3220 337 3281 ntia
364 3222 395 3281 in
422 3219 470 3281 ilis
499 3229 529 3282 et
554 3221 585 3281 in
612 3219 653 3280 ile
681 3219 822 3279 desinunt
846 3219 856 3277 i
879 3216 997 3295 longam
1025 3218 1236 3297 paenultimam
1265 3218 1414 3290 habentia,

111 3327 147 3381 ut
161 3320 253 3382 aedes
267 3319 349 3381 aedis
364 3321 482 3392 sedilia,
505 3339 598 3384 senex
620 3319 738 3398 senilis,
761 3338 835 3380 anus
857 3318 958 3390 anilis,
982 3339 1057 3400 puer
1080 3321 1216 3402 puerilis,
1239 3323 1287 3383 uir
1310 3321 1416 3392 uirilis,

112 3423 191 3484 ciuis
218 3419 329 3492 ciuilis,
359 3442 465 3485 seruus
493 3426 625 3492 semilis,
653 3440 728 3501 gens
754 3418 888 3499 gentilis,
917 3419 1010 3483 hostis
1037 3423 1165 3485 hostilis.
1209 3423 1283 3486 ltem
1312 3425 1341 3485 in
1364 3423 1416 3496 ile,

74 3532 146 3585 aut
174 3525 244 3585 ouis
272 3523 365 3592 ouile,
395 3544 503 3587 munus
532 3523 658 3593 munile,
687 3521 773 3584 sedes
798 3521 901 3583 sedile.
946 3521 1007 3584 Alia
1031 3531 1169 3604 correpta
1191 3525 1202 3584 i
1223 3523 1416 3604 paenultima,

113 3637 147 3688 ut
174 3628 240 3689 iero
269 3625 391 3696 fertilis,
426 3635 493 3688 utor
519 3626 613 3694 utilis,
643 3623 711 3685 uolo
739 3622 882 3693 uolatilis,
912 3630 1010 3687 textus
1037 3625 1163 3697 textilis,
1192 3627 1279 3687 iactus
1309 3625 1415 3698 fictilis,

110 3747 187 3809 paro
214 3728 327 3808 parilis.
377 3727 440 3790 hlia
469 3731 498 3789 in
527 3729 587 3791 aris
615 3726 757 3786 desinunt
783 3724 929 3804 producta
958 3745 974 3786 a
1002 3725 1200 3807 paenultima,
1229 3734 1262 3789 ut
1287 3728 1417 3810 populus

112 3829 282 3912 popularis,
312 3830 448 3910 singulus
476 3828 652 3908 singularis,
681 3824 786 3888 consul
814 3826 996 3899 consularis,
1026 3828 1112 3891 miles
1135 3829 1286 3902 militaris,
1314 3829 1416 3892 schola

113 3931 276 4003 scholaris,
300 3932 408 3994 iamilia
431 3931 598 4001 iamiliaris;
622 3929 679 3990 alia
700 3931 732 3990 in
755 3928 853 3999 uhris,
877 3937 910 3990 ut
930 3930 1010 3993 salus
1025 3931 1169 4002 salubris;
1192 3931 1248 3994 alia
1270 3935 1301 3994 in
1325 3932 1415 4004 chris,

76 4043 147 4096 aaut
168 4033 281 4096 mulier
302 4033 471 4104 mulichris;
501 4033 556 4096 alia
584 4035 614 4094 in
639 4034 691 4104 tis,
721 4039 754 4092 ut
781 4049 853 4110 ager
880 4034 944 4111 agri
972 4036 1112 4114 agrestis,
1141 4036 1183 4097 sic
1206 4033 1320 4096 caelum
1343 4034 1416 4098 caeli

185 4255 287 4318 iquod
357 4251 517 4319 ilsidorus]
535 4255 552 4304 I
570 4257 635 4318 a,5
702 4253 762 4303 tin
782 4251 874 4317 uiginti
893 4251 1004 4322 septem]
1025 4255 1116 4320 uiginti
1136 4263 1193 4304 octo
1212 4255 1332 4307 Isidorus
1401 4259 1416 4307 7

115 4324 247 4374 omonimo
316 4323 456 4388 urrinomya
506 4325 643 4386 sinonpma
712 4320 895 4386 8polion5ma
946 4321 1103 4387 plurinomia
1171 4322 1263 4372 tethica
1281 4323 1332 4374 alie
1348 4327 1415 4390 patri

114 4391 164 4440 alis
183 4391 246 4452 loci,
269 4393 368 4442 ornaris
384 4391 490 4454 cetera,
516 4407 581 4457 quae
599 4387 811 4457 exsequentibus
833 4391 958 4454 srcppleui.
1047 4393 1078 4440 12
1096 4391 1310 4457 corporalisque
1329 4429 1336 4444 .
1355 4429 1363 4442 .
1382 4429 1387 4441 .
1408 4431 1414 4442 .

115 4456 194 4524 mare]
216 4459 345 4510 Lauinam
362 4461 400 4509 ita
415 4461 473 4521 fere
492 4464 614 4525 expleas:
633 4456 782 4523 corporalia
800 4471 880 4518 quare
896 4457 1033 4508 dicuntur?
1070 4458 1134 4516 Quia
1152 4459 1247 4510 hahent
1264 4475 1369 4526 corpus,
1389 4472 1417 4510 ut

118 4541 294 4582 ....mare
312 4538 337 4576 et
353 4539 437 4577 cetera
505 4530 537 4579 13
555 4542 664 4594 corpore
681 4535 709 4575 ut
726 4525 817 4576 addidi
885 4526 917 4575 id
935 4527 979 4588 qui
996 4527 1106 4592 primurn
1125 4527 1294 4592 possitionem
1347 4529 1416 4579 scola

116 4596 146 4644 tt
164 4595 217 4646 alia
285 4596 330 4657 Ι17
348 4596 497 4646 scolasticus
516 4611 531 4645 a
549 4597 619 4648 scola
699 4595 731 4644 19
749 4591 918 4659 gramaticus]
936 4595 971 4652 es.
989 4595 1073 4647 Prisc.
1094 4594 1112 4644 I
1126 4611 1153 4660 p.
1174 4597 1235 4660 130,
1254 4598 1288 4646 20
1304 4611 1359 4663 seq.
1377 4598 1414 4648 H.

114 4664 147 4713 20
164 4659 326 4728 dlriuatiuis]
343 4663 512 4714 diminutiuis.
548 4665 592 4716 Aa
609 4665 706 4730 patius:
725 4664 752 4711 in
770 4661 987 4712 denominatiuis?
1056 4665 1090 4713 22
1107 4665 1133 4712 in
1152 4663 1209 4714 aliis
1261 4664 1417 4730 peneultime

115 4733 147 4781 nt
164 4731 285 4782 indicalls
304 4743 329 4780 et
346 4732 456 4788 iudicale
473 4733 495 4781 si
514 4732 604 4798 hospis
690 4731 724 4782 25
741 4729 850 4778 nauialis
923 4731 956 4780 26
973 4727 1098 4796 producte
1115 4742 1143 4781 ut
1160 4731 1219 4782 ildis
1288 4734 1321 4782 2⁷
1338 4747 1418 4798 pene·

116 4799 241 4867 ultimam,
259 4801 299 4850 cic
314 4813 417 4865 semper
430 4802 490 4865 sere
557 4801 591 4851 ‘28
609 4800 689 4852 hedes
708 4798 763 4850 edis
781 4797 855 4847 edilis
925 4800 958 4849 29
976 4799 1077 4850 seruilis
1095 4815 1143 4852 oar.
1199 4801 1233 4851 30
1250 4801 1321 4850 sedis
1384 4803 1417 4860 32

115 4868 139 4919 in
158 4869 193 4920 ris
246 4869 388 4938 penultima
455 4871 488 4921 33
505 4867 574 4920 milis
626 4868 694 4920 scola
713 4867 819 4918 scolaris
838 4865 927 4916 fimilia
996 4869 1029 4920 35
1047 4869 1157 4935 egrestis
1174 4867 1222 4920 «seli
1240 4868 1366 4922 caelestus

1175 4953 1211 5010 5.
