3394 5448
529 352 605 404 CVM
623 353 827 408 excuseris
846 355 1014 407 I'NEDITIS.
1327 375 1416 422 CCXV

125 542 194 602 liant
216 561 281 601 eam
305 541 396 604 rreluti
420 543 569 604 uiuentem
593 543 753 606 homiuem.
802 543 872 604 Post
896 545 1057 606 discessum
1082 545 1160 606 louis
1186 545 1260 606 lacta
1279 554 1322 607 est
1337 547 1412 608 idola

124 628 227 687 similis
255 627 348 692 illius,
377 630 420 688 sic
449 647 514 690 eam
543 629 690 689 uocabant
718 629 862 708 ‘luppiter
890 633 1020 710 optimus
1047 632 1214 692 marimus'.
1259 632 1317 692 Sed
1346 635 1414 713 quia

125 730 182 772 uon
206 723 271 773 erat
288 711 329 772 ibi
358 713 475 783 similis,
507 714 558 793 qui
587 713 627 773 illi
657 715 860 792 praeferretur
887 723 937 776 aut
964 717 1011 776 cui
1038 714 1087 776 ille
1115 716 1330 796 praeferretur,
1359 720 1414 779 iste

123 797 321 876 superlatiuus
344 797 390 858 arel
414 818 469 877 pro
491 800 620 876 positiuo
649 799 853 878 accipiendum
883 809 935 860 est.
981 799 1053 861 ltem
1082 805 1291 880 conparatiuus
1319 806 1415 864 nomi·

100 884 222 943 snatiuo
246 885 391 958 iungitur,
428 892 460 943 ut
488 883 601 944 doctior
630 883 677 943 liic
705 902 791 964 quarn
820 883 880 944 ille.
924 884 1097 955 Quomodo?
1150 887 1221 948 Puta
1251 889 1276 946 si
1303 887 1415 949 dicam:

124 967 249 1027 ‘doctior
273 966 393 1038 Viurila,
417 987 505 1047 quam
520 969 697 1030 Arruntius'.

649 1101 698 1216 tul
720 1100 881 1216 censuit.

207 1343 366 1406 Eunuchus
388 1343 456 1422 quid
481 1303 696 1418 intellegiturl·
724 1342 774 1402 Vir
797 1303 991 1403 effeminatus.
1036 1341 1192 1404 Comoedia
1222 1344 1309 1422 quid?
1353 1345 1415 1406 Μυ-

122 1429 209 1490 lieres
238 1430 421 1490 meretrices.
467 1427 631 1506 Tragoedia
659 1427 750 1504 quid?
794 1425 918 1488 Carmen
948 1426 1116 1489 luctuosum
1145 1426 1192 1489 uel
1221 1429 1414 1508 strangulatio

88 1535 109 1571 ro
122 1517 248 1594 gutturis
271 1515 319 1575 nel
342 1531 432 1574 snuus
453 1514 617 1574 sullocatic.

203 1699 217 1784 11
234 1702 255 1762 l.
272 1698 333 1763 86¹»
348 1697 362 1784 ll
376 1699 441 1762 Alia
463 1719 537 1762 sono
560 1698 736 1768 masculina,
766 1697 919 1760 intellectu
941 1708 1061 1770 neutra,
1090 1707 1123 1761 ut
1145 1699 1268 1782 pelagus
1296 1700 1412 1781 uulgus.

120 1786 235 1858 Ouare'l
279 1785 358 1847 Sono
381 1786 542 1848 masculina
564 1792 641 1855 sunt,
665 1784 717 1845 sed
740 1782 890 1845 intellectu
918 1793 1031 1846 neutra.
1079 1785 1118 1846 [la
1148 1788 1211 1847 elus
1235 1787 1412 1866 exemplum.

120 1870 256 1933 ‘Altum
279 1870 434 1952 pelagus
457 1871 579 1940 lerit';

216 1956 353 2036 Vulgus
375 1966 411 2017 et
431 1959 665 2018 innumerum
688 1953 862 2016 releuans
884 1955 925 2015 ad
949 1954 1072 2017 sidera
1095 1955 1202 2016 duxit
1209 2003 1323 2020 ......

85 2079 107 2117 u
122 2058 263 2121 Balneum
288 2061 318 2120 io
341 2057 542 2138 singularitate
571 2059 654 2118 cuius
681 2059 800 2135 generis
827 2057 887 2118 cst?
931 2057 1043 2130 Neutri.
1088 2060 1129 2119 lia
1153 2060 1214 2119 eius
1236 2058 1412 2137 exemplum.

120 2143 387 2214 ‘Sibalneum,
411 2141 729 2206 ubicalelactiol'
775 2141 810 2202 Et
832 2145 862 2202 iu
877 2141 1064 2221 pluralitate?
1100 2145 1255 2206 Temiuini.
1294 2144 1414 2205 itacius

119 2228 297 2306 exemplum.
348 2223 411 2290 ‘Ne
438 2231 541 2309 ipsae
571 2227 727 2288 balneae
756 2235 948 2297 corruant,
983 2227 1043 2288 ubi
1072 2227 1276 2290 Corinthus
1309 2228 1413 2290 lauat

82 2383 83 2386 Ἴ
118 2317 294 2376 ueritatis
326 2315 536 2375 inimicus’.
587 2313 729 2374 Tartarus
763 2313 845 2373 cuius
876 2314 994 2390 generis
1028 2315 1090 2372 est?
1144 2313 1177 2374 ln
1210 2313 1412 2393 singularitate

119 2398 280 2461 masculini.
325 2398 358 2460 D.
383 2419 409 2460 e.
434 2418 460 2460 e.
716 2461 724 2470 ,

83 2507 106 2544 so
577 2483 758 2544 Tartarus
782 2481 949 2542 horrens.

6 2596 7 2638 3
118 2571 152 2631 lit
174 2572 204 2630 in
228 2567 394 2650 pluralitate
416 2569 519 2630 cuius?
557 2568 669 2629 Neutri.
715 2567 747 2628 ll.
772 2586 798 2627 e.
823 2586 848 2628 c.

294 2654 447 2715 Tartara
471 2671 580 2715 saeua
604 2652 734 2733 petisti
757 2650 847 2712 dura
870 2649 1035 2712 claustra
1059 2652 1225 2712 diruens.

119 2739 236 2802 Caelum
259 2743 291 2800 iu
314 2737 516 2818 singularitate
538 2740 623 2799 cuius
645 2738 763 2816 generis
786 2737 845 2797 est?
891 2737 1002 2798 Neutri.
1049 2736 1080 2801 ll.
1105 2757 1131 2798 e.
1156 2755 1182 2798 c.

284 2823 433 2886 Caelum
458 2842 562 2885 mane
585 2822 722 2884 rubens
744 2824 896 2882 futuros
918 2823 1069 2882 nuntiat
1089 2821 1243 2883 imbres.

84 2911 151 2970 ulit
166 2911 195 2970 in
212 2907 378 2989 pluralitate
394 2910 496 2970 cuius?
529 2907 690 2970 illasoulini.
725 2906 842 2969 ll.c.e.
879 2904 991 2967 ‘Caeli
1015 2905 1203 2968 caelorum
1227 2916 1408 2987 etaquae‚

6 3037 7 3078 ,
117 3013 210 3072 quae
240 3011 355 3072 super
382 2993 510 3054 caelos
538 3001 640 3062 sunt,
669 2985 983 3053 la'udentuomeu
1014 2990 1174 3052 domini'
1228 2992 1408 3054 Porrumin

6 3083 7 3090 ’
118 3077 319 3158 singularitate
342 3080 426 3140 cuius
447 3079 566 3157 generis
590 3079 651 3139 est?
695 3078 808 3139 Neutri.
855 3077 887 3137 ll.
910 3096 935 3137 e.
961 3095 986 3137 e.

283 3165 401 3243 Caepe
423 3163 549 3224 allium
572 3180 721 3242 porrum
743 3160 766 3242 †
789 3163 892 3223 iruca
915 3161 1048 3223 lullica
1072 3161 1199 3223 blitus.

6 3247 8 3328 ξ
119 3249 204 3310 Elin
227 3246 394 3328 pluralitate
417 3249 518 3309 cuitus?
562 3247 729 3316 Masculini,
752 3246 783 3306 hi
806 3249 897 3324 porri.
943 3247 1037 3306 Locus
1066 3247 1148 3306 citius
1170 3247 1288 3324 generis
1310 3255 1356 3310 ost
1377 3251 1408 3308 iu

84 3332 339 3412 :osiugularitatel
387 3333 548 3395 lllasculini.
597 3335 631 3394 ll.
661 3352 686 3394 e.
717 3351 742 3392 e.
789 3331 872 3392 ‘llic
908 3331 1014 3392 locus
1049 3349 1181 3411 nempe
1216 3334 1409 3394 uocitatur

117 3419 223 3482 aula'
271 3419 306 3480 iit
327 3420 356 3480 iu
378 3418 546 3499 pluralitate
569 3419 671 3480 euius?
714 3417 826 3478 Neutri.
872 3417 904 3478 u.
929 3434 953 3477 e.
979 3437 1004 3477 e.

243 3503 334 3564 Sunt
356 3502 450 3573 loca,
474 3512 561 3564 sunt
583 3503 677 3572 lora,
701 3509 866 3564 sunt....
895 3518 988 3582 quos
1011 3503 1152 3562 tuearis
1174 3503 1300 3563 amice.

117 3591 189 3652 Sunt
216 3590 288 3651 item
317 3591 436 3649 uomina
463 3590 571 3649 incerti
603 3589 720 3664 generis
753 3590 832 3648 inter
864 3585 1059 3647 masculinum
1091 3593 1120 3646 et
1152 3586 1342 3656 femininum,
1377 3597 1409 3647 ut

105 3669 216 3736 'cortex
253 3673 326 3734 silex
360 3674 441 3734 radix
470 3671 511 3756 fill
534 3673 553 3733 l.
577 3671 639 3734 87⁸
662 3669 728 3754 linis
757 3674 847 3749 stirps
880 3672 965 3749 pinus
999 3671 1153 3748 pampinus
1187 3671 1257 3734 dies.
1309 3671 1408 3742 Quare

85 3760 225 3820 colluitur
248 3759 352 3819 incerti
376 3758 512 3837 generis?
556 3757 703 3828 Quantum
727 3759 755 3817 in
779 3754 989 3835 singularitate,
1013 3757 1207 3833 quantumin
1231 3755 1407 3834 pluralitate,

118 3855 145 3906 et
166 3843 323 3906 masculini
345 3853 375 3905 et
397 3844 531 3904 feminini
554 3843 671 3920 generis
685 3841 847 3902 inuenitur.
892 3841 999 3902 Cortex
1015 3841 1180 3918 quomodo?
1225 3841 1284 3902 Hic
1306 3849 1406 3902 cortex

116 3929 183 3992 iacit
209 3931 240 3990 in
270 3927 487 4006 singularitate,
518 3930 576 3988 doe
603 3929 728 3988 cortices
755 3929 785 3987 in
813 3925 990 4005 pluralitate.
1041 3924 1218 3996 Quomodo?
1269 3925 1407 3986 ‘Validi

116 4015 239 4076 ilices'
264 4021 294 4075 et
316 4014 481 4076 ‘amarae
504 4015 689 4074 cortices!
735 4010 814 4072 Siler
838 4010 1005 4092 quomodo?

595 4097 674 4158 Stat
696 4103 802 4157 acuta
825 4095 929 4157 silei.

84 4185 206 4246 ulladix
232 4185 262 4244 in
286 4181 488 4262 singularitate
511 4184 595 4244 cuius
624 4183 742 4259 generis
770 4181 831 4242 esti
875 4181 1032 4242 Feminiui.
1077 4181 1205 4244 Dacius
1229 4181 1407 4261 exemplum.

118 4269 251 4331 ‘liadix
282 4267 397 4336 lesse,
435 4271 495 4348 qui
525 4276 598 4328 stat
623 4270 660 4328 in
698 4265 1103 4346 signumpopulorum,
1133 4267 1250 4346 ipsum
1278 4274 1409 4343 gentes

120 4354 447 4436 deprecabuntur!
493 4353 574 4414 Finis
596 4352 763 4430 quomodo?
807 4352 912 4413 Omnia
941 4353 1061 4413 nomina
1088 4348 1253 4412 inanimalia
1276 4350 1408 4413 Romana

184 4577 324 4642 eropum
391 4573 578 4641 3prelerretur
645 4575 740 4639 iprae
758 4571 871 4637 positiuo
941 4574 1089 4624 8eunucus
1141 4573 1271 4622 comedioe
1323 4573 1408 4622 iitro-

121 4645 211 4708 guedia
263 4643 415 4708 stranguilio
478 4645 509 4694 10
528 4659 579 4692 uox
598 4656 690 4692 sonum
710 4640 846 4691 oilucetum
909 4641 940 4690 14
958 4651 982 4690 et
999 4641 1024 4689 in
1044 4655 1149 4689 numero
1169 4657 1196 4689 se
1215 4640 1311 4704 libans,
1329 4640 1363 4703 cs.
1380 4657 1407 4704 p.

124 4713 230 4763 CCXVI
249 4715 282 4764 18
334 4713 365 4762 17
383 4711 509 4762 chiriutue
587 4712 620 4760 22
638 4724 700 4759 seue
785 4709 819 4758 28
836 4722 898 4774 cepe
916 4708 992 4758 alium
1061 4709 1095 4758 29
1112 4707 1147 4756 uu
1217 4711 1250 4758 32
1269 4708 1331 4758 Post
1349 4719 1409 4757 sunt

123 4797 189 4830 uuum
205 4780 352 4832 uocudelum
368 4781 497 4830 ceddum
515 4780 624 4830 uidetur.
698 4778 731 4828 34
749 4777 838 4841 stirpis
924 4779 957 4827 36
976 4776 1015 4825 hio
1034 4777 1125 4828 addidi
1203 4778 1236 4826 37
1254 4775 1302 4825 liae
1319 4777 1411 4827 addidi

154 4848 323 4900 Valisidilices
341 4858 366 4897 et
383 4863 469 4898 amare
