3394 5448
285 376 351 424 CCX
579 361 628 412 DE
646 360 797 412 IVLIANO
817 359 1013 438 Touurauo
1034 359 1276 412 GRAMMATICO

285 569 335 610 sae
357 549 522 612 solidantur
545 547 674 629 syllabae
697 558 727 609 et
748 546 842 609 solida
900 545 941 609 33
964 557 994 608 et
1015 547 1167 609 solidatur.
1197 546 1368 618 Quomodo?
1398 546 1472 618 Ouia
1532 567 1568 608 nu

285 650 339 712 alia
405 649 447 713 34
469 651 612 712 scinditur
635 658 664 711 et
686 650 818 712 alittera
835 669 902 713 cum
926 659 938 710 t
959 660 988 710 et
1010 669 1026 709 ε
1049 651 1149 730 priore
1161 648 1271 730 syllaba
1294 648 1445 720 solidatur,
1469 668 1569 728 uquae
1675 724 1679 735 Ι

285 763 426 822 remanet
452 772 518 814 cum
541 755 551 812 i
574 772 649 832 quae
672 754 760 814 tertia
783 761 827 814 est
849 755 880 814 in
903 753 1045 814 scissione
1068 750 1178 832 syllaba
1201 750 1345 812 solidatur
1367 763 1397 812 et
1418 769 1473 830 per
1492 769 1569 811 saan-

284 857 398 916 sionem
422 853 467 934 (-ε
488 855 567 936 cod.)
598 856 628 916 in
657 863 753 916 metro
781 853 912 916 secunda
944 855 1070 914 allicitur
1093 863 1122 914 et
1143 853 1213 913 lacit
1235 855 1333 915 tenuia
1355 861 1388 914 ut
1412 871 1464 933 pes
1485 853 1568 914 dacti-

284 956 331 1018 lus
353 958 499 1037 incapite
524 974 631 1018 uersus
654 965 804 1018 occurrat:
829 975 898 1017 ecce
920 957 1023 1017 scissio
1046 965 1075 1015 et
1096 955 1242 1016 solidatio.

368 1061 427 1121 llic
453 1079 570 1137 qaoque
598 1079 650 1120 ars
672 1063 836 1122 Beroensis
863 1067 891 1126 et
917 1061 1114 1119 accuratione
1141 1065 1170 1118 et
1191 1060 1322 1119 bonitate
1343 1057 1467 1118 Iuliano
1487 1060 1571 1118 matta

279 1169 429 1237 praestat.
1680 1218 1681 1232 .

367 1259 409 1324 39
432 1264 578 1342 notandus
601 1272 646 1324 est
667 1265 704 1324 ita
728 1295 745 1313 υ
759 1297 776 1314 υ
841 1267 935 1325 etsie
956 1261 1092 1324 similiter
1115 1281 1188 1337 ora,
1216 1280 1274 1340 pro
1302 1263 1407 1339 quibas
1433 1265 1510 1323 baec
1531 1266 1570 1323 ia·
1680 1261 1681 1270 ’

284 1374 441 1426 seruator:
464 1365 489 1425 si
511 1365 662 1446 spondeus
684 1383 738 1446 per
754 1365 811 1426 duo
833 1378 838 1427 t
863 1366 992 1427 iacentes
1015 1366 1054 1426 ita
1075 1405 1128 1416 --
1146 1375 1176 1425 ει
1198 1365 1240 1424 sic
1261 1383 1316 1442 per
1338 1383 1571 1445 unumquemque

284 1467 390 1545 pedem
414 1470 443 1528 in
468 1466 611 1528 breuibus
634 1475 661 1528 et
685 1467 780 1546 longis
802 1466 920 1548 syllabis
942 1467 997 1527 ista
1021 1468 1156 1544 figuratio
1179 1475 1232 1528 est.
1275 1507 1280 1514 -

367 1587 397 1647 p.
427 1565 505 1639 322,
537 1567 553 1629 1
583 1569 653 1630 lacit
722 1566 743 1629 2
770 1569 926 1632 iambicum
956 1570 981 1630 si
1009 1569 1149 1630 trocheus
1183 1569 1364 1630 trochaicum
1388 1571 1430 1631 sio
1455 1580 1484 1631 ει
1510 1571 1570 1630 toti.

282 1668 596 1732 diambustroeheus.
626 1670 784 1750 Trisyllabi
810 1671 902 1751 pedes
981 1679 1047 1732 octo
1076 1673 1124 1751 qui
1161 1678 1229 1732 sunt
1258 1671 1416 1733 tribrachis
1447 1671 1572 1732 molosus

284 1780 440 1853 anapestus
463 1771 588 1834 dactilus
611 1772 798 1834 amlihrachis
819 1774 1007 1835 amlimacrus
1037 1772 1155 1834 baccius
1184 1782 1214 1833 et
1240 1773 1421 1834 antibaceius
1484 1771 1505 1834 6
1527 1773 1573 1850 qui

283 1883 352 1936 sunt
416 1871 572 1935 lionicus
595 1877 689 1936 maior
711 1876 825 1937 ionicus
848 1877 944 1936 minor
1009 1872 1105 1956 9qui
1127 1884 1196 1936 sunt
1218 1874 1351 1955 duplices
1418 1871 1458 1936 10
1479 1874 1574 1936 breui·

282 1976 339 2037 bus
360 2007 409 2027 υν
477 1974 512 2036 11
544 1985 616 2056 quot
643 1985 777 2057 tempora
807 1977 896 2038 babet
924 1977 1019 2039 lrarsis
1091 1975 1128 2038 13
1158 1980 1225 2054 quia
1254 1995 1310 2039 om.
1385 1973 1425 2037 14
1453 1977 1571 2037 achillis.

283 2077 451 2159 quomodo?
475 2096 510 2138 eo
577 2074 615 2139 18
638 2086 667 2139 et
689 2079 875 2160 correptione
898 2081 971 2158 pirri
1039 2075 1079 2140 19
1099 2077 1249 2157 quomodo
1272 2090 1317 2142 est
1333 2078 1377 2140 illi
1392 2080 1573 2139 contrarius?

284 2182 356 2251 uma
379 2181 455 2240 sieut
477 2179 527 2240 ille
594 2177 634 2239 19
655 2181 694 2241 ita
718 2183 766 2241 isti
834 2179 876 2242 20
898 2182 993 2259 longis
1014 2223 1066 2236 --
1132 2178 1172 2241 21
1197 2183 1266 2259 quia
1288 2199 1344 2242 om.
1410 2177 1453 2241 22
1475 2188 1574 2260 apoto-

285 2281 458 2362 spoudiazin
486 2281 564 2342 idest
592 2301 608 2341 a
637 2289 732 2344 tractu
808 2284 924 2344 tractim
1006 2277 1049 2343 23
1076 2283 1212 2363 spondim
1289 2291 1319 2343 et
1346 2282 1388 2343 hii
1417 2285 1466 2364 qui
1493 2282 1575 2344 tibias

283 2381 326 2444 24
356 2383 525 2465 spondiales
553 2383 702 2445 dicuntur.
731 2383 788 2455 Oui
816 2403 869 2464 pes
897 2385 1049 2462 sequitur?
1083 2383 1212 2446 iambus.
1252 2384 1293 2446 Ex
1322 2384 1430 2466 quibus
1459 2382 1575 2464 syllabis

283 2482 324 2547 25
347 2483 433 2564 longa
455 2517 505 2537 ν-
523 2493 556 2547 ut
576 2505 685 2566 parens
750 2495 883 2566 tempora
906 2485 995 2548 habet
1017 2485 1112 2548 harsis
1168 2483 1208 2547 21
1233 2489 1300 2565 quia
1325 2505 1380 2550 om.
1440 2484 1481 2549 28
1504 2489 1574 2547 iam·

247 2587 380 2670 'blazin
449 2585 492 2649 29
520 2586 709 2650 maledictum
782 2589 841 2648 siat
916 2585 959 2650 30
986 2607 1001 2648 a
1030 2587 1125 2648 lamba
1161 2597 1239 2650 tarsa
1268 2589 1391 2650 muliere
1420 2592 1574 2666 (optinet)

284 2687 323 2752 31
348 2707 399 2752 usa
464 2686 506 2750 32
528 2690 643 2752 duabus
666 2690 743 2751 idest
763 2707 818 2750 om.
885 2687 926 2752 33
949 2689 1033 2751 breui
1048 2721 1101 2740 -υ
1120 2698 1151 2751 ut
1173 2687 1298 2768 pulcher
1313 2690 1392 2750 Tria.
1417 2700 1490 2768 quot
1504 2699 1575 2752 tem·

285 2809 356 2870 pora
378 2790 468 2851 habet
490 2791 583 2853 harsis
606 2801 635 2853 et
657 2801 728 2872 quot
751 2792 858 2853 thesis?
887 2793 982 2853 harsis
1004 2790 1094 2852 habet
1115 2790 1174 2851 duo
1198 2791 1289 2854 thesis
1312 2810 1412 2855 unum.
1477 2789 1519 2854 34
1541 2792 1577 2852 de

283 2892 370 2972 longa
413 2889 455 2955 35
470 2893 618 2955 decedens
634 2894 684 2969 (aa
701 2893 867 2972 decidensll
913 2893 1031 2954 trochos
1047 2893 1125 2953 euim
1142 2911 1265 2972 graecae
1287 2904 1351 2955 rota
1375 2894 1484 2956 dicitur
1500 2893 1576 2955 unde

285 2997 352 3073 quia
381 2995 523 3057 uelociter
552 2997 645 3057 currit
673 2995 812 3056 trocheus
840 2997 934 3056 dictus
962 3005 1014 3056 est.
1061 2992 1117 3063 Oui
1139 3014 1191 3076 pes
1213 2998 1364 3075 sequitur?
1395 2996 1574 3058 Tribraclris.

285 3096 399 3169 Quibus
421 3095 533 3157 sillabis
556 3097 690 3159 coastat?
721 3096 831 3158 Tribus
854 3096 997 3158 breuibus
1019 3127 1066 3146 νυ
1079 3129 1097 3146 ν
1120 3107 1151 3159 ut
1173 3096 1309 3159 dominus

370 3193 719 3276 p.323,1quiaom.
791 3196 956 3271 2coreus,
983 3217 1065 3260 corr.
1091 3196 1188 3260 corios
1259 3199 1416 3262 tribrachis
1445 3202 1514 3278 quia
1541 3203 1576 3261 sit

285 3320 321 3363 ex
385 3298 503 3362 brachis
557 3297 644 3361 3est
666 3302 714 3360 isti
779 3299 917 3362 molosus.
942 3299 1104 3380 exquibus
1168 3298 1308 3381 dlougis
1435 3310 1469 3362 ut
1491 3321 1577 3364 eneas

284 3400 305 3464 5
327 3403 394 3482 quia
417 3419 474 3462 om.
539 3397 559 3462 6
587 3411 616 3463 ει
643 3410 714 3464 ante
743 3403 834 3465 thesis
856 3421 912 3464 ora.
979 3398 999 3463 6
1022 3399 1252 3480 ethimologiam.
1281 3403 1411 3466 hlolosus
1438 3405 1534 3466 dictus
1560 3423 1575 3463 a

286 3503 467 3566 molosorum
538 3502 785 3584 lneoptolomei
819 3513 850 3566 et
877 3504 1063 3566 andromaois
1132 3501 1266 3582 9longa
1446 3503 1486 3567 10
1513 3523 1575 3582 seq.
1690 3563 1691 3590 y

285 3606 369 3680 eoas.
393 3623 488 3683 capra
507 3625 540 3682 p.
565 3607 631 3668 CCI
636 3608 663 3667 V
727 3604 767 3668 12
800 3614 918 3668 cautum
948 3615 1042 3668 mater
1070 3608 1135 3670 eius
1163 3616 1250 3669 turno
1280 3610 1357 3688 patri
1384 3607 1577 3669 celebrauerit

288 3704 328 3768 14
350 3707 487 3769 dactilum
512 3717 620 3768 uocant
692 3705 731 3768 14
752 3707 885 3790 dactylus
907 3745 948 3754 —-
973 3707 1010 3770 17
1034 3709 1116 3788 digiti
1138 3709 1244 3789 dactyli
1267 3727 1335 3780 ona,
1357 3713 1441 3786 bene,
1464 3715 1577 3788 quiea
1690 3757 1691 3776 ι

287 3817 348 3871 toto
370 3813 433 3872 eius
454 3817 607 3872 tractatas
629 3811 732 3871 babitu
745 3809 805 3872 ista
820 3813 1003 3885 definitionis
1017 3813 1180 3887 duplicitas
1195 3813 1348 3889 abhorret,
1372 3831 1462 3889 qaam
1484 3814 1577 3876 Iulia·

287 3931 343 3974 aas
365 3914 488 3974 aliunde
503 3915 626 3990 petiuit.
693 3908 732 3972 18
762 3930 796 3972 eo
825 3913 904 3990 quod
932 3931 968 3974 eo
990 3911 1165 3993 plerumque
1188 3914 1263 3993 pede
1285 3914 1411 3978 heroum
1433 3933 1483 3977 res
1505 3915 1577 3976 lacta

287 4022 442 4086 narretur,
467 4031 523 4076 om.
547 4015 603 4076 isto
632 4021 734 4075 metro.
815 4011 870 4084 Qui
898 4033 953 4095 pes
980 4015 1132 4092 sequitur?
1171 4015 1390 4096 amphibrachis
1413 4017 1577 4098 exquibus

290 4113 329 4177 19
352 4136 388 4179 ex
411 4115 508 4179 tribus
530 4115 607 4177 idest
629 4133 685 4178 om.
752 4116 836 4177 breui
1006 4113 1045 4177 21
1070 4118 1219 4198 quomodo
1241 4138 1259 4180 a
1281 4117 1388 4180 donato
1445 4121 1576 4199 incogni-

286 4227 343 4289 tus,
366 4223 453 4289 mate,
477 4221 530 4280 secl
551 4220 673 4280 librarii
686 4217 761 4280 uitio
819 4215 861 4279 23
883 4219 1065 4280 consistenti.
1089 4221 1155 4299 quis
1170 4230 1215 4280 est
1228 4221 1277 4281 isti
1293 4223 1477 4284 contrarius?
1511 4225 1577 4284 hm·

285 4320 422 4383 limacrus
475 4317 518 4382 24
540 4320 627 4399 longa
648 4351 731 4372 -ν-
793 4317 835 4382 25
858 4322 925 4400 quia
948 4339 1003 4382 om.
1061 4321 1119 4383 duo
1143 4328 1277 4402 tempora
1333 4323 1468 4404 sescupla
1485 4324 1578 4406 qualis

285 4440 385 4483 sermo
408 4430 453 4483 est
516 4419 609 4484 26111
633 4421 764 4485 latinum.
789 4422 941 4484 dimidium
999 4419 1039 4485 27
1064 4443 1079 4484 a
1103 4422 1193 4502 duplo
1250 4421 1527 4488 athanasianae

286 4524 392 4586 babeat
445 4520 487 4585 29
509 4525 693 4586 interiacenti
744 4521 787 4585 30
808 4524 904 4604 longis
926 4557 1007 4576 ν--
1064 4522 1104 4586 31
1128 4527 1331 4588 arsis—tria
1353 4547 1410 4590 cm.
1464 4525 1507 4590 32
1529 4547 1577 4609 pa·

286 4624 552 4688 limbaciusdictus
568 4635 611 4686 est
627 4646 662 4687 eo
679 4626 758 4704 quod
774 4626 894 4688 bacchis
943 4624 984 4688 33
1000 4625 1046 4688 uel
1065 4629 1132 4704 quia
1148 4663 1188 4672 -—
1204 4628 1392 4692 celebrantur
1404 4648 1462 4692 om.
1537 4627 1578 4692 35
1614 4649 1624 4668 ε

286 4726 458 4788 ρι·ευί--ν
508 4725 549 4788 36
572 4728 791 4807 ethimologiam
815 4727 988 4790 antibachus
1011 4730 1106 4789 tlictrrs
1129 4749 1164 4791 co
1187 4731 1266 4810 quod
1344 4728 1350 4738 ’

369 4825 410 4890 38
433 4828 465 4910 (i.
489 4826 561 4912 60³)
589 4830 661 4890 ltem
691 4833 786 4892 omnis
816 4829 1017 4892 barbarismus
1039 4831 1157 4895 duobus
1179 4833 1274 4897 modis
1296 4837 1328 4897 lit
1350 4842 1475 4898 tautum.
1506 4812 1599 4898 ltem'
