3390 5444
542 287 591 338 nn
610 286 751 340 nonem
769 289 973 342 rmonrnve.
1350 288 1407 352 151

110 477 138 536 in
162 476 257 538 uerbo
279 476 377 538 modi?
421 477 665 538 Pronuntiatiuus
687 476 882 559 imperatiuns
905 477 1123 546 coniunctione,
1147 495 1201 556 per
1223 495 1297 556 qnos
1320 495 1408 539 casus

109 585 178 639 sunt
200 577 372 639 uerborum.
417 578 492 638 Sunt
514 585 612 638 autem
635 577 715 638 modi
743 576 877 658 plurimi,
907 579 984 639 idest
1011 579 1190 640 indicatiuus
1217 579 1410 658 imperetiuns

111 681 311 760 promissinus
326 680 474 759 optatiuus
496 680 705 741 coniunctiuus
727 679 887 739 infinitiuus
908 679 1107 759 inpersonalis
1131 689 1161 740 et
1182 677 1320 758 gerendi:
1345 680 1408 742 Vlll

110 781 191 841 orodi
214 788 298 850 sunt,
321 780 374 842 sed
397 779 484 841 modo
508 781 545 840 de
567 780 639 841 solis
662 779 685 838 V
707 787 830 849 tractat,
861 799 920 840 non
944 781 981 842 de
1003 781 1142 843 omnibns
1165 779 1237 842 Vlll.
1283 783 1355 844 Nam
1380 791 1409 844 et

84 884 157 946 sisti
173 884 197 956 †
212 887 242 944 et
263 899 372 960 genera
395 880 443 942 uel
467 890 537 943 sunt
559 882 639 942 modi
662 889 692 942 et
714 900 833 961 semper
856 890 934 944 sunt.
1468 869 1471 876 ’

194 983 387 1044 lndieatiuus:
411 1001 466 1062 per
486 985 585 1063 ipsum
608 983 787 1052 indicamus,
813 985 1034 1061 qnaeagimns‚
1060 994 1092 1046 ut
1113 993 1198 1064 puta:
1222 985 1292 1063 quid
1317 987 1408 1046 lacis?

109 1103 227 1165 expono
251 1085 367 1146 dormio
388 1083 457 1162 lego
479 1082 579 1145 scribo
603 1092 631 1144 et
654 1084 725 1155 alla;
755 1085 856 1146 indico
880 1083 946 1155 tibi,
971 1085 1049 1165 quod
1073 1087 1157 1147 lacio.
1202 1087 1407 1166 imperatiuus,

109 1206 164 1266 per
187 1205 274 1266 quem
298 1189 494 1266 imperamus,
518 1194 551 1247 ut
572 1194 657 1266 puta:
681 1185 748 1264 lege
764 1205 888 1266 expone
872 1157 943 1246 ab
959 1188 1143 1266 imperando
1175 1187 1341 1268 Optatiuus,
1360 1191 1408 1250 eui

109 1287 284 1350 aduerbium
314 1289 442 1366 optantis
470 1287 618 1349 addimus:
656 1290 768 1349 utinam
796 1288 929 1367 legerem
959 1306 1020 1359 res,
1050 1291 1161 1350 utinam
1190 1289 1320 1351 dicerem
1348 1308 1406 1350 res.

73 1413 97 1452 ιο
109 1390 258 1463 Quoniam
282 1390 471 1466 coniungitur
493 1388 586 1449 uerbo
608 1389 662 1449 ista
684 1388 843 1468 particula,
867 1389 936 1449 binc
958 1389 1066 1452 dicitur
1088 1391 1193 1452 modus
1216 1393 1373 1471 optatiuus.

195 1491 407 1552 Coniunctiuus
429 1489 535 1551 modus
558 1499 617 1568 est,
641 1509 701 1554 non
724 1490 802 1569 qnod
825 1490 882 1552 sibi
906 1496 1009 1552 ‘cum'
1032 1492 1186 1570 adiungat:
1216 1510 1283 1553 cum
1306 1491 1408 1570 legero

108 1611 178 1654 cnm
201 1592 320 1662 dixero,
350 1591 401 1652 sed
425 1592 504 1672 qnod
527 1592 622 1670 iungit
645 1591 702 1653 sibi
723 1591 833 1672 aliquid
858 1591 984 1654 uerbum
1007 1594 1044 1655 ad
1066 1592 1259 1674 premendam
1284 1591 1409 1673 eloquu-

108 1698 222 1756 tionem
246 1712 344 1764 suam,
370 1702 401 1754 ut
424 1701 492 1773 puta
513 1696 592 1754 ‘cum
614 1691 730 1771 legero,
755 1693 901 1772 indigeo':
925 1693 1021 1756 adbuc
1043 1694 1166 1775 pendet;
1191 1700 1270 1755 ‘cum
1292 1694 1407 1765 dixero,

88 1798 215 1867 ,faciam
245 1795 413 1857 dormiam'.
458 1795 537 1872 Ergo
558 1796 615 1856 nisi
639 1795 729 1856 addas
756 1793 835 1858 aliud
865 1793 990 1857 uerbum
1018 1796 1169 1865 ‘laciam',
1192 1794 1263 1857 illud
1286 1797 1408 1877 pendet.

73 1899 180 1961 rsldeo
209 1898 308 1959 dictus
336 1897 559 1967 coniunctiuus,
589 1895 667 1976 quod
697 1895 753 1957 sibi
781 1895 863 1957 addit
890 1895 1013 1958 altorem
1037 1897 1257 1977 eloquntionem
1281 1898 1316 1959 ad
1339 1916 1408 1978 pre-

107 1999 249 2062 mendum
274 2016 408 2066 sensum;
432 1999 457 2058 si
472 1997 528 2058 lroe
544 2013 603 2070 non
619 2004 712 2069 esset,
736 2005 766 2058 et
781 1999 944 2076 optatione,
968 2000 1020 2078 qui
1035 1997 1125 2060 babet
1139 1997 1288 2070 ‘utinam’,
1305 1998 1408 2062 debuit
1466 2017 1470 2023 ’

108 2111 138 2164 et
160 2105 225 2184 ipse
248 2100 307 2161 dici
328 2099 546 2161 coniunctluus.

194 2203 361 2264 lnlinitiuus
384 2197 820 2283 modus,sslol.144lllqnod
844 2219 905 2263 non
928 2199 1049 2262 definiat
1071 2210 1168 2263 certas
1189 2217 1350 2281 personas,
1374 2212 1408 2265 ut

107 2315 179 2384 puta
203 2305 318 2384 legere:
349 2303 461 2372 neseis,
489 2320 577 2381 quam
601 2320 757 2381 personam
781 2304 939 2381 significat,
970 2309 1070 2364 utrum
1093 2305 1218 2382 primam
1242 2321 1279 2363 ao
1302 2321 1408 2364 secun·

70 2407 175 2468 eodem
199 2425 237 2467 an
258 2407 392 2474 tertiam;
421 2402 459 2464 de
488 2402 595 2472 uerbo,
626 2404 703 2481 quod
733 2402 822 2465 babet
848 2410 978 2464 secretas
1005 2420 1160 2481 personas.
1191 2411 1222 2465 et
1249 2403 1407 2484 intellegis,

106 2507 188 2588 quod
210 2505 271 2568 illic
287 2505 461 2568 diuiduntur
477 2523 620 2583 personae
636 2504 689 2575 lll,
714 2513 746 2565 ut
761 2504 872 2584 ‘legere
889 2504 967 2566 uolo'
984 2504 1097 2584 ‘legere
1117 2507 1176 2566 nis'
1193 2505 1305 2584 ‘legere
1321 2505 1406 2576 nnlt’.

103 2609 175 2670 illae
204 2627 350 2688 personae
378 2605 556 2668 metuendae
584 2615 661 2667 sunt.
707 2605 777 2667 ldeo
802 2623 872 2684 ergo
902 2606 997 2667 dictus
1026 2613 1072 2666 est
1098 2608 1262 2670 inlinitiuus
1291 2607 1406 2680 modus,

104 2709 187 2792 qnod
210 2729 270 2772 non
292 2709 394 2771 delinit
417 2726 560 2788 personas
583 2715 690 2770 certas.

193 2811 243 2872 lsti
266 2819 336 2872 sunt
359 2809 452 2880 modi,
477 2810 512 2870 de
535 2807 644 2888 quibus
666 2811 805 2870 tractauit
819 2808 978 2871 diuidende
993 2808 1158 2870 Donatus
1175 2807 1223 2872 uel
1239 2810 1405 2889 Sergius.

68 2935 92 2976 rs
195 2903 275 2974 lnler
296 2913 476 2972 infinitiunm
500 2917 530 2970 et
551 2909 771 2988 inpersonalem
794 2911 851 2972 hoc
866 2912 1004 2978 interest,
1028 2910 1107 2990 qnod
1126 2911 1293 2972 intinitinus
1308 2930 1406 2991 neque

104 3034 159 3095 per
186 3014 289 3075 modos
313 3014 405 3074 currit
430 3029 526 3092 neque
548 3029 602 3091 per
625 3019 776 3091 tempora,
807 3019 837 3072 et
858 3009 991 3072 adhibito
1014 3009 1107 3072 uerbo
1128 3013 1268 3091 patescit,
1292 3021 1324 3073 nt
1345 3013 1406 3073 dixi

103 3117 221 3196 ‘legere
236 3114 318 3178 uolo'
335 3113 447 3193 ‘legere
463 3115 520 3175 uis'
536 3113 648 3192 ‘legere
665 3113 739 3174 unlt'
749 3160 839 3175 .....
862 3113 909 3174 uel
933 3117 964 3174 ιἰι
987 3112 1148 3174 indicatiuo
1169 3116 1255 3174 tertia
1278 3132 1405 3193 persona

102 3225 168 3282 sine
192 3221 225 3280 in
246 3219 349 3279 aetiuo
377 3217 440 3276 siue
468 3216 498 3275 in
527 3215 648 3294 pessino
675 3215 739 3275 siue
767 3216 798 3276 in
821 3214 982 3296 deponenti
1004 3217 1068 3276 sine
1090 3217 1121 3278 in
1144 3216 1335 3276 coniunctiuo
1357 3215 1405 3278 uel

101 3325 131 3382 in
155 3322 300 3401 optatiuo.

67 3443 91 3481 so
194 3419 395 3501 lnpersonalis
419 3425 448 3480 et
469 3437 523 3499 per
546 3416 650 3480 modos
673 3427 702 3479 et
723 3436 778 3498 per
799 3427 933 3498 tempora
956 3417 1104 3488 decurrit,
1133 3424 1166 3480 ut
1193 3407 1303 3497 legiilir
1325 3417 1405 3496 lege-

106 3525 195 3585 batur
224 3529 254 3582 et
283 3522 440 3602 deinceps,
469 3529 499 3582 et
526 3519 625 3581 addito
653 3522 830 3599 pronomine
859 3522 996 3600 patescit,
1027 3537 1086 3579 non
1116 3516 1224 3588 uerbo,
1256 3520 1405 3600 quomodo

104 3625 286 3694 infinitiuns,
311 3630 342 3684 ut
364 3633 432 3703 puta
455 3622 564 3700 legitur
586 3639 602 3681 a
625 3640 672 3682 me
695 3640 710 3682 a
734 3632 763 3682 te
785 3620 822 3682 ab
844 3620 905 3681 illo.
950 3621 1002 3682 lsti
1025 3626 1094 3680 sunt
1115 3621 1138 3680 V
1161 3620 1256 3692 modi,
1280 3620 1317 3680 de
1339 3623 1404 3700 qui·

103 3728 159 3789 bus
184 3726 323 3789 tractauit
345 3723 513 3803 Sergius:
537 3723 716 3784 indicatiuus
738 3722 932 3802 imperatiuns
955 3723 1105 3802 optatiuus
1127 3724 1337 3783 coniunctiuus
1359 3723 1403 3784 in·

104 3831 251 3891 linitiuus.
304 3826 345 3887 De
375 3825 434 3886 illis
462 3831 560 3886 autem
584 3824 621 3885 lll
648 3823 829 3906 inpersoneli
852 3830 882 3884 et
903 3824 1027 3902 gerendi
1050 3832 1078 3884 et
1101 3825 1280 3903 promissino
1302 3832 1405 3904 postea

66 3947 90 3988 ιι
104 3929 288 3993 uidebimus.

194 4032 320 4112 Formae
342 4038 427 4090 sant:
456 4029 583 4109 qualitas
606 4027 748 4090 diuiditur
770 4028 801 4088 in
824 4027 897 4088 duas
920 4034 1034 4108 partes,
1059 4029 1089 4088 in
1111 4026 1216 4087 modos
1239 4035 1269 4087 ct
1289 4028 1320 4088 in
1344 4029 1404 4088 lor-

172 4299 368 4367 bpromisinns
438 4299 608 4363 betgenera
627 4295 679 4363 nel]
699 4297 891 4364 etgenerales?
949 4297 1057 4360 aquid,
1077 4313 1146 4348 corr.
1164 4297 1284 4360 quodni.
1303 4298 1339 4348 II
1389 4301 1405 4350 9

104 4365 234 4437 optantis]
253 4367 380 4417 hortantis
451 4367 578 4446 legerem.
587 4369 627 4416 res
698 4370 729 4418 10
747 4363 818 4433 bine]
837 4377 897 4416 tune
983 4365 1015 4414 12
1033 4365 1079 4414 sed
1098 4365 1220 4428 quod-
1237 4380 1294 4414 eum
1313 4367 1405 4416 dixero

103 4441 164 4492 odd,
184 4453 217 4487 m
237 4435 271 4487 II
340 4437 372 4487 13
391 4432 481 4502 pendit
550 4437 582 4485 14
599 4434 675 4484 alrum
746 4433 788 4483 ille
807 4434 895 4499 pendit
974 4430 1302 4499 l'irpsedrer]rps1darr
1374 4435 1404 4484 18
1453 4455 1455 4460 ·

102 4557 208 4607 ‹litiniat
277 4555 308 4604 19
326 4549 415 4620 quam]
435 4568 502 4616 qune
568 4555 600 4603 21
619 4552 738 4603 diuidunt
805 4554 838 4602 22
856 4553 993 4602 mutandae
1061 4554 1094 4602 23
1112 4510 1189 4614 (ruodn
1200 4550 1314 4610 dilinim,
1333 4567 1402 4602 corr.

103 4625 190 4676 dibnit
259 4622 315 4671 25'
310 4631 375 4670 rmer
392 4621 491 4670 llnimm
561 4621 630 4683 quod
649 4620 763 4670 linitiuus
843 4621 876 4671 26
893 4619 1003 4670 edlribeo
1072 4621 1105 4670 27
1124 4619 1164 4668 nel
1183 4587 1322 4670 indicetiub
1341 4615 1402 4683 etc]

104 4695 180 4744 Haeo
199 4691 236 4742 ad
253 4689 422 4752 definitionem
438 4690 610 4754 inperaeaolie
631 4691 773 4754 pertinent,
796 4704 876 4754 quare
899 4691 1013 4738 lucanam
1034 4689 1155 4738 indicaui.
1252 4687 1402 4736 aestuem

103 4761 189 4812 aetiuo
209 4758 302 4810 addidi
368 4758 508 4819 30currit,
526 4772 658 4823 suprascr.
676 4757 756 4810 dem.
774 4755 809 4807 ΙΙ
876 4755 983 4822 legatur,
1000 4771 1132 4820 suprascr.
1152 4756 1181 4806 eb
1200 4773 1230 4809 ιιι.
1250 4755 1285 4805 II
