3394 5448
510 377 549 434 m
568 378 653 435 non.
671 377 799 432 terem
817 377 995 433 umentem.
1336 373 1400 445 225

102 568 323 638 Remanent,
351 568 427 630 idest
454 577 629 649 supersunt,
658 554 786 640 restant,
815 571 929 632 seilicet
950 569 986 631 ad
1009 568 1234 648 disputandum,
1265 568 1344 630 idest
1365 579 1400 630 ut

102 671 139 730 de
163 673 207 732 eis
230 672 358 733 dicatur.
403 671 640 741 Admisimus,
664 675 740 732 idest
762 673 990 749 assumpsimus,
1014 677 1047 731 ut
1061 669 1189 749 hymnus
1204 687 1285 748 gaza.
1330 669 1399 730 liu·
1413 691 1462 741 aes,
1477 693 1501 731 ιε

101 769 193 849 plen.
233 773 254 833 Z
276 790 332 852 pro
355 772 470 834 duobus
492 791 506 834 s
529 771 578 834 uel
601 790 656 850 pro
679 771 727 834 sd
750 775 871 852 ponitur
893 791 968 852 quae
991 780 1059 833 ante
1082 773 1144 832 eius
1166 773 1399 852 assumptionem

101 876 139 932 ita
163 872 381 944 scribebantur,
406 882 447 934 ut.
465 873 585 936 ‘massa'
608 873 747 937 dicebant
768 893 823 953 pro
851 873 956 936 ‘maza’
979 882 1009 934 et
1030 871 1230 934 ‘Messentius'
1255 871 1302 934 uel
1326 873 1400 935 ‘hle-

75 973 233 1036 odentius'
250 982 301 1036 aut
315 975 515 1038 ‘Medientius'
531 993 587 1056 pro
603 976 799 1038 ‘Mezentius’.
836 974 936 1037 Vnde
958 975 1003 1036 lit
1025 981 1063 1036 ut
1084 974 1232 1054 quidam
1255 983 1397 1056 putant.

99 1073 222 1136 Latinae
238 1075 355 1138 litterae
372 1095 430 1138 non
452 1084 522 1139 sunt
543 1077 646 1159 plures
668 1097 756 1158 quam
772 1077 798 1138 ll
814 1085 843 1139 et
859 1075 916 1148 Vll,
940 1078 1010 1156 quia
1033 1075 1053 1136 h
1076 1093 1136 1137 non
1161 1083 1205 1136 εει
1226 1077 1323 1138 littera
1346 1075 1398 1137 sed

101 1179 291 1256 aspirationis
313 1187 397 1252 nota,
422 1197 529 1240 nuero
552 1181 688 1259 quamuis
709 1182 749 1241 sit
771 1177 893 1259 duplex,
917 1177 1070 1259 superllua
1092 1184 1150 1247 est,
1175 1185 1207 1239 ut
1228 1177 1345 1250 dicunt,
1363 1197 1398 1238 eo

100 1279 180 1358 quod
203 1278 276 1340 nihil
300 1280 378 1342 aliud
401 1281 504 1351 habet,
528 1299 618 1360 quam
640 1299 673 1342 cs
695 1280 743 1342 uel
766 1299 816 1360 gs,
845 1281 864 1342 le
887 1288 916 1342 ει
935 1300 954 1361 q
977 1277 1051 1340 nihil
1074 1278 1153 1340 aliud
1176 1279 1286 1341 habent
1309 1296 1396 1357 quam

101 1399 127 1440 c.
166 1379 278 1452 Quibus
302 1380 460 1444 subtractis
483 1389 513 1442 et
535 1382 655 1444 Graecis
686 1381 799 1444 duabus
821 1381 848 1443 X
871 1389 900 1443 et
920 1381 970 1443 Vll
999 1389 1112 1442 tantum
1143 1389 1313 1451 remanent,
1342 1398 1398 1442 nec

63 1497 87 1536 10
101 1483 191 1542 etiam
215 1483 292 1561 apud
316 1484 538 1564 antiquissimos
553 1483 676 1546 Latinos
700 1479 712 1567 ll
732 1480 792 1544 149
809 1480 820 1566 ll
844 1485 909 1544 siue
925 1482 1054 1546 Graecos
1076 1481 1177 1562 plures
1200 1484 1293 1554 inere,
1309 1501 1397 1562 quam

99 1580 165 1642 xvt
192 1582 341 1646 subtracta
364 1563 504 1646 llittera.
548 1585 585 1646 Si
613 1585 762 1664 quidem
792 1603 833 1645 ex
862 1583 918 1645 llll
948 1593 983 1645 ει
1011 1582 1144 1645 trihus.
1189 1583 1272 1645 Sicut
1298 1583 1498 1646 medicem

100 1692 147 1745 est
169 1683 272 1746 Latina
296 1685 396 1764 lingua
418 1687 495 1747 inter
518 1688 661 1748 Graecam
686 1693 716 1747 et
730 1685 911 1764 Hebraeam,
935 1687 979 1746 sic
995 1683 1125 1745 medium
1140 1691 1222 1745 tenet
1237 1703 1395 1748 numerum

97 1787 131 1844 in
154 1784 272 1846 litteris.
317 1787 424 1849 Graeci
447 1806 521 1848 uero
544 1787 665 1856 Xllllll,
689 1786 784 1849 Latini
806 1785 915 1856 Xlllll,
938 1785 1066 1846 Hebraei
1087 1784 1167 1847 llllll
1189 1785 1300 1848 habent
1320 1788 1398 1849 litte·

98 1904 158 1947 ras.
203 1884 275 1948 lnde
298 1887 378 1949 xxti
399 1887 494 1950 libros
516 1887 626 1951 habent
649 1907 684 1950 er
708 1896 809 1950 uetere
832 1895 1016 1950 testamento.
1061 1887 1162 1956 Tria,
1179 1888 1198 1951 i.
1222 1889 1397 1950 accidentia.
1413 1895 1500 1948 ³⁶8=¹⁵

62 2001 85 2041 ιι
100 1987 262 2067 Hucusque
292 1988 328 2050 de
351 1990 458 2051 littera.
502 1989 577 2051 Hinc
606 1990 642 2051 de
672 1989 876 2052 accidentibus
905 1988 1108 2068 disputaturus
1131 1995 1190 2061 est,
1213 1989 1328 2051 scilicet
1349 1989 1399 2053 bic

98 2087 228 2150 litteram
257 2108 312 2170 pro
341 2089 488 2152 elemento
516 2095 625 2171 posuit.
675 2091 750 2153 Nam
779 2099 808 2153 et
835 2091 983 2153 elemento
1013 2089 1154 2152 accidunt
1183 2090 1256 2153 haec
1284 2094 1339 2154 tria
1369 2100 1400 2154 et

98 2192 167 2251 eius
189 2209 279 2253 causa
301 2194 423 2253 inuenta
446 2200 523 2254 sunt.
569 2193 657 2256 Verbi
679 2195 788 2271 gratia,
813 2195 839 2255 si
855 2200 1024 2271 quaeratur,
1048 2191 1122 2271 quid
1144 2192 1241 2254 littera
1264 2201 1398 2264 uocetur,

98 2290 210 2352 accidit
232 2295 260 2353 ei
283 2291 475 2369 uocabulum,
506 2290 532 2354 i·
557 2313 665 2357 nomen
688 2313 789 2364 suum;
812 2298 837 2356 si
861 2302 1028 2376 quaeratur,
1052 2313 1109 2374 qua
1130 2297 1224 2374 ligura
1247 2297 1285 2356 sit
1308 2295 1397 2368 edita,

99 2391 242 2455 uidelicet
270 2401 369 2454 utrum
398 2397 436 2455 sit
457 2407 537 2457 recta
560 2396 652 2466 linea,
681 2415 772 2458 curua
794 2415 832 2458 an
860 2395 1002 2465 rotunda,
1033 2395 1140 2459 accidit
1164 2397 1191 2456 ei
1212 2414 1266 2456 sua
1288 2398 1396 2475 figura;

60 2503 232 2574 eapotcstas
248 2479 420 2576 'ueroipsa
443 2499 645 2575 pronuntiatio
670 2505 700 2558 ct
721 2505 820 2558 utrum
844 2499 883 2558 sit
904 2496 1016 2559 uocalis
1039 2515 1075 2557 an
1099 2515 1279 2568 consonans,
1308 2500 1396 2558 semi-

97 2596 213 2658 uocalis
236 2615 273 2658 an
296 2604 386 2660 muta.
430 2597 515 2660 Multi
543 2602 632 2660 etiam
661 2606 807 2679 quaerunt
828 2599 865 2660 de
888 2599 993 2660 ordine
1022 2597 1203 2675 litterarum,
1232 2606 1331 2661 utrum
1359 2602 1398 2661 sit

97 2716 155 2777 per
178 2717 211 2759 se
234 2697 387 2770 accidens,
417 2700 469 2761 sed
497 2718 604 2762 reuera
632 2719 700 2778 pars
727 2707 773 2761 est
799 2701 964 2780 potestatis.
1008 2701 1071 2762 lloc
1093 2719 1211 2782 quoque
1235 2700 1397 2762 notandum

97 2808 158 2870 est,
183 2799 263 2880 quod
287 2799 404 2862 litterae
426 2803 457 2862 in
480 2801 609 2863 allabeto
631 2820 690 2863 non
713 2811 783 2864 sunt
804 2801 968 2864 secundum
992 2803 1141 2874 ordinem,
1166 2804 1234 2882 quia
1256 2821 1272 2862 r
1295 2811 1362 2882 post
1383 2821 1398 2864 s

95 2904 154 2963 nisi
179 2903 357 2980 interposita
380 2911 393 2962 t
413 2900 487 2964 nihil
509 2911 608 2975 sonat,
634 2905 711 2964 sicut
732 2912 833 2965 tonsor
856 2906 1006 2966 ‘tonsrix'
1029 2903 1178 2965 debuisset
1199 2905 1314 2974 lacere,
1343 2902 1396 2965 sed

58 3020 83 3060 ao
97 3005 252 3064 ‘tonstrix’
268 3004 346 3064 lacit.
384 3005 459 3066 Sunt
474 3022 545 3084 ergo
560 3005 724 3068 secundum
739 3004 881 3086 placitum
904 3024 1017 3076 eornm,
1041 3007 1092 3084 qui
1115 3023 1166 3066 eas
1188 3013 1395 3085 reppererunt.

629 3225 678 3288 DE
695 3225 874 3287 'stetten

186 3342 322 3405 Delmitio
345 3352 390 3404 εει
412 3342 554 3424 syllabae:
593 3342 736 3424 syllaba
765 3351 820 3403 est
847 3343 1149 3422 comprehensio,
1178 3345 1202 3402 i·
1227 3346 1392 3422 conceptio,
1406 3357 1455 3404 ³68,
1471 3357 1495 3396 1⁸

94 3443 279 3506 coadunatio
307 3444 483 3506 litterarum.
535 3445 570 3505 Et
602 3444 712 3506 dicitur
745 3443 855 3524 syllaba
889 3437 956 3502 άαὸ
988 3444 1051 3504 τοῦ
1078 3440 1329 3523 συλλαμβάνειν
1356 3439 1397 3506 τά

93 3543 319 3626 γραμμάτων,
347 3547 372 3604 i·
402 3563 418 3606 a
446 3548 639 3626 conceptione
666 3545 843 3608 litterarum.
898 3545 970 3605 Nam
1001 3541 1253 3624 συλλαμβάνειν
1282 3546 1396 3607 Graece

55 3645 107 3728 νβ
130 3643 195 3708 150
211 3645 222 3728 ΙΙ
247 3649 403 3726 conceptio
425 3646 544 3716 Latine,
573 3642 613 3706 cd
641 3647 772 3708 Graecus
799 3645 955 3716 articulus,
983 3641 1190 3726 γραμμάτων
1218 3645 1395 3710 litterarum.

93 3749 151 3808 llic
177 3755 277 3808 autem
299 3746 466 3809 litterarum
488 3765 543 3826 pro
567 3748 783 3809 elementorum
807 3748 905 3826 posuit
927 3746 1071 3821 bonatus,
1102 3749 1170 3827 quia
1193 3746 1302 3828 syllaba
1326 3768 1398 3810 con·

92 3851 194 3928 iungit
217 3857 247 3910 et
269 3851 401 3930 concipit
423 3839 581 3911 elementa,
610 3849 647 3910 Et
668 3849 742 3910 haec
766 3858 811 3909 est
832 3851 927 3928 prima
944 3849 1076 3910 delinitio
1090 3848 1229 3929 syllabae.
1276 3851 1398 3912 linun-

92 3951 221 4012 tiatio.
266 3948 365 4011 Altera
388 3957 433 4011 est
455 3949 601 4018 delinitio,
637 3953 704 4028 quia
732 3970 791 4012 una
819 3951 932 4011 uocalis
959 3946 1119 4030 aliquando
1147 3951 1287 4030 syllabam
1316 3953 1396 4022 lacit,

90 4053 166 4113 licet
191 4069 251 4112 non
273 4053 411 4132 proprie,
437 4052 490 4113 sed
513 4050 652 4122 abusiue,
676 4055 752 4114 sicut
774 4054 999 4113 ‘nominatiuus’
1017 4051 1126 4112 dicitur
1149 4069 1234 4112 casus
1249 4060 1279 4112 et
1294 4053 1396 4113 ‘unus'

55 4169 254 4216 tanumeros.
298 4154 330 4214 si
352 4156 432 4214 enim
455 4150 567 4232 syllaba
590 4145 655 4214 άπὸ
677 4148 738 4215 τοῦ
760 4144 1012 4233 συλλαμβάνειν
1027 4151 1067 4214 τά
1083 4148 1300 4233 γραμμάτων,
1320 4152 1399 4215 idest

93 4276 110 4318 a
133 4257 333 4336 conceptione
361 4255 527 4315 litterarum
557 4255 674 4325 dicitur,
705 4257 793 4316 unius
820 4255 932 4318 uocalis
960 4254 1122 4316 enuntiatio
1145 4252 1267 4315 abusine
1290 4263 1320 4316 et
1340 4257 1397 4316 im·

92 4359 221 4438 proprie
244 4362 367 4418 uocatur
389 4353 511 4435 syllaba.
558 4357 717 4419 Sciendum
741 4366 856 4428 autem,
879 4357 959 4435 quod
983 4355 1095 4438 syllaba
1111 4356 1147 4417 ab
1170 4374 1227 4417 una
1250 4358 1397 4436 incipiens

163 4649 181 4697 2
199 4645 353 4696 admisimus
371 4645 438 4695 idest
455 4661 501 4696 om.
600 4645 670 4695 lita
687 4643 875 4714 scribebantur]
897 4644 927 4712 llll
947 4646 1140 4697 ascribebantur
1229 4645 1245 4694 8
1265 4643 1340 4693 nichil
1359 4645 1397 4694 bis

92 4716 215 4781 sgrects
286 4711 353 4763 Χει
370 4713 430 4762 Vlll
448 4723 544 4763 tontum
616 4714 647 4763 10
665 4727 755 4778 grecos
843 4717 873 4763 12
891 4729 993 4779 grecam
1011 4724 1036 4764 et
1054 4715 1171 4764 hebream
1242 4714 1274 4762 13
1293 4713 1362 4777 greci

92 4784 182 4833 hebrei
252 4783 287 4832 24
304 4781 381 4831 nichil
450 4783 483 4833 2b
501 4787 663 4846 reppererunt
735 4782 768 4832 28
787 4791 864 4846 epoto
883 4782 1027 4846 syllabarrin
1047 4794 1070 4831 ta
1088 4773 1224 4847 grimaton
1293 4781 1326 4831 29
1345 4780 1397 4844 syl-

91 4852 198 4902 labanin
269 4851 303 4901 30
320 4865 412 4914 grecus
481 4851 514 4902 35
531 4864 547 4900 a
565 4858 629 4914 potu
646 4849 790 4914 syllabarriu

117 4951 219 4994 omn.
230 4959 285 4991 un.
297 4949 382 4992 soma.
1164 4936 1196 4986 15
