3420 5450
503 391 569 442 Ans
588 391 764 443 ANONYMA
785 391 996 446 BERNENSIS.
1253 397 1392 456 Lxxxiu

126 582 239 642 5551155
262 577 389 641 dicendi
420 579 529 641 uitium
556 579 630 641 inde
656 587 754 641 ortum
781 589 838 655 est,
874 583 969 656 quad,
1005 599 1209 659 quaecumque
1241 585 1393 646 nominum

123 700 218 758 ponera
242 689 464 757 pertractaret,
502 700 606 744 eorum
638 685 777 758 exempla
814 701 833 742 a
864 682 972 760 pueris
1003 681 1064 744 rite
1099 684 1253 746 declinari
1284 686 1391 748 uoluit.

123 787 149 844 P.
170 792 217 855 51,
241 791 257 842 5
278 801 346 844 cum
370 783 402 844 in
424 783 622 846 adnotatione
647 803 706 860 pro
736 785 927 862 ‘tipiciatia'
945 785 1234 862 participialia
1261 787 1392 850 scriben-

121 888 177 946 555
195 903 255 946 esse
274 885 453 961 conicerern,
477 885 624 947 inmemor
642 886 696 960 sai
711 886 773 948 loci
797 887 929 963 Verpilii
948 888 1145 964 prorrematioi
1163 908 1195 966 p.
1216 897 1273 949 tto
1297 891 1393 952 Mai:

120 989 247 1048 ‘Gaendi
264 990 313 1048 uel
327 987 426 1066 typici
439 990 533 1050 uerba
555 992 593 1050 de
609 989 793 1067 participiis
816 988 960 1050 deriuata
980 993 1083 1064 sidetes
1104 991 1214 1066 quique
1236 994 1392 1056 doctorum

119 1089 154 1150 ita
172 1089 364 1166 inteltepunt',
389 1109 445 1151 nee
466 1107 525 1151 non
540 1090 700 1153 commenti
715 1091 919 1153 Einsidlensis
941 1091 974 1152 in
989 1093 1107 1154 Donati
1128 1101 1224 1155 artem
1246 1094 1393 1156 minorem

117 1191 192 1252 baius
211 1190 282 1251 libri
299 1211 332 1267 p.
352 1200 418 1272 215,
434 1201 479 1252 ta.
526 1193 573 1268 Of.
595 1202 761 1269 practerea
783 1197 865 1256 locos
887 1196 991 1254 eadem
1014 1197 1052 1254 de
1073 1213 1107 1254 re
1128 1213 1148 1254 a
1167 1195 1299 1258 Tburoto
1322 1197 1392 1258 dili-

116 1301 207 1368 penter
226 1303 383 1368 conpestos
397 1294 553 1356 ‘Extraits
575 1297 612 1356 de
633 1295 828 1357 manuscrits’
843 1305 899 1357 etc.
923 1306 992 1358 torn.
1010 1299 1113 1358 XXII
1133 1305 1159 1371 2,
1180 1315 1214 1372 p.
1235 1305 1270 1356 15
1284 1308 1345 1360 551.
1364 1307 1390 1358 3.

117 1397 144 1455 Ρ.
167 1403 210 1469 55,
236 1401 271 1454 23
292 1398 385 1457 ‘unde
406 1396 468 1458 ubi’
490 1396 624 1467 scribas;
642 1418 676 1475 p.
702 1407 750 1468 55,
775 1405 793 1456 5
816 1397 931 1474 ‘piius'
951 1417 1011 1475 pro
1033 1397 1198 1475 ‘pientius’
1221 1403 1391 1475 tependarn,·

117 1516 147 1557 ne
165 1501 282 1572 reputas
302 1515 378 1560 suae
395 1499 616 1576 proprietatem
638 1509 747 1562 auctor
767 1499 835 1577 ipse
854 1503 1048 1576 perturbasse
1063 1501 1215 1576 uideatur,
1232 1502 1276 1575 cs.
1289 1521 1323 1578 p.
1343 1511 1392 1571 to,

117 1609 140 1667 5,
159 1599 206 1660 abi
225 1599 329 1676 ‘plior’
354 1600 420 1662 diei
435 1619 525 1677 passe
546 1610 696 1678 nepar·at;
720 1620 754 1678 p.
781 1611 829 1679 55,
855 1611 892 1661 ta
915 1605 1006 1662 ‘male
1026 1605 1125 1663 stulte'
1147 1611 1177 1662 et
1200 1611 1236 1662 15
1260 1604 1391 1678 ‘ciuice’,

114 1718 180 1775 quae
200 1701 256 1761 iarn
273 1721 308 1779 p.
334 1712 391 1773 54,
416 1713 433 1762 5
456 1711 485 1764 51
511 1711 799 1765 recommemorata
821 1711 924 1778 erant,
958 1711 1057 1765 tamen
1087 1703 1175 1765 reneis
1201 1703 1392 1766 circumscri-

114 1805 174 1863 bere
198 1803 352 1878 dubitaui,
383 1805 458 1880 quia
484 1804 557 1866 aliis
586 1824 702 1882 quoque
729 1805 804 1866 locis
825 1805 859 1866 in
881 1824 916 1866 eo
936 1823 1048 1880 periere
1069 1807 1272 1884 artiprapltus
1293 1811 1393 1884 nepte-

113 1903 219 1978 55515
234 1905 336 1978 fuisse
358 1907 605 1982 deprenenatmr.
952 1904 955 1910 ’
1463 1905 1465 1908 ⁴

186 2005 319 2082 Denique
345 2006 380 2068 in
407 2008 539 2085 quinque
567 2008 802 2071 declinationum
831 2015 989 2086 catatopo,
1023 2028 1108 2086 quem
1137 2029 1177 2072 ex
1204 2011 1310 2073 codice
1339 2020 1394 2070 511

116 2107 255 2169 uetustatis
275 2127 349 2185 erpo
366 2129 402 2188 p.
428 2119 474 2186 51,
504 2119 536 2171 17
558 2114 630 2172 555.
654 2111 754 2182 55151,
783 2131 851 2174 eum
878 2129 915 2172 ea
937 2111 1077 2194 nomina,
1106 2131 1184 2188 quae
1212 2112 1321 2174 tertiae
1343 2115 1393 2173 de-

115 2210 273 2272 clinationis
294 2231 358 2272 esse
380 2212 534 2288 dicuntur,
560 2211 753 2291 alphabetico
775 2215 884 2275 ordine
905 2223 1084 2276 enumerata
1106 2232 1169 2276 esse
1186 2223 1310 2292 pateat,
1334 2233 1392 2291 pro

115 2312 223 2388 ‘splenis
243 2313 337 2376 orbis’
357 2316 493 2388 sortasse
514 2315 641 2377 crinis
662 2314 791 2376 corbis
812 2314 947 2385 scribas;
971 2334 1034 2392 pro
1056 2316 1174 2378 ‘bostis’
1197 2325 1250 2378 aut
1272 2315 1392 2393 ‘postis’

114 2416 253 2488 lependum
283 2427 337 2478 aut
368 2417 569 2494 aspirationis
600 2426 673 2479 nota
703 2417 811 2479 uitiose
842 2418 982 2478 detracta
1015 2420 1118 2480 ‘ostis'
1149 2417 1221 2480 olim
1248 2423 1394 2495 seriptum

111 2517 195 2588 fuisse
214 2521 397 2580 credendum
419 2527 479 2589 est,·
500 2519 631 2580 certiore
651 2519 835 2581 emendandi
857 2519 911 2580 uia
932 2523 999 2582 loco
1020 2519 1186 2597 ‘insipnis’,
1211 2522 1294 2597 qaod
1313 2520 1394 2582 inter

115 2619 202 2679 ‘ratis'
216 2630 244 2680 et
257 2621 374 2682 ‘sentis'
389 2631 542 2696 uersatur,
567 2621 699 2696 sepnis
720 2625 872 2684 inseretur
886 2629 978 2698 atque
991 2621 1027 2683 id
1046 2621 1160 2698 ipsum,
1184 2625 1265 2699 quod
1286 2621 1393 2684 ultimo

113 2723 169 2781 loco
192 2723 325 2796 babetur,
358 2723 499 2796 ‘febris',
527 2741 595 2784 curn
623 2723 731 2785 ‘uestis
758 2723 829 2785 uitis
856 2707 973 2801 uulpis'
1002 2726 1199 2798 antecellant,
1224 2725 1321 2798 focile
1351 2727 1394 2785 ad

115 2825 222 2899 ’515115
243 2825 387 2886 uocabuli
405 2824 539 2900 sormam
561 2825 766 2888 revocabitur.

628 3100 863 3108 --—--—-—--

686 3327 799 3408 111.

147 3449 155 3458 ’
244 3489 351 3574 Ans
373 3488 1242 3604 ANONYMABERNENSISOOD.123.

675 3777 758 3843 Cui.
781 3777 808 3841 I.

351 3896 412 3962 DE
434 3896 563 3964 ARTIS
585 3896 750 3963 INDOLE
772 3897 828 3962 ΕΤ
851 3896 1135 3963 AVCTORIBVS.
1215 3995 1217 4000 ι

186 4037 267 4099 11555
298 4057 365 4108 ars,
400 4055 583 4115 quamquam
615 4055 675 4100 nan
707 4037 830 4112 intepra
862 4039 906 4100 ad
931 4055 986 4099 nos
1009 4041 1153 4115 peruenit
1178 4005 1249 4098 eius¹
1270 4040 1388 4112 notitia,

106 4139 301 4216 5515555555
315 4157 377 4202 non
393 4143 477 4202 ultra
493 4138 687 4217 pronominis
708 4138 926 4217 expositionem
948 4141 1141 4215 extendatur,
1166 4139 1268 4201 multis
1290 4147 1390 4201 tamen

105 4239 268 4303 nominibus
294 4241 433 4304 uirorum
460 4244 617 4305 doctorum
640 4241 804 4303 attentione
827 4241 922 4317 dipna
944 4250 997 4302 est.
1042 4243 1120 4302 Nam
1142 4259 1208 4302 cum
1231 4245 1292 4303 iam
1315 4244 1393 4302 illud

105 4357 158 4400 non
179 4341 252 4404 15515
269 4343 410 4406 morienti
430 4342 484 4420 sit,
509 4353 556 4416 ut,
579 4363 640 4422 qua
662 4348 782 4406 ratione
803 4343 898 4405 medii
920 4349 990 4405 aeni
1010 4343 1122 4406 ortium
1143 4343 1336 4418 confectores
1356 4343 1390 4405 in

104 4446 273 4520 eollipeudts
294 4453 388 4524 atque
408 4447 610 4523 excerpendis
636 4455 790 4508 auctarium
812 4453 945 4507 ueterum
968 4447 1106 4522 operibus
1127 4449 1175 4507 asi
1195 4449 1270 4517 sint,
1300 4464 1390 4508 aceu-

104 4553 167 4608 rate
186 4551 309 4619 sciatur,
329 4551 509 4626 praesntim
531 4547 559 4610 si
579 4566 640 4610 aon
662 4536 800 4624 Ι55555115
819 4547 931 4620 finibus
952 4566 1015 4609 rem
1036 4550 1207 4623 5511555551,
1237 4550 1292 4610 sed
1313 4551 1389 4610 anti-

104 4649 305 4724 quissimorum
331 4648 515 4728 scriptorum
545 4649 679 4712 Obarisii
700 4649 854 4712 Dioneedis
875 4647 1031 4711 Prisciani
1057 4665 1139 4710 more
1167 4653 1310 4711 latissime
1337 4667 1389 4711 ex-

103 4755 232 4826 spatiari
249 4743 473 4830 excerptorem,
497 4771 553 4814 nee
567 4754 716 4814 Donatum
731 4751 902 4813 commentis
916 4751 1103 4828 illustrandi,
1128 4769 1218 4829 quam
1239 4759 1301 4814 tam
1319 4751 1391 4825 sere

105 4855 293 4932 appetebant,
318 4857 438 4917 1555551
453 4858 591 4934 captari,
615 4856 670 4916 sed
683 4857 766 4915 tenui
779 4857 996 4930 discipulorum
1011 4873 1067 4916 usa
1081 4858 1215 4930 neptecto
1233 4857 1391 4916 doetrinae

1152 4953 1185 5006 f*
