3394 5448
307 352 371 418 240
701 355 937 410 conuuurvtt
955 355 1201 409 EINSIDLENSE

307 545 337 606 in
355 562 371 604 c
386 544 540 614 desinunt,
564 544 589 604 si
612 543 716 605 Latina
739 552 824 614 sunt,
848 553 952 607 neutra
976 563 1050 606 esse.
1096 545 1226 626 Sinapi
1249 545 1343 608 barba
1365 545 1528 606 fortissima
1552 549 1627 604 est'

204 647 447 710 eao,1oGummi
476 647 575 706 resina
603 645 730 707 arboris.
775 651 908 726 Aptota
935 645 1111 716 incasualia,
1135 665 1155 706 o
1178 649 1256 716 sine,
1285 650 1380 726 ptosis
1403 665 1507 715 casus,
1537 646 1607 706 iude

205 763 254 814 saa,
269 764 294 803 re
307 754 427 827 aptoton
451 749 514 807 sine
538 764 617 808 casn.
641 783 682 792 —
705 747 760 809 llic
783 756 812 808 et
834 747 906 809 baec
928 746 1099 828 pumilio,
1123 749 1143 807 i·
1168 765 1264 809 nanus
1286 757 1316 810 et
1339 765 1431 817 naua:
1461 746 1607 827 papilio

153 857 351 914 sre‚1o.soest
372 867 465 928 genus
489 846 628 909 uolatilis.
675 848 857 910 [lesinens
880 852 904 908 i·
929 851 1045 911 liniens.
1089 849 1212 910 (lornu
1241 848 1455 910 indeclinabile
1483 851 1513 909 in
1544 850 1605 908 sin·

306 950 418 1028 gulari,
446 950 476 1009 in
505 947 613 1028 plurali
643 969 715 1011 uero
743 950 918 1021 declinatur,
947 967 1060 1012 corum
1090 968 1246 1012 cornuum.
1291 951 1413 1030 Antiqui
1442 957 1542 1011 autem
1569 951 1626 1010 itas

306 1049 510 1113 declinabant:
534 1050 590 1111 boc
613 1068 706 1112 cornu
730 1051 819 1112 buius
842 1053 925 1112 corni
950 1047 1071 1134 ll162ll
1102 1097 1365 1115 .......

390 1152 432 1214 De
456 1169 590 1213 numero.
636 1153 784 1214 Numerus
812 1153 908 1214 dictus
931 1161 976 1214 est
998 1173 1015 1214 a
1038 1152 1223 1214 numerando
1246 1171 1262 1214 a
1285 1154 1524 1233 frequentatione
1551 1171 1605 1214 nu·

306 1271 474 1324 merorum,
503 1250 589 1314 uela
612 1253 752 1324 Numeria
776 1253 831 1314 dea
854 1271 1050 1334 paganorum,
1080 1272 1155 1333 quae
1184 1256 1279 1317 lectur
1307 1273 1465 1316 numerum
1494 1273 1606 1334 reppe-

306 1358 390 1417 risse.
435 1355 509 1416 Nam
532 1354 611 1417 illius
633 1356 777 1434 templum
802 1357 932 1435 quisquis
956 1355 1057 1416 luisset
1079 1356 1248 1434 ingressus,
1278 1373 1336 1417 non
1366 1363 1452 1416 antea
1475 1355 1606 1417 audebat

305 1458 410 1519 faciem
434 1463 631 1525 conuertere,
652 1456 747 1518 donec
770 1455 849 1518 mille
872 1473 977 1536 passus
999 1464 1164 1518 retrorsum
1179 1455 1321 1518 incedens
1337 1462 1519 1517 numeraret.
1555 1455 1604 1516 Vel
1617 1477 1634 1510 u

306 1576 448 1620 numerus
469 1559 578 1619 dicitur
600 1560 686 1637 quasi
708 1575 896 1620 nummorum
912 1559 1006 1619 riuus.
1037 1557 1107 1618 Plus
1130 1575 1239 1620 nomen
1262 1565 1307 1620 est
1329 1559 1510 1636 quantitatis,
1534 1559 1604 1618 inde

306 1660 336 1721 bi
366 1669 394 1722 et
421 1661 477 1721 bae
504 1659 606 1740 plures
635 1667 664 1720 et
691 1660 765 1721 baec
792 1657 892 1738 plura,
925 1660 995 1720 inde
1028 1661 1116 1720 etiam
1150 1658 1273 1737 pluralis
1305 1677 1448 1720 numerus
1482 1659 1602 1719 dicitur.

305 1761 408 1823 Dualis
431 1777 573 1822 numerus
595 1760 703 1823 dicitur
725 1780 775 1830 eo,
799 1760 876 1840 quod
894 1760 968 1821 duos
984 1769 1097 1823 tantum
1115 1761 1223 1840 recipit
1244 1778 1399 1830 numeros,
1422 1769 1456 1822 ut
1470 1763 1502 1822 in
1517 1761 1603 1821 ‘duo’

306 1870 336 1924 et
357 1865 388 1923 in
410 1861 533 1931 ‘ambo’,
563 1861 615 1923 sed
638 1861 717 1922 bunc
740 1879 801 1923 non
822 1864 998 1940 recipimus,
1028 1864 1110 1942 quia,
1139 1863 1190 1942 qui
1217 1859 1452 1939 singularitatem
1476 1863 1602 1930 excedit,

204 1983 255 2033 sac,
269 1965 338 2025 sain
360 1963 529 2043 pluralitate
553 1962 795 2042 deprehenditur.
839 1962 924 2024 Dies
952 1963 1061 2026 dicitur
1084 1982 1098 2024 a
1122 1963 1192 2033 diis,
1223 1981 1258 2023 cx
1280 1962 1388 2043 quibus
1410 1944 1542 2026 nomina¹
1557 1983 1632 2026 aon

306 2073 464 2146 ceperunt,
488 2072 521 2125 ut
543 2063 606 2124 dies
629 2063 720 2133 Solis,
750 2081 839 2144 quem
863 2064 1043 2126 dominicum
1068 2083 1224 2134 uocamus,
1256 2063 1319 2124 dies
1347 2065 1447 2126 Lunae
1470 2085 1487 2126 a
1509 2067 1601 2135 Luna,

306 2166 371 2227 dies
393 2165 495 2226 blartis
518 2183 533 2226 a
557 2165 663 2235 blarte,
687 2165 751 2226 dies
773 2165 913 2226 Mercurii
935 2185 952 2227 a
974 2167 1137 2237 Mercurio,
1166 2166 1230 2226 dies
1258 2166 1336 2228 louis
1359 2187 1375 2228 a
1398 2167 1484 2228 lotae:
1522 2167 1601 2228 louis

306 2267 413 2328 dicitur
441 2268 524 2345 quasi
553 2266 629 2328 lauis
657 2269 682 2326 i·
713 2268 845 2328 omnium
874 2269 920 2329 uis
942 2276 973 2328 et
994 2269 1146 2350 tortitudo.
1192 2267 1261 2328 Dies
1288 2265 1412 2329 Veneris
1434 2288 1451 2329 a
1473 2271 1599 2336 Venere,

306 2369 368 2429 dies
394 2369 514 2430 Saturni
537 2387 552 2428 a
575 2367 718 2438 Saturno,
748 2387 836 2448 quem
865 2369 1019 2430 sabbatum
1049 2368 1182 2430 dicimus.
1228 2368 1353 2430 Nubes
1375 2369 1484 2431 dicitur
1507 2389 1524 2432 a
1547 2390 1599 2432 nu·

306 2469 404 2531 bando
426 2471 446 2529 i·
471 2469 685 2549 cooperiendo,
714 2487 750 2530 eo
778 2468 857 2550 quod
885 2470 999 2531 caelum
1028 2473 1214 2550 cooperiunt.
1258 2469 1378 2531 Nubere
1402 2470 1529 2534 dicimus
1551 2491 1629 2532 co-sa

305 2573 433 2652 operire,
451 2571 520 2632 lnde
536 2571 657 2650 nuptiae
679 2569 828 2646 dicuntur,
852 2573 919 2650 quia
935 2570 977 2632 ibi
992 2574 1088 2651 capita
1103 2571 1280 2634 nubentium
1297 2571 1434 2632 llammeo
1451 2573 1596 2636 uelamine

202 2695 252 2744 sao,
265 2695 290 2736 aa
304 2681 453 2752 teguntur.
499 2670 629 2733 Puluis
651 2671 842 2751 singulariter
864 2672 1045 2743 declinatur,
1068 2671 1138 2733 licet
1160 2672 1339 2734 lloratius
1361 2673 1485 2735 abusiue
1508 2675 1596 2735 dixit:

605 2771 860 2836 Nouendialcs
882 2777 1052 2854 spargite
1075 2773 1267 2855 pulueres.

370 2957 606 3009 stnusuattastne
641 2959 709 3024 ptois
761 2959 844 3010 3boc
856 2959 954 3010 ethaeo
1005 2956 1201 3024 flhuiuscorni]
1219 2960 1595 3013 Periboeeincod.sccuntsr

300 3045 329 3092 p.
339 3029 389 3076 10²
401 3030 464 3096 tait:
478 3026 540 3076 baec
551 3040 628 3075 corna
639 3027 675 3088 (i)
693 3063 699 3076 .
710 3062 717 3076 .
727 3062 734 3076 .
744 3041 828 3076 ,orum
841 3029 971 3083 remansit.
987 3027 1122 3094 Remigius,
1132 3029 1215 3094 qualis
1226 3034 1265 3077 cst
1273 3029 1300 3078 in
1310 3030 1367 3079 cod.
1376 3027 1458 3082 Bora.
1469 3030 1520 3080 38⁶
1529 3031 1554 3091 s.
1563 3033 1594 3078 25

301 3110 366 3160 seq„
379 3093 555 3156 baecbabetf.
566 3095 613 3142 29·
625 3097 673 3144 coi.
683 3093 732 3143 11.-
751 3094 856 3157 Antiqui
872 3095 907 3145 ite
920 3095 1081 3146 declinabant
1095 3096 1155 3145 ‘boc
1169 3109 1250 3145 cornu
1261 3093 1338 3146 buius
1349 3097 1441 3150 corni',
1460 3095 1593 3146 Inde‘cor·

302 3162 562 3212 auorum'remansit.
598 3159 1214 3229 Squaelerturuumerumrepperissesuprulia.
1249 3165 1406 3214 lilconuerti
1441 3163 1592 3228 numeraret]

302 3230 337 3280 In
354 3244 447 3294 marg:
467 3227 506 3278 uel
518 3243 534 3278 a
546 3227 627 3277 Numa
637 3229 763 3294 Pompilio
781 3246 842 3295 rege
852 3230 1034 3294 Romanorum,
1053 3240 1112 3281 onte
1125 3245 1201 3294 quern
1210 3231 1261 3295 ipsi
1274 3230 1383 3281 Romani
1395 3241 1513 3296 expertes
1525 3243 1594 3281 erant

304 3297 463 3362 numerandi,
471 3296 517 3346 sed
524 3295 618 3362 lapillis
628 3297 819 3362 computabant,
830 3299 916 3348 omnia
925 3313 1049 3364 prospera
1059 3300 1164 3361 quidem
1174 3297 1299 3363 candidis,
1309 3300 1420 3366 aduersa
1433 3313 1493 3349 uero
1506 3300 1592 3364 nigris,

304 3364 370 3415 unde
388 3364 517 3415 Persius
537 3361 604 3428 (Sat.
624 3363 660 3415 11
675 3364 717 3426 1):
736 3365 829 3422 tuane,
848 3366 967 3427 Macrine,
985 3367 1052 3416 dietu
1072 3382 1176 3417 numera
1192 3366 1298 3416 meliore
1315 3366 1424 3432 lapillo’,
1443 3369 1459 3416 i.
1476 3368 1591 3422 candido,

303 3433 343 3482 uel
362 3449 376 3480 a
395 3433 506 3481 nummis
525 3443 630 3481 uocatur
647 3447 778 3492 numerus,
797 3434 857 3494 quia
876 3433 943 3496 (qui)
961 3435 1066 3499 saepius
1086 3443 1257 3488 numerantur,
1294 3433 1421 3484 Numerus
1440 3446 1478 3484 est
1494 3449 1591 3484 coacer-

303 3502 372 3550 uatio
391 3501 525 3550 actitatum.
550 3498 693 3564 Singularis
713 3515 833 3549 numerus
852 3515 902 3550 nou
922 3503 1027 3568 proprie
1038 3503 1138 3560 dicitur,
1156 3501 1216 3565 quie
1234 3515 1286 3550 uon
1299 3513 1398 3552 constat
1416 3517 1447 3550 ex
1465 3502 1589 3568 pluribus:

302 3569 369 3618 sicut
385 3577 470 3618 autem
489 3568 662 3617 nominatiuuo
680 3581 731 3616 aon
751 3569 856 3634 proprie
872 3569 964 3619 dicitur
980 3585 1071 3631 casus,
1096 3571 1141 3620 sed
1164 3570 1223 3631 quie
1247 3571 1279 3618 ab
1303 3570 1345 3619 illo
1364 3571 1408 3619 ulii
1426 3570 1513 3619 cadere
1531 3571 1591 3618 inei-

302 3638 389 3701 piuat,
412 3637 471 3686 ideo
493 3649 568 3684 ossus
591 3635 696 3694 dicitur,
720 3646 744 3684 et
761 3635 827 3685 sicut
844 3651 964 3686 numerus
983 3652 1103 3687 numerus
1122 3652 1187 3686 uatus
1205 3637 1262 3685 idac
1281 3637 1375 3687 dicitur
1392 3647 1500 3698 mutum,
1523 3638 1591 3700 quod

301 3703 360 3754 lons
379 3704 414 3753 sit
431 3713 456 3753 et
473 3704 547 3767 origo
566 3716 738 3762 nrrmerorum,
756 3705 791 3752 ita
809 3714 834 3752 et
851 3705 990 3770 singularis
1008 3719 1128 3754 numerus
1148 3713 1266 3770 uocatur,
1289 3707 1350 3767 quia
1372 3705 1477 3770 pluralis
1495 3706 1589 3754 rrumeri

301 3783 341 3822 est
358 3772 440 3835 origo.
527 3770 557 3819 11
576 3784 683 3833 nornen,
700 3785 832 3836 suprascr.
852 3771 891 3820 uel
909 3773 1058 3822 aduerbium
1146 3775 1177 3823 12
1196 3771 1222 3821 bi
1239 3788 1320 3838 supra
1336 3776 1381 3824 lin.
1469 3775 1499 3822 14
1515 3772 1589 3832 bunc,

300 3855 434 3904 suprascr,
452 3840 471 3890 i.
489 3836 589 3887 dualem
659 3840 690 3889 15
709 3840 734 3887 in
752 3838 923 3904 pluralitatem
993 3841 1024 3891 18
1042 3841 1167 3896 omnium,
1186 3855 1319 3904 suprascr.
1339 3841 1490 3890 uniuersalis
1558 3843 1587 3890 21

302 3907 441 3966 uelamine,
459 3921 590 3970 suprascr.
610 3907 627 3959 i.
646 3905 707 3954 orali
811 3908 844 3956 22
863 3905 972 3973 oratius]
991 3908 1077 3972 Epod.
1097 3907 1186 3958 XVII
1204 3911 1250 3958 48:
1278 3906 1448 3960 Nouenaiues
1465 3908 1589 3972 dissipare

300 3974 429 4040 pulsares.
498 3974 532 4023 23
549 3969 680 4040 pulueres]
700 3973 734 4023 Ia
751 3990 840 4039 marps
859 3975 1024 4025 nouendialcs
1043 3991 1126 4025 nonus
1144 3977 1200 4026 dies
1213 3987 1260 4038 est,
1273 3977 1332 4038 quia
1343 3977 1411 4039 (qui)
1424 3975 1589 4025 celebrabatur

302 4056 368 4092 nouo
386 4042 471 4091 dicia
489 4041 606 4102 exequiis
624 4051 789 4094 mortuorum.
826 4041 888 4092 Octo
912 4043 979 4092 enim
1001 4043 1090 4093 diebus
1113 4044 1263 4093 seruabatur
1280 4057 1375 4109 corpus
1394 4055 1420 4093 et
1436 4043 1587 4105 abluebatur,

301 4124 369 4159 nono
388 4123 449 4159 uero
467 4109 509 4158 die
525 4108 706 4158 incendebatur
723 4111 803 4159 etsie
820 4111 1039 4176 sepeliebatur.—-
1051 4109 1164 4177 Sanguis
1176 4111 1269 4162 dicitur
1286 4127 1301 4160 a
1318 4111 1456 4161 sanciendo
1473 4125 1500 4160 eo
1519 4111 1587 4172 quod

301 4243 528 4256 ——n———n—u-

370 4347 385 4398 1
404 4345 495 4398 dlossa
512 4345 609 4397 codicis
626 4344 768 4398 Beracnsis
787 4347 874 4411 38612
894 4345 929 4398 4¹³
946 4364 1025 4414 marg.
1043 4349 1104 4398 siaa
1124 4345 1248 4399 Numerus
1267 4358 1306 4398 est
1323 4349 1448 4400 unitatum
1465 4346 1583 4409 collectio,

299 4416 366 4466 siout
383 4415 498 4480 quidam,
516 4429 622 4464 aceruus
641 4429 673 4463 ex
690 4413 777 4464 multis
796 4415 935 4466 unitatibus
954 4417 1073 4466 collectus
1091 4416 1160 4479 (cum
1179 4415 1279 4479 lectus).
1303 4415 1403 4467 Dicitur
1420 4417 1480 4466 eninr
1498 4429 1583 4465 nume·

300 4499 344 4534 rus
362 4481 553 4533 enumerando
572 4482 612 4533 uel
630 4497 644 4530 a
663 4481 783 4533 Numer-ia
800 4483 849 4533 dea
867 4497 1040 4550 paganorum,
1063 4499 1128 4547 quae
1150 4485 1230 4534 lertur
1252 4499 1383 4534 numerum
1403 4485 1527 4534 inuenisse
1545 4483 1582 4532 uel

299 4567 315 4601 a
333 4549 416 4600 Numa
434 4549 559 4616 Pompilio
578 4549 701 4616 (ponp),
724 4552 768 4613 qui
790 4550 838 4601 luit
860 4562 950 4602 auctor
967 4553 1128 4602 numerandi:
1155 4553 1253 4615 antiqui
1277 4553 1418 4603 nescientes
1446 4565 1581 4614 numerare,

298 4619 392 4684 lapillis
411 4620 496 4669 omnia
514 4619 698 4683 conpetebant,
717 4620 743 4668 in
761 4619 917 4670 aduersitate
934 4622 1029 4686 nigris,
1054 4621 1080 4669 in
1099 4621 1269 4687 prosperitate
1285 4621 1416 4684 candidis,
1434 4619 1495 4670 unde
1512 4619 1580 4668 Per-

300 4687 382 4740 sius:
401 4687 493 4750 suune,
513 4686 631 4748 blaorine,
649 4685 716 4735 diem
735 4702 839 4736 numera
856 4687 961 4737 meliore
978 4687 1085 4754 lapillo.’
1176 4689 1209 4739 22
1229 4689 1320 4740 Glossa
1337 4689 1432 4740 codicis
1447 4687 1582 4737 Bernertsis

297 4755 319 4817 s.
338 4753 372 4803 4⁵
389 4771 469 4820 marg,
486 4755 546 4805 sim:
575 4752 644 4803 cinis
662 4755 751 4803 iterum
770 4755 900 4820 singulare
918 4766 968 4816 est,
988 4755 1106 4818 quamuis
1125 4756 1224 4822 legatur
1241 4758 1267 4806 iu
1286 4758 1380 4807 oratio:
1407 4754 1593 4824 ‘Nouanatata

298 4823 418 4874 cincres’.
