3420 5450
531 376 580 427 Du
598 375 720 428 LIBRIS
739 374 1015 428 TVRICENSIBVS.

283 615 348 669 Ante
366 611 401 668 do
419 611 523 668 uocalis
542 620 584 668 cst
602 559 648 668 fid?
662 560 741 669 mim
756 560 815 668 ced?
830 560 895 681 ped?
909 613 1022 668 remotis

581 702 606 737 nt
619 696 687 738 condo
701 695 786 737 condidi
795 730 800 740 .
809 696 876 748 prodo
890 696 975 750 prodidi

282 757 300 805 n
319 748 352 804 do
370 749 514 818 conposite
534 748 688 804 formantur
706 750 734 803 di
752 751 896 816 geminen.

237 840 267 889 30
281 835 347 890 Ante
365 833 399 889 do
418 835 443 889 si
460 833 554 889 ueniet
571 851 589 890 u
608 833 652 890 uei
671 834 679 888 i
697 833 779 890 simui
798 850 815 888 n
833 834 969 890 mediante

195 921 197 928 ’
734 929 789 970 quse
803 923 848 958 eret
861 917 883 957 in
898 917 1011 969 praesenti.

280 971 307 1026 io
325 969 353 1026 dt
370 972 563 1040 praeteritum,
582 969 629 1026 sed
648 971 675 1025 in
694 971 737 1026 his
755 986 810 1026 non
828 969 948 1026 demitur
966 979 1036 1026 ente.

809 1059 833 1095 ut
846 1053 916 1107 pendo
930 1053 995 1106 pondi

279 1107 317 1164 Nil
335 1106 410 1164 siiud
427 1114 536 1164 mutnus
553 1105 650 1177 prebet
667 1123 718 1175 per
735 1115 825 1164 cetere
843 1107 871 1162 di
889 1106 935 1172 do,

303 1191 361 1244 quod
376 1191 431 1232 iecit
441 1191 506 1232 diuisi
660 1197 684 1233 nt
698 1193 768 1245 pendo
782 1191 874 1245 pependi
883 1222 888 1232 .
897 1189 950 1231 cede
964 1190 1038 1234 cecidi.

278 1244 373 1300 binido
391 1243 415 1300 si
434 1243 525 1300 demes
543 1251 571 1298 et
588 1259 658 1312 quse
676 1241 746 1299 irunt
763 1243 936 1312 geminando.

302 1333 326 1370 ut
339 1327 390 1369 indo
405 1327 475 1368 iusum
502 1328 601 1368 omnibus
615 1339 671 1380 qunc
697 1328 837 1369 terminentur
850 1327 870 1368 in
885 1327 912 1368 do
928 1333 1011 1380 praeter
1024 1327 1136 1380 conposite
1150 1339 1162 1366 s
1176 1326 1204 1368 do
1218 1326 1257 1367 tius

278 1382 314 1437 bo
334 1397 394 1436 sum
413 1379 511 1449 prebet
528 1381 556 1434 in
574 1380 617 1434 bis
636 1381 755 1448 exeeptis
775 1379 872 1435 edere
890 1380 968 1436 netis.

302 1477 315 1506 a
327 1465 355 1506 do
368 1463 481 1518 conposito
495 1469 518 1505 ut
531 1463 701 1516 proditemboe
715 1463 801 1504 additur
814 1470 903 1517 propter
916 1464 1024 1505 ebseorrdo
1039 1463 1097 1516 quod
1112 1463 1161 1504 iecit
1175 1465 1310 1505 absconsum.

229 1522 261 1572 35
278 1517 326 1574 illa
343 1517 510 1587 supinantur
526 1532 576 1583 per
594 1516 662 1571 itum
681 1515 813 1585 quociens
832 1517 1013 1584 geminentur.

302 1601 452 1644 absconditum
466 1599 593 1641 abscondidi
848 1601 975 1641 absconsum
984 1631 990 1644 .
999 1613 1032 1642 su.

278 1653 423 1710 Abscondo
443 1651 490 1708 dnt
507 1653 575 1708 itum
593 1651 735 1721 geminans
753 1652 793 1717 di,
812 1668 866 1708 non
885 1654 1026 1720 geminans
1044 1669 1113 1708 sum.

276 1735 563 1859 Nubtffibbsfldiripitur,
582 1786 732 1859 penultima
751 1789 775 1844 si
794 1788 949 1853 breuietur,

277 1872 557 1994 Αῗάἷῗῗιιιῃοεὴὲᾙοις
576 1925 598 1980 si
617 1925 701 1994 ionga
719 1926 767 1990 sit,
786 1872 995 1994 subblisbbmpler.

275 2012 345 2067 bens
362 2026 473 2081 pessum
491 2009 581 2080 pando
600 2009 728 2066 subducit
745 2026 763 2065 n
781 2027 794 2066 s
812 2009 975 2078 geminando
994 2018 1045 2067 etc.

205 2152 395 2213 Extendiiur
420 2153 618 2228 istruciutus
638 2151 797 2225 usquead
816 2168 852 2227 p.
879 2152 1009 2212 291001.
1034 2150 1055 2210 I
1076 2147 1289 2230 (wicpticiunt
1312 2169 1417 2214 uersus

121 2255 297 2328 deformis
318 2249 581 2336 preteritorum'),
613 2269 699 2328 quern
726 2258 845 2314 tuntum
871 2269 911 2313 ccc
938 2256 1029 2314 tertie
1052 2252 1124 2326 scre
1139 2260 1234 2330 porte
1261 2257 1415 2330 eurciqaui,

118 2357 200 2434 quod
220 2357 265 2416 cci
287 2357 530 2431 coquosccndcm
553 2357 692 2430 opusculi
712 2356 842 2416 indolem
865 2357 941 2416 icccc
963 2354 1106 2428 sufficere
1122 2353 1244 2432 putaui.
1255 2354 1288 2438 *)
1335 2357 1418 2429 Once

119 2475 306 2535 numnquam
332 2459 486 2533 sinpuiuri
516 2459 648 2532 quodum
678 2461 798 2518 ratione
830 2475 868 2519 uc
898 2460 973 2517 sutis
1006 2465 1115 2533 acquic
1146 2461 1304 2535 conposita
1335 2467 1414 2534 suut,

116 2570 233 2634 tomen,
268 2563 343 2636 quic
370 2558 546 2636 antiquiora
568 2563 752 2635 pracsertim
779 2558 872 2620 medii
899 2558 971 2620 ceni
997 2562 1099 2621 studia
1123 2565 1328 2635 erammuticc
1344 2579 1416 2637 per-
1469 2585 1472 2598 ·

114 2663 290 2725 seminudo
318 2679 393 2737 eque
419 2659 576 2722 codicibus
597 2664 734 2722 eruendo
756 2669 847 2738 atquc
868 2663 1039 2737 collicencic
1060 2667 1192 2738 suscepi,
1222 2665 1299 2724 tolio
1319 2669 1417 2738 posic-

114 2769 229 2826 riorum
261 2774 431 2840 tenrporum
458 2761 632 2824 rudimento
660 2771 693 2824 ut
719 2781 779 2825 non
808 2765 996 2839 ncqicccndu
1019 2768 1131 2842 piune,
1162 2766 1211 2824 'iia
1239 2781 1300 2825 nou
1328 2773 1417 2825 crunt

115 2870 194 2943 quod
216 2869 331 2928 dicunt
353 2882 420 2926 curn
437 2863 610 2942 puubculo
631 2867 852 2927 exhauriendo.

194 2971 243 3030 Dc
259 2969 422 3028 Prisciani
440 2969 545 3028 codice
559 2968 584 3027 0
597 2974 634 3026 37
650 2969 741 3044 (280)
760 2972 897 3044 sequenti
910 2971 1011 3045 cupite
1026 2970 1070 3045 (p.
1088 2970 1228 3030 LXXVI
1241 2975 1320 3047 not.)
1344 2988 1416 3046 coe-

110 3091 183 3134 nus.
222 3073 353 3132 Extant
369 3076 535 3144 praeterea
553 3067 659 3130 Turici
673 3072 823 3144 quaecum
839 3068 1019 3133 Prisciumc
1034 3075 1065 3132 in
1079 3073 1146 3132 coci.
1166 3078 1222 3130 123
1235 3089 1314 3132 socc.
1330 3072 1418 3134 XIII

111 3173 285 3256 implicit
306 3169 486 3249 priscianus
512 3179 701 3250 constructus
722 3173 826 3234 Amen.
849 3207 891 3220 —
913 3175 1051 3249 Explicit
1072 3181 1213 3235 occentus
1231 3170 1415 3254 priscinni’)

109 3277 224 3339 bonuti
248 3271 415 3354 opusculis
434 3271 537 3350 priori
558 3275 625 3336 ioco
645 3277 778 3351 scribtis.

172 3499 201 3563 *)
220 3499 274 3550 Est
293 3509 385 3549 autem
398 3494 483 3545 binde
495 3494 582 3545 formis
595 3497 788 3561 praeteritorum
801 3507 921 3547 trecentus
934 3499 1045 3564 scriptus
1057 3514 1072 3548 o
1085 3497 1158 3548 Petro
1169 3498 1235 3564 urge
1248 3498 1275 3561 (Τ
1289 3511 1312 3549 n.
1325 3495 1414 3564 1209),

106 3571 136 3619 ei.
154 3569 311 3620 Thur-otum
332 3563 462 3619 ‘Eximius
480 3563 525 3613 des
543 3567 708 3616 manuscrits’
727 3576 788 3616 tom.
808 3565 882 3615 XXII
900 3577 966 3631 part.
984 3569 999 3616 2
1018 3583 1044 3632 p.
1063 3569 1105 3618 26.
1125 3569 1167 3618 27.

889 3647 895 3678 i
