3390 5444
556 357 611 423 ne
625 370 765 425 nonum
783 369 987 426 emonmvs.
1360 371 1419 437 141

124 569 154 620 et
175 561 249 621 lacis
271 561 443 638 genetiuum
467 559 627 640 pluralem,
650 569 683 622 ut
704 559 741 622 ab
763 560 819 622 hae
842 562 934 641 puppi
956 562 1062 623 harum
1084 563 1245 642 puppium:
1270 560 1370 624 datiuo
1394 571 1424 622 et

122 661 254 723 ablatiuo
276 663 304 723 in
329 659 399 732 buS,
428 669 462 722 ut
484 661 530 722 his
552 669 581 724 et
603 662 640 723 ab
663 663 708 723 his
731 663 888 744 puppibus.
934 664 965 724 Si
989 683 1009 724 u
1037 664 1129 726 luerit
1151 662 1298 726 ablaticus
1320 665 1422 724 termi-

122 773 224 834 natus,
254 762 330 824 addo
359 781 409 824 um
439 772 468 824 et
490 764 565 824 iacio
588 766 760 842 genetiuum
782 762 944 844 pluralem,
975 765 1074 826 ut'ab
1102 765 1159 827 hoc
1190 764 1287 826 iructu
1315 766 1422 826 horum

122 866 290 935 fructuum,
314 866 446 927 datiuum
470 871 500 925 et
521 863 682 927 ablatiuum
706 868 736 926 in
760 865 829 935 bus,
852 864 952 926 uthis
975 877 1004 928 et
1026 867 1063 927 ab
1085 866 1132 928 his
1154 865 1309 928 iructibus.

94 981 108 1021 ⁵
209 966 284 1029 lllud
306 968 384 1028 scire
406 965 512 1037 debes,
536 968 727 1048 quod-omne
750 985 874 1036 nomen,
899 967 976 1046 quod
1001 975 1045 1028 est
1066 971 1096 1028 in
1120 987 1220 1030 rerum
1245 978 1365 1037 natura,
1390 969 1422 1028 in

121 1071 256 1148 quinque
279 1068 495 1130 declinationes
517 1068 625 1130 cadere
648 1076 760 1149 potest;
783 1078 835 1130 aut
857 1087 891 1130 ae
914 1067 1118 1148 diphthongon
1135 1069 1224 1130 habet
1238 1071 1269 1130 in
1284 1070 1423 1149 genetiuo

122 1169 280 1250 singulari,
305 1177 338 1232 ut
359 1179 446 1250 poeta
468 1177 588 1251 poetam
617 1179 667 1231 aut
689 1172 713 1242 i,
738 1178 770 1232 ut
793 1189 868 1250 puer
891 1171 993 1248 pueri;
1018 1179 1066 1231 aut
1088 1170 1127 1240 is,
1156 1179 1188 1233 ut
1210 1181 1294 1251 pater
1316 1173 1423 1251 patris;

122 1281 175 1333 aut
197 1291 246 1343 us,
271 1279 304 1332 ut
325 1273 440 1334 iructus
461 1272 549 1332 huius
571 1239 775 1341 sructus;⁸arut
799 1274 841 1342 ei,
866 1280 899 1333 ut
920 1274 1036 1351 species
1058 1274 1176 1353 speciei.

208 1375 291 1436 Scire
320 1392 438 1455 quoque
466 1373 575 1444 debes,
604 1376 746 1452 quoniam
775 1391 979 1454 quaecumque
1007 1375 1125 1436 nomina
1156 1384 1206 1436 aut
1234 1375 1345 1437 Graeca
1375 1385 1425 1436 aut

83 1493 108 1531 ¹⁰
121 1477 225 1540 Latina
253 1477 405 1546 inuenies,
436 1494 512 1553 quae
540 1475 577 1536 ab
605 1477 670 1537 istis
699 1475 947 1538 declinationibus
968 1495 1028 1538 non
1058 1476 1233 1548 flectuntur,
1264 1495 1336 1538 uere
1363 1495 1423 1537 nou

121 1577 278 1640 subiacent
300 1576 410 1656 regulis
433 1585 462 1638 et
484 1575 555 1660 anall
581 1578 599 1636 l.
618 1573 698 1637 142⁶
716 1575 838 1658 illogiam
863 1597 921 1639 non
945 1575 1104 1658 seruant†
1125 1585 1154 1636 et
1175 1577 1315 1658 quicquid
1339 1579 1424 1638 uobis

120 1679 246 1758 prodest
273 1681 351 1742 scire
379 1677 436 1740 boc
458 1687 577 1759 praeter
601 1680 723 1740 nimium
753 1680 952 1759 conpendium
961 1727 1054 1744 .....
1088 1679 1161 1740 Nam
1185 1681 1291 1758 cogita,
1314 1688 1423 1760 quiante

119 1790 190 1842 sunt
213 1783 332 1842 nonnina
355 1781 385 1841 in
408 1777 510 1842 rcrirm
533 1787 647 1842 natura.
685 1779 798 1842 Tamen
814 1781 1021 1862 quodcumque
1044 1800 1153 1843 nomeu
1176 1784 1313 1851 inuenio,
1338 1790 1422 1842 uatu-

120 1883 224 1944 raliter
245 1883 276 1942 iu
298 1882 362 1944 istis
384 1881 632 1944 declinationibus
655 1883 834 1942 continetur.
895 1902 897 1911 ·

83 1999 106 2038 15
207 1984 302 2064 igitur
324 1983 441 2064 quarmo
464 1983 516 2044 tibi
539 1985 714 2063 proponitur
737 2001 860 2054 nomen,
886 1982 958 2044 nihil
981 1983 1058 2044 aliud
1082 2002 1222 2062 quaeras,
1253 1977 1310 2046 nisi
1333 2001 1421 2062 gene·

120 2087 234 2148 tiuum:
264 2086 301 2146 ad
328 2084 553 2147 similitudinem
581 2086 709 2146 nominis
736 2085 823 2147 datur
845 2083 1016 2148 declinatio.
1062 2087 1134 2148 Nam
1159 2085 1307 2166 quomodo
1330 2103 1423 2148 unum

120 2205 231 2248 nomen
255 2186 430 2256 declinatur,
452 2188 496 2248 sic
518 2188 616 2248 omnia
639 2186 771 2248 eiusdem
794 2187 920 2255 iormae,
947 2196 980 2248 ut
1002 2196 1071 2268 puto
1094 2190 1124 2249 in
1147 2206 1182 2250 ae
1205 2187 1316 2248 desiuit
1332 2197 1423 2264 poeto

119 2290 262 2367 genetiuo
291 2287 380 2350 huius
408 2297 527 2367 poetae:
556 2290 599 2350 sio
627 2298 656 2350 et
683 2289 779 2349 omnia
810 2289 959 2362 dicuntur,
989 2307 1116 2368 quorum
1144 2291 1302 2366 genetiuus
1330 2290 1360 2350 in
1389 2307 1423 2348 ae

120 2392 196 2461 exit,
221 2398 254 2451 ut
277 2390 418 2453 Anchises
441 2389 586 2451 Anchisae
608 2389 752 2451 Anchisae
775 2378 932 2451 Anchisim
958 2389 1083 2451 Anchisa
1107 2391 1251 2462 Anchisa,
1275 2391 1424 2471 quomodo

81 2507 106 2546 20
119 2501 208 2573 poeta
233 2499 263 2553 et
284 2493 365 2553 hlusa
394 2491 557 2553 secundum
586 2493 680 2571 ipsam
702 2490 835 2570 regulam
859 2489 1034 2552 declinatur.
1073 2491 1131 2552 Sed
1153 2491 1231 2572 quod
1254 2491 1424 2553 inuenimus

120 2593 201 2674 apud
217 2600 355 2654 auctores
370 2593 479 2655 ‘huno
496 2592 703 2662 Auchiseu',
728 2595 814 2654 istius
830 2592 950 2670 regulae
965 2593 1086 2654 Latinae
1103 2612 1161 2654 non
1178 2602 1236 2662 est,
1262 2593 1312 2654 sed
1332 2593 1423 2654 Grae-

119 2715 184 2757 cae.
231 2695 320 2756 Poeta
345 2695 423 2756 enim
447 2689 640 2773 Vergilius
669 2694 791 2774 probat,
821 2695 889 2774 qui,
917 2702 951 2755 ot
980 2693 1060 2774 uult,
1090 2695 1177 2755 modo
1205 2697 1296 2755 utitur
1319 2694 1423 2756 Latina

120 2797 336 2867 declinatione,
360 2806 406 2858 ut:

325 2895 483 2960 Anchisa
506 2906 700 2977 generate,
725 2897 828 2958 deum
851 2900 1063 2959 certissima
1086 2897 1214 2978 proles

80 2993 162 3046 eset:
534 3005 536 3010 ·

326 3067 507 3147 Coniugio
529 3068 690 3130 Anchisa
715 3035 870 3129 Veneris
893 3068 1047 3146 dignate
1069 3068 1247 3147 superbo;

119 3171 210 3232 modo
234 3169 336 3248 regula
360 3170 491 3231 Graecae
513 3168 737 3239 declinationis,
759 3175 804 3230 ut:

325 3270 512 3333 Anchisen
536 3271 633 3331 iacio
656 3279 796 3332 certum
820 3288 974 3349 remque
997 3271 1131 3332 ordine
1154 3271 1284 3351 pando.

206 3391 252 3453 Tu
275 3399 390 3462 autem,
414 3393 464 3468 qui
487 3398 588 3452 orator
611 3408 669 3450 nou
694 3408 740 3464 ee,
766 3389 836 3468 quid
861 3391 905 3450 uis
921 3389 1071 3451 declinare
1087 3388 1209 3461 Graece,
1227 3408 1294 3450 cum
1312 3388 1422 3450 habeas

81 3509 105 3549 oo
119 3495 258 3555 Latinam
274 3491 522 3553 declinationem?
538 3492 649 3552 'innuen
665 3493 690 3551 si
706 3492 751 3551 uis
766 3492 881 3561 Latine,
899 3491 978 3551 hunc
994 3489 1177 3552 ‘Anchisam’
1194 3499 1245 3552 aut
1261 3490 1420 3552 ‘Orestem'

118 3597 209 3666 dicim
226 3595 250 3656 si
266 3594 389 3664 Graece,
405 3591 579 3654 ‘Anchisen'
595 3601 646 3654 aut
661 3592 822 3654 ‘Orestcn'.
854 3591 1009 3664 Quomodo
1025 3599 1123 3652 autem
1138 3600 1207 3653 sunt
1222 3601 1281 3654 tota
1297 3593 1420 3660 Graeca,

119 3706 180 3759 tota
204 3697 322 3767 Latina,
356 3694 411 3756 alia
434 3698 513 3756 iuter
538 3695 681 3756 Graecam
703 3695 897 3771 Latinumque
919 3695 1060 3765 lormam,
1085 3697 1120 3755 in
1144 3693 1309 3756 secunda
1340 3703 1421 3754 arte

117 3798 304 3862 tractabitur.

121 3969 348 3978 ι-ο-ι-ηη--ω-

170 4085 340 4136 1ἰιι1ιιιεῙιίε
374 4085 543 4135 Ainbushis
587 4085 754 4150 ddlptongon
791 4081 1080 4149 ingeuetiuum'singul
1125 4087 1230 4149 9grecn
1267 4087 1297 4134 11
1312 4094 1336 4134 et
1349 4085 1419 4147 quic-

118 4151 194 4220 quid]
214 4153 300 4205 Luem
312 4161 485 4218 compenset
497 4157 631 4204 luctuosus
642 4155 679 4203 ita
691 4153 821 4202 emendari
831 4158 908 4216 atque
919 4153 993 4217 refici
1003 4154 1100 4216 poerit:
1118 4157 1164 4202 sed
1177 4167 1333 4215 quamquam
1345 4154 1420 4202 uobis

118 4224 228 4289 prodest
245 4222 309 4272 scire
327 4222 387 4280 hoe,
411 4233 515 4288 propter
535 4221 638 4270 nimium
662 4219 834 4285 conpendium
857 4220 1024 4269 omittendum
1043 4231 1093 4278 est3
1117 4233 1176 4270 uam
1198 4221 1284 4286 cogito
1388 4223 1419 4272 13

119 4305 298 4354 quaecumque
318 4289 358 4338 nih
446 4293 478 4340 15
495 4285 612 4353 qrrnndo]
633 4287 674 4351 qr'n
745 4288 911 4353 praeponitur
986 4288 1018 4337 16
1037 4303 1115 4338 unum
1133 4289 1225 4345 addidi
1294 4290 1324 4339 l'i
1343 4299 1419 4354 poetn

118 4360 212 4409 addidi
281 4359 313 4408 19
330 4359 431 4407 ancises
450 4364 497 4409 etc.
568 4359 598 4406 11
618 4357 722 4406 aneisen
768 4369 885 4420 ,grecae
952 4357 985 4406 11
1004 4356 1048 4417 qui
1067 4353 1105 4434 ut]
1125 4369 1176 4418 quo
1228 4353 1317 4421 utitur]
1338 4367 1366 4406 ut
1383 4357 1419 4405 itu

117 4429 152 4476 14
171 4421 297 4490 Anchisa]
321 4425 400 4490 Very.
420 4425 486 4475 Aen.
509 4424 550 4474 VI
569 4427 622 4474 322
691 4423 808 4486 nncisem
832 4431 951 4488 generute
974 4421 1049 4472 lnoite
1066 4424 1122 4474 dms
1141 4423 1229 4489 regula
1247 4423 1325 4473 modo
1343 4439 1418 4488 greco

119 4495 299 4544 declinationis
323 4503 349 4542 ut
372 4493 513 4542 certissima
538 4491 606 4557 prole
628 4492 719 4541 adorat
741 4501 766 4540 et
788 4491 936 4556 coniugium
955 4492 1062 4540 oncisim
1081 4491 1181 4540 uetueris
1199 4491 1324 4554 dignitate
1341 4505 1420 4556 super

119 4563 151 4612 16
170 4558 306 4625 corriugio]
333 4563 411 4626 Verp.
432 4562 498 4611 Aen.
518 4559 568 4610 ΙΙΙ
587 4562 637 4608 175
705 4559 738 4609 18
757 4559 887 4608 Anchisen
904 4555 986 4624 dacio]
1016 4559 1093 4624 Verp.
1107 4559 1173 4608 Aen.
1189 4559 1242 4608 III
1262 4561 1319 4608 179.
1344 4558 1420 4619 Quem

124 4631 235 4696 Verpilii
256 4631 336 4679 lomim
357 4630 415 4680 ideo
433 4631 458 4679 in
477 4635 573 4679 tentum
590 4629 691 4692 recepi,
716 4629 775 4694 quia
797 4643 833 4677 erc
858 4642 944 4678 cortem
965 4643 1077 4690 numero,
1095 4629 1122 4676 in
1140 4628 1229 4694 quibus
1248 4625 1348 4676 Graeca
1366 4629 1420 4677 eius

106 4699 226 4750 nominis
242 4698 328 4760 forma
346 4712 405 4747 neue
422 4703 475 4759 est,
494 4699 576 4746 nulius
587 4699 667 4760 mepte
678 4711 819 4760 conponere
832 4695 967 4745 uidebatur
983 4711 1037 4745 mem
1054 4697 1156 4745 nrirelh'o
1173 4697 1223 4746 Ioci
1234 4696 1422 4760 corruptissimi

120 4767 234 4834 reliquiis
252 4762 335 4830 (socio
352 4772 446 4816 certecm
462 4783 497 4808 =
513 4765 607 4826 sorite,
625 4765 717 4814 ordine
734 4783 768 4807 =
785 4762 899 4826 odorat).
960 4763 993 4813 19
1012 4779 1085 4828 grece
1154 4767 1187 4816 30
1204 4763 1318 4812 urreisom
1388 4767 1419 4815 31

120 4835 222 4884 nncisen
278 4847 355 4898 greco
421 4834 455 4884 31
472 4847 575 4898 grecum

1056 4989 1058 4992 Ι
1155 4915 1212 4968 ιο*
