3394 5448
850 1089 992 1168 VII.

390 1264 729 1348 DEIVLIANO
753 1268 1052 1352 TOLETANO
1075 1269 1458 1354 GRAMMATICO

276 1397 397 1482 OVM
426 1400 731 1486 EXOERPTIS
764 1405 839 1486 EX
875 1405 999 1488 EIVS
1032 1406 1214 1489 OPERE
1245 1406 1565 1490 DEPERDITO

795 1541 1056 1625 INEDITIS.

360 1883 409 1941 Ea
438 1883 552 1944 codicis
579 1883 742 1945 Beruensis
777 1891 833 1944 207
866 1865 933 1962 ars,
967 1903 1045 1961 quae
1067 1885 1128 1958 sol.
1162 1883 1213 1944 til
1235 1887 1341 1962 incipit
1369 1882 1567 1965 (tuctrtvmr

278 1983 424 2044 PARTES
446 1983 611 2046 MleRES
636 1983 783 2046 nodari.
828 1985 930 2048 Partes
957 1987 1097 2047 orationis
1125 1994 1199 2067 quot
1226 1987 1310 2048 sunt?
1336 1985 1388 2050 J(
1410 1987 1494 2049 Octo.
1537 1985 1567 2050 Δ

276 2085 376 2156 Quael
412 2083 591 2206 2¹<Nomen
609 2105 771 2167 pronomen
788 2098 842 2150 eto.
879 2087 1077 2160 AOuomodo
1092 2097 1191 2170 partes
1207 2090 1365 2150 orationis?
1401 2087 1454 2152 3<
1467 2088 1568 2150 Partes

277 2204 471 2288 elocutiones.
515 2204 546 2268 Δ
562 2205 715 2276 Quomodo
737 2209 830 2269 oratio
853 2207 960 2269 dicitur·
982 2208 1119 2287 elocutio.
1162 2207 1214 2272 X
1235 2207 1314 2269 idest
1329 2209 1388 2269 oris
1409 2209 1485 2270 ratio
1500 2209 1566 2288 quia
1648 2254 1649 2275 r

277 2307 418 2388 quicquid
434 2309 584 2388 loquimur
598 2327 652 2388 per
667 2309 721 2371 has
737 2317 802 2371 octo
818 2317 916 2391 partes
931 2313 1072 2372 orationis
1087 2310 1243 2389 loquimur,
1259 2319 1288 2371 et
1303 2313 1334 2371 in
1348 2329 1448 2387 mora.
1463 2313 1567 2372 eadem
1649 2323 1650 2332 ¹

273 2428 382 2470 manu:
406 2407 419 2492 ll
443 2419 494 2472 aut
508 2429 615 2472 nomen
639 2419 690 2473 aot
711 2431 875 2492 pronomen
898 2421 947 2474 aut
962 2412 1124 2491 quamlibet
1140 2413 1175 2472 de
1191 2413 1256 2473 istis
1272 2412 1335 2473 Vlil
1350 2413 1485 2492 partibus
1500 2411 1566 2489 etc.)
1650 2395 1652 2472 s

273 2529 416 2574 summam
431 2515 651 2576 similitudinem
665 2519 824 2576 contraxit
837 2533 904 2576 cum
920 2523 987 2576 arte
997 2517 1123 2595 Iuliani,
1138 2517 1224 2577 cuius
1237 2521 1384 2592 excerpta
1396 2517 1435 2576 H.
1449 2513 1567 2577 Kellios

274 2617 334 2677 nol.
350 2616 382 2688 V,
393 2634 427 2693 p.
444 2623 499 2675 317
513 2635 574 2692 seq.
598 2635 639 2677 ca
653 2617 781 2679 editione
789 2618 937 2693 Romana,
960 2635 1036 2693 orme
1055 2635 1118 2678 una
1138 2625 1223 2678 extet
1239 2635 1319 2679 anno
1334 2616 1569 2678 MDCCXCVII
1653 2611 1655 2694 ζ

269 2735 329 2794 per
344 2719 544 2780 Franciscum
566 2720 755 2780 cardinalem
778 2721 816 2780 de
830 2721 1014 2780 Lorenrann
1036 2726 1146 2780 curata
1166 2728 1196 2781 et
1211 2721 1343 2781 auctarii
1357 2721 1425 2780 loco
1440 2719 1565 2778 Petrum

278 2819 489 2881 Toletanorum
511 2820 659 2883 uolumini
677 2822 718 2883 ΙΙ
736 2823 866 2898 adiecta,
889 2824 1039 2899 repetiuit.
1091 2823 1177 2882 Vnde
1195 2824 1241 2895 fit,
1265 2830 1298 2882 ut
1318 2823 1472 2897 corruptis
1494 2837 1563 2882 non·

274 2919 366 2983 uirilis
387 2923 505 2983 Iuliani
524 2925 599 2984 locis
620 2925 736 2984 medela
757 2923 925 2986 certissima
947 2925 1089 2985 adhiberi
1095 2911 1098 2917 ’
1102 2925 1208 3000 possit.
1254 2924 1295 2984 Id
1314 2925 1413 2984 instar
1435 2925 1563 2983 omnium

274 3025 313 3084 de
333 3025 398 3084 loco
415 3042 450 3100 p.
476 3031 542 3100 323,
569 3033 601 3084 tt
623 3028 809 3103 praedicari
823 3034 935 3103 potest,
966 3029 1018 3103 qui
1038 3028 1124 3102 apud
1145 3028 1276 3086 Keilium
1297 3027 1411 3086 lacuna
1433 3011 1571 3096 inscctm‘

273 3131 327 3184 est.
373 3125 451 3186 Nam
473 3128 549 3187 traca
571 3128 662 3190 tates
677 3130 714 3192 in
735 3130 840 3192 codice
861 3127 1028 3190 Bernensi:

359 3226 448 3289 Cuius
470 3226 622 3290 diuisionis
645 3231 706 3290 ost?
749 3233 875 3312 nequae.
921 3209 1091 3300 Quomodo?
1127 3231 1210 3290 Arsis
1233 3228 1321 3290 habet
1343 3229 1400 3288 duo
1424 3235 1563 3308 tempora,

252 3329 367 3396 ‘thesis
399 3329 466 3390 duo.
526 3331 608 3392 Vnde
642 3332 730 3394 babet
770 3331 974 3413 etymologiam
1015 3330 1160 3410 (ethim·)l
1214 3330 1418 3411 Anapta)estus
1459 3328 1562 3397 dictus,

275 3432 341 3511 quia
365 3429 442 3492 ludis
464 3440 494 3492 et
515 3434 724 3495 remissoribus
740 3453 792 3515 pes
814 3436 877 3516 ipso
892 3434 1005 3496 dicatus
1021 3441 1073 3494 est.
1112 3432 1167 3503 om
1183 3451 1235 3512 pes
1252 3439 1295 3492 ost
1311 3432 1359 3492 isti
1380 3431 1564 3492 contrarius?

275 3533 421 3613 dactylus.
467 3534 508 3594 Ex
532 3535 639 3612 quihus
661 3535 780 3617 syllabis
803 3537 934 3598 constat?
979 3535 1021 3598 Ex
1044 3535 1130 3613 longa
1146 3543 1175 3595 et
1190 3533 1303 3595 duabus
1318 3532 1496 3594 breuibus·
1513 3565 1531 3583 ν
1547 3563 1564 3580 ν

274 3644 307 3696 ut
328 3635 460 3697 candida.
506 3635 584 3708 Quot
614 3647 746 3718 tempora
777 3636 883 3699 habeti
916 3638 977 3700 llll.
1027 3639 1117 3700 Cuius
1146 3637 1302 3698 diuisionis
1330 3635 1393 3696 esti
1435 3638 1562 3715 Aequine.

275 3737 447 3808 Quomodo?
483 3738 575 3800 Tanta
611 3748 743 3821 tempora
779 3739 868 3801 habet
899 3742 972 3802 arsis
1007 3717 1093 3819 (hal).
1129 3748 1237 3817 quanta
1273 3746 1302 3797 et
1333 3735 1433 3796 thesis,
1484 3737 1563 3797 Vnde

275 3839 363 3901 habet
385 3837 608 3919 etymologiam?
653 3841 789 3922 llactylus
812 3841 906 3903 dictus
929 3850 974 3902 est
995 3850 1084 3921 apoto
1107 3841 1175 3901 dion
1199 3839 1326 3902 dactilon
1350 3846 1406 3900 eto.

358 3943 443 4003 Haec
464 3961 538 4005 uero
559 3947 720 4006 similitudo
742 3948 785 4006 ita
807 3951 978 4022 conparata
999 3951 1054 4017 est,
1078 3951 1110 4004 ut
1132 3946 1182 4004 uel
1201 3947 1232 4004 in
1253 3946 1326 4018 ipsu
1340 3943 1496 4002 uocabulis
1517 3943 1563 4000 uel

274 4046 305 4104 in
327 4044 479 4106 sententiis
499 4044 627 4122 sindulis
655 4049 805 4108 interdum
832 4050 1073 4123 interrumpatur
1116 4053 1205 4120 utque
1247 4047 1290 4105 ita
1316 4045 1562 4121 interrumpatur,

274 4153 307 4206 ut
328 4149 417 4222 quasi
436 4149 514 4208 duas
541 4156 624 4210 artes
650 4151 788 4212 manitus
816 4157 916 4210 tencre
944 4151 1112 4210 uideamur.
1160 4145 1242 4218 Quae
1269 4148 1349 4206 ratio
1376 4163 1434 4221 quo
1461 4133 1577 4206 melius.

273 4249 475 4324 intellcyatnr,
510 4252 603 4312 Keilii
628 4260 774 4328 excerpta
801 4269 869 4312 cum
896 4251 999 4313 codice
1027 4250 1177 4310 Berntrmi
1201 4248 1407 4326 conferemus,
1439 4248 1559 4319 omissis,

273 4367 350 4427 quae
371 4367 455 4411 mera
474 4353 669 4414 librariorum
691 4352 769 4415 uitia
789 4371 852 4415 esse
872 4355 1096 4414 iudicabuntur.

357 4455 395 4514 F.
413 4461 478 4530 317,
497 4462 515 4513 3
528 4489 571 4500 —
586 4461 651 4534 318,
669 4458 813 4516 5·codem
831 4455 903 4529 scre
924 4453 1082 4531 utrobique
1103 4457 1271 4516 labentur:

358 4575 386 4636 p.
410 4552 482 4626 317,
506 4553 527 4618 5
548 4567 634 4638 putes
656 4559 682 4618 si
704 4558 854 4619 adsumam
920 4555 940 4619 6
963 4556 1093 4618 diuidam
1123 4554 1203 4617 illum
1233 4575 1286 4635 per
1315 4549 1434 4615 sillabas
1463 4549 1562 4613 siliaba

275 4675 349 4736 (luae
372 4659 548 4720 remanserit
570 4658 699 4720 diuidam
723 4658 802 4720 iilam
825 4676 879 4739 per
901 4657 1024 4735 litteras,
1049 4657 1151 4728 ultima
1174 4657 1269 4720 littera
1287 4673 1361 4733 (roae
1378 4656 1562 4724 remanserit,

272 4765 435 4839 praeclare
499 4758 519 4822 8
541 4760 693 4823 inchoauit
714 4781 731 4822 a
754 4762 873 4823 nomine
897 4769 926 4822 et
948 4778 1007 4820 non
1030 4779 1046 4822 a
1069 4759 1175 4821 littera.
1200 4761 1317 4820 deinde
1339 4761 1370 4818 in
1385 4760 1452 4820 cod.
1470 4759 1562 4820 Bern.
