3390 5444
661 370 873 426 sennensis.
1159 349 1161 354 ’
1355 368 1415 433 113
1508 327 1510 330 ¹

351 623 359 637 ,
495 557 727 621 Percurrens
749 561 902 638 pectine
925 557 1031 619 telas.

109 655 146 717 ln
173 677 210 720 en
234 659 407 737 productam
429 661 596 722 masculino
618 659 736 731 Latina,
765 667 798 720 ut
819 660 878 721 lieu
900 661 965 722 rien
988 660 1036 721 uel
1059 679 1114 721 ren
1136 668 1166 722 et
1187 659 1271 742 splen
1294 659 1415 739 splenis,

111 768 143 820 et
169 761 322 833 feminino
345 763 480 831 Graeca,
509 770 542 821 ut
563 761 636 824 baec
659 762 756 822 Siren.
801 761 875 822 ltem
903 763 1057 842 conposita
1086 760 1248 823 masculina
1276 763 1307 822 in
1335 779 1416 821 ena
1515 795 1517 802 ·

110 859 212 928 uerbo
241 879 316 922 ceno
339 863 349 922 i
372 862 585 941 paenultimam
614 870 783 944 correptam
813 862 950 925 babentia
978 871 1047 924 ante
1069 882 1140 934 een,
1171 871 1207 932 ut,
1224 864 1273 925 hic
1296 863 1416 924 tubicen

81 970 143 1021 tet
175 963 249 1024 baec
278 963 424 1034 tubicina,
453 964 503 1024 bic
530 964 637 1025 fidicen
665 965 739 1028 baec
761 963 893 1033 indicina,
923 965 971 1026 bic
993 967 1135 1027 cornicen
1158 964 1231 1026 haec
1254 966 1415 1026 cornicine.

110 1063 269 1145 Excipitur
304 1083 395 1126 unum
429 1083 539 1127 nomen
568 1064 694 1137 tibicen,
730 1065 809 1147 quod
838 1068 848 1126 i
877 1065 1051 1146 productam
1078 1065 1169 1127 babet
1196 1066 1416 1146 paenultimam,

110 1164 220 1228 debuit
243 1168 322 1229 enim
344 1168 489 1245 geminari
510 1171 534 1243 i,
564 1187 580 1228 a
603 1170 632 1228 in
656 1170 666 1228 i
689 1185 850 1238 conuersa,
874 1174 908 1228 ut
930 1167 1000 1229 tube
1023 1167 1156 1230 tubicen:
1186 1170 1323 1246 sicergo
1346 1167 1416 1229 tibia

111 1266 237 1330 tibiicen
265 1267 369 1330 debuit
396 1269 505 1330 lacere.
550 1269 611 1332 Nec
637 1259 779 1339 solumi,
809 1269 861 1330 sed
885 1267 959 1330 aliae
983 1285 1101 1349 quoque
1123 1269 1243 1330 uocales
1264 1271 1294 1329 in
1318 1269 1418 1331 multis

111 1369 296 1432 dictionibus
310 1371 353 1430 sic
368 1369 464 1433 solent
479 1390 515 1432 eu
531 1370 646 1440 duabus
661 1369 783 1450 syllabis
798 1372 830 1430 in
845 1388 934 1431 unam
951 1368 1068 1448 longam
1081 1373 1217 1442 transire,
1231 1379 1264 1431 ut
1275 1372 1321 1432 bis
1332 1373 1418 1449 iugae

72 1483 98 1522 10
112 1471 219 1550 bigae,
240 1474 445 1548 quadriiugas
459 1471 635 1551 quadrigae,
659 1471 704 1532 bis
719 1473 770 1533 uni
786 1471 862 1542 bini,
879 1479 910 1533 et
925 1491 941 1532 e
956 1474 1107 1534 contrario
1123 1471 1284 1550 unetonga
1300 1473 1329 1534 in
1346 1473 1418 1534 duas
1454 1527 1465 1549 ,

113 1573 227 1636 breues
242 1587 331 1654 saepe
347 1573 423 1635 solet
438 1573 539 1644 diuidi,
555 1581 588 1636 ut
602 1572 751 1641 admittier
765 1592 821 1654 pro
837 1573 961 1649 admitti,
978 1575 1044 1635 lieri
1059 1594 1114 1654 pro
1129 1576 1176 1635 liri
1192 1574 1240 1644 uel
1255 1577 1318 1645 lire,
1335 1576 1414 1656 quod

113 1677 211 1755 magis
226 1674 382 1754 analogum
398 1683 453 1736 est.
491 1677 513 1736 t
530 1675 676 1754 pectendo
692 1693 765 1754 ergo
781 1674 892 1738 dicitur
909 1675 957 1737 bic
979 1683 1085 1756 pecten
1108 1675 1273 1738 masculino
1295 1693 1416 1756 genere.

112 1777 190 1839 item
206 1797 223 1838 a
239 1777 288 1840 iilo
303 1776 435 1848 filamen,
458 1776 537 1856 quod
556 1794 609 1856 per
624 1794 785 1858 syncopam
800 1779 811 1838 i
827 1778 932 1862 llamen
948 1778 1085 1841 dicimus.
1116 1778 1222 1840 Omnia
1240 1774 1252 1859 ll
1269 1778 1289 1839 1.
1308 1775 1384 1840 104·
1401 1775 1413 1862 ΙΙ

113 1881 236 1940 nomina
263 1887 369 1941 neuua
391 1881 422 1940 iu
445 1897 514 1940 men
537 1878 678 1958 syllabam
701 1879 864 1941 desinentia
887 1882 918 1940 iu
941 1879 1084 1958 singulari
1107 1897 1233 1941 numero
1255 1888 1415 1960 tetraptota

76 1988 101 2028 ¹⁵
115 1988 202 2051 sunt,
227 1980 283 2042 boc
306 1989 351 2042 est
373 1998 411 2041 en
433 1981 490 2042 inis
513 1981 555 2040 ini
578 1982 640 2054 ine,
666 1982 747 2042 etin
769 1980 877 2061 plurali
900 2000 1025 2043 numero
1048 1983 1169 2062 uiptota
1190 1990 1269 2054 sunt,
1291 1981 1349 2042 hoc
1371 1991 1417 2044 cst

113 2085 164 2142 ina
193 2083 276 2144 inum
305 2069 419 2152 inibuS,
449 2091 479 2144 et
500 2081 718 2146 lraecnomina
740 2084 771 2142 in
793 2101 863 2146 uren
886 2082 1049 2146 desinentia
1072 2085 1097 2145 si
1120 2103 1136 2144 a
1159 2085 1255 2163 prima
1276 2085 1416 2162 coniuga-

114 2186 197 2245 tione
221 2185 296 2252 sint,
326 2183 482 2262 elongem
505 2182 618 2246 habent
639 2184 867 2265 paenultimam,
891 2194 924 2246 ut
947 2184 1026 2246 solor
1049 2185 1155 2246 solaris
1175 2185 1322 2256 solamen,
1341 2185 1417 2259 sero

113 2287 196 2348 loras
218 2287 369 2356 foramen,
398 2303 490 2346 curuo
512 2305 545 2347 as
567 2303 744 2362 curuameu,
769 2285 886 2348 oblecto
901 2304 942 2346 as
964 2286 1166 2368 oblectamen,
1188 2303 1285 2366 purgo
1307 2304 1418 2366 purgas

112 2405 296 2468 purgamen,
321 2389 410 2448 inrito
432 2405 465 2447 as
486 2387 660 2462 inritamen,
684 2387 743 2466 ligo
766 2387 840 2464 ligas
862 2387 1004 2466 ligamen,
1029 2395 1059 2449 et
1081 2407 1100 2449 u
1123 2388 1314 2468 productam,
1338 2390 1363 2449 si
1385 2391 1417 2449 in

74 2497 154 2551 10ιιο
179 2487 289 2550 desinit
311 2488 447 2556 uerbum,
471 2496 504 2548 ut
524 2507 599 2550 acuo
622 2507 758 2559 acumen,
779 2494 844 2564 fluo
866 2489 985 2559 flumen,
1009 2508 1069 2550 nuo
1091 2507 1212 2561 numen,
1236 2489 1285 2552 luo
1305 2489 1416 2561 lumen,
1525 2545 1527 2558 ,

112 2607 176 2669 quo
205 2591 303 2652 omnia
331 2587 506 2660 abluuntur,
537 2590 614 2651 idest
642 2597 809 2670 purgantur
837 2609 852 2652 a
882 2589 1023 2652 tenebris.
1074 2589 1156 2662 Quae
1184 2599 1282 2653 autem
1311 2593 1321 2652 i
1348 2601 1417 2653 ante

113 2712 186 2754 men
208 2691 329 2766 liabent,
346 2690 525 2769 paenultima
550 2693 762 2771 corripiuntur,
785 2699 817 2753 ut
838 2694 972 2770 regimen
996 2700 1063 2772 tego
1086 2693 1162 2770 tegis
1185 2695 1324 2772 tegimen,
1348 2711 1417 2773 spe-

114 2797 178 2856 cies
197 2796 365 2875 specimen;
390 2811 405 2853 a
429 2792 531 2855 uerbis
553 2812 626 2854 uero
650 2802 771 2874 quartae
794 2794 1010 2873 coniugationis
1032 2795 1184 2855 uenientia
1207 2796 1217 2854 i
1239 2795 1415 2874 productam

115 2895 239 2966 liabent,
263 2903 296 2957 ut
317 2896 419 2956 munio
434 2895 461 2984 is
477 2896 638 2966 munimen,
662 2895 742 2958 lenio
758 2893 833 2957 lenis
848 2895 988 2968 lenimen,
1012 2895 1118 2958 molior
1133 2895 1248 2957 moliris
1263 2895 1414 2960 molimen.

75 3005 100 3045 2⁵
201 2997 235 3064 lu
264 3015 302 3058 on
331 2995 388 3058 dua
416 2995 579 3059 masculina
608 3005 720 3059 tantum
744 2999 864 3074 nomina
887 2999 1098 3069 terminantur,
1128 3008 1161 3059 ut
1181 2998 1320 3061 blemnon
1342 3002 1416 3076 Aga·

114 3119 256 3162 memnon
279 3099 390 3161 Chiron
412 3099 526 3160 Amfion
549 3098 648 3160 Zenon
670 3097 789 3161 Platon:
819 3099 894 3160 baec
920 3102 1044 3180 propria
1072 3101 1191 3161 nomina
1220 3109 1297 3162 sunt.
1343 3101 1416 3162 ltem

115 3201 308 3282 appelletiua,
332 3208 365 3262 ut
386 3200 435 3262 hic
450 3219 545 3261 canon
562 3200 583 3278 †
599 3199 703 3278 elagou
726 3201 857 3280 gedeon,
882 3208 911 3261 et
931 3200 1167 3270 indeclinabilia,
1193 3211 1225 3263 ut
1248 3201 1296 3263 bic
1318 3205 1416 3265 daron

116 3316 147 3364 et
174 3303 255 3364 Sion.
302 3301 335 3362 ln
364 3321 398 3364 ar
428 3310 597 3380 correptam
624 3303 679 3364 tria
707 3320 817 3382 genera
846 3304 1056 3373 inueniuntur,
1086 3303 1248 3366 masculine
1275 3305 1417 3365 leminina

115 3407 302 3472 communia;
329 3403 501 3474 masculina,
526 3412 558 3465 ut
580 3403 628 3464 bic
650 3403 716 3493 Lar,
740 3404 820 3466 idest
840 3407 928 3484 iguis,
951 3403 1000 3465 lric
1023 3405 1138 3475 Caesar,
1162 3405 1211 3466 bic
1231 3407 1318 3481 Arar,
1340 3405 1418 3468 idest

76 3507 237 3568 3111ιιιι1ιιι.
297 3505 374 3568 llinc
411 3505 533 3583 legitur:
573 3504 863 3586 llbodanumque
899 3514 1103 3568 morantem
1139 3507 1417 3586 praecipitauit

115 3612 215 3670 Arar:
261 3607 381 3684 Neutra,
404 3615 438 3668 ut
459 3606 515 3668 hoc
537 3607 582 3668 lar
605 3608 706 3668 larris:
730 3625 825 3686 genus
848 3616 893 3669 est
915 3609 1009 3688 panis
1033 3614 1063 3668 et
1084 3607 1141 3667 hec
1155 3603 1272 3687 †inuar
1293 3609 1415 3679 iuuaris,

117 3710 175 3772 hoc
197 3708 358 3789 exemplar,
381 3706 467 3789 †boc
488 3708 577 3769 iolar.
623 3706 796 3772 Communia
820 3710 907 3770 trium
930 3726 1091 3786 generum,
1116 3715 1148 3768 ut
1169 3707 1218 3770 bic
1240 3708 1366 3770 ethaeo
1389 3717 1419 3771 et

115 3812 173 3874 boo
194 3830 263 3892 par,
294 3809 383 3871 buius
406 3810 485 3888 paris
508 3809 577 3871 buic
599 3811 679 3889 pari,
708 3810 789 3873 bunc
811 3819 841 3873 et
863 3811 940 3873 banc
963 3829 1065 3890 parem
1088 3817 1118 3870 et
1140 3809 1198 3870 boc
1219 3827 1288 3890 par,
1312 3831 1330 3872 o
1352 3830 1416 3891 par,

114 3913 152 3976 ab
181 3913 239 3974 boc
268 3921 298 3972 et
324 3910 361 3971 ab
389 3911 443 3972 bac
473 3917 503 3970 et
530 3910 568 3972 ab
597 3911 653 3972 boc
681 3914 762 3991 pari,
791 3921 821 3974 et
848 3911 956 3993 plurali
984 3913 1015 3974 bi
1044 3920 1075 3973 et
1102 3911 1268 3991 beeperes
1291 3913 1417 3974 ethaeo

78 4017 214 4096 35ριιιίιι,
243 4014 351 4076 horum
375 4020 405 4073 et
426 4010 531 4074 barum
555 4011 712 4075 ethorum
736 4016 866 4094 parium,
894 4014 941 4076 bis
963 4012 1099 4095 paribus,
1126 4014 1181 4075 bos
1203 4020 1234 4073 et
1254 4013 1309 4075 bes
1330 4031 1417 4094 pares

185 4237 198 4287 1
218 4235 344 4302 percurrit
360 4245 466 4300 pectene
483 4232 546 4300 teies
614 4235 630 4283 2
648 4233 789 4284 masculine
807 4235 898 4286 addus·
961 4238 977 4286 3
994 4235 1118 4286 feminina
1135 4235 1231 4286 Graeca
1250 4243 1278 4286 ut
1293 4235 1384 4288 addidi

113 4305 201 4370 sgrien
269 4307 449 4368 4c0rreptum
518 4301 668 4352 btubiceue
720 4301 827 4352 fidicene
877 4303 1012 4352 cornicene
1080 4302 1239 4369 'lgemineri
1256 4317 1271 4351 ιι
1289 4302 1342 4351 ini
1394 4305 1417 4353 sl

114 4387 177 4438 ergo
195 4371 265 4422 tubia
284 4371 384 4421 tubicen
436 4368 516 4421 8sed
534 4369 584 4418 alia
651 4369 745 4436 9iuge
762 4369 820 4436 loge
838 4371 963 4436 quadrige
1032 4373 1064 4423 10
1080 4368 1146 4437 bini]
1164 4371 1205 4428 bis
1223 4369 1241 4419 ii
1306 4371 1335 4420 11
1355 4387 1417 4437 sepe

115 4443 147 4491 12
184 4449 260 4490 enteu
315 4439 417 4504 generis
497 4439 528 4488 13
546 4452 561 4485 ιι
579 4433 635 4502 111ο]
651 4437 716 4502 [ιιι.
735 4453 750 4486 a
768 4437 863 4488 lilando
912 4439 1003 4498 siuaco
1024 4453 1065 4488 am
1084 4440 1108 4487 ·i·
1179 4439 1211 4490 14
1228 4439 1254 4487 in
1273 4435 1343 4504 meu]
1366 4439 1416 4490 blm

116 4509 148 4560 tt
165 4455 215 4559 Eoo
233 4509 315 4559 estin
334 4523 366 4558 en
436 4505 467 4556 16
485 4505 569 4555 lubus
621 4506 647 4554 in
665 4519 705 4554 me
774 4505 952 4558 linteolum
1004 4455 1062 4557 foro
1081 4507 1172 4558 addidi
1240 4505 1272 4556 18
1287 4521 1369 4555 curun
1387 4524 1416 4557 ns

182 4576 282 4628 oblecta
368 4574 490 4626 tetrum
558 4583 583 4623 et
600 4569 629 4637 u]
648 4581 690 4622 teu
759 4573 910 4639 productum
988 4577 1021 4626 20
1039 4575 1146 4625 uerbum
1165 4588 1229 4624 acuo
1298 4574 1351 4624 lluc
1370 4591 1417 4630 orn.

115 4645 147 4696 22
165 4657 227 4711 togo
281 4644 368 4708 speeie
424 4643 458 4693 tt
475 4641 680 4708 coniugationes,
698 4657 767 4693 corr.
786 4643 826 4692 nis
878 4643 913 4694 24
929 4640 1006 4692 molis
1074 4643 1195 4693 251111
1246 4641 1298 4691 dun
1314 4656 1416 4694 mascu-

116 4711 177 4780 lina]
196 4713 222 4764 1.
240 4727 265 4762 e.
283 4713 350 4762 duaa
367 4711 557 4761 masculinorum
574 4710 696 4762 ιιοιιιίιιιιιιι
712 4713 812 4775 spectes
896 4711 930 4761 26
946 4711 1033 4760 cireen
1085 4710 1171 4760 nullon
1258 4711 1291 4762 27
1309 4709 1415 4779 elagcu]

118 4783 159 4832 An
175 4785 253 4832 latet:
276 4779 363 4845 egon?
432 4777 466 4829 28
485 4787 521 4828 tre
539 4779 605 4844 geni
672 4780 705 4828 29
723 4793 795 4829 cesar
862 4775 1250 4844 uotegttnr]tneau.1’lars.
1273 4778 1384 4832 71475

117 4863 301 4912 romanumque
318 4856 456 4898 mouentem
476 4846 637 4920 precipitnrrit
688 4848 722 4898 32
739 4848 884 4897 cummuuia
937 4849 970 4898 34
987 4847 1022 4896 hii
1042 4852 1068 4897 et
1086 4847 1119 4896 lte
1180 4848 1213 4898 35
1231 4861 1322 4912 parum
1370 4847 1416 4898 luis

140 4930 235 4976 dun.
248 4941 303 4974 uu.
316 4931 399 4973 suern.
1195 4935 1211 4986 8
