3420 5450
346 352 456 402 Lxxtv
792 337 1026 390 COMMENTVM
1046 337 1195 389 SEDVLII

346 535 446 589 utrum
469 528 596 588 Parisiis
618 545 659 588 an
683 528 839 588 Bruneltis
861 545 902 588 an
925 527 1043 603 Haapis
1065 531 1255 604 repperisset.
1296 529 1362 590 Hoc
1384 547 1458 590 nero
1480 530 1628 592 identidem

346 648 412 692 eum
440 632 631 704 adfirmasse,
662 631 771 691 librum
799 637 829 690 et
854 637 1058 707 pervetustum
1085 647 1148 716 esse
1174 639 1204 691 et
1231 631 1409 692 Bobiensem
1438 633 1508 692 olim
1532 632 1627 705 fuisse.

349 733 548 793 Buechelerus
575 735 678 807 ipitur,
709 749 791 805 cum,
822 749 901 808 puae
929 733 1143 807 inuaderet,
1168 751 1230 794 non
1256 734 1384 794 habaet
1404 739 1434 792 et
1455 751 1493 794 ne
1515 735 1553 794 ete
1573 737 1629 811 ipso

346 837 463 911 quictem
495 835 568 894 libri
595 841 695 894 aetate
722 837 897 896 accieratius
922 851 969 894 me
1002 817 1111 895 docere
1141 842 1255 911 posset,
1287 835 1436 896 Boclrium
1463 838 1559 912 ipsum
1581 855 1631 912 per
1671 821 1676 834 ⁸

345 940 462 998 litteras
484 938 560 1011 actii,
586 937 691 1012 quibus
713 939 764 996 ille
785 937 861 997 nileit
875 939 1041 1012 rescripsit.
1079 936 1146 997 Iam
1166 939 1249 1012 quod
1269 940 1401 998 codicem
1418 941 1552 1015 propria
1572 943 1631 1000 sede

346 1041 490 1114 domoque
520 1039 622 1100 canuc
649 1047 817 1112 carentem,
849 1042 921 1115 puio
949 1037 1155 1100 Buechelerus
1182 1038 1300 1098 Bocieio
1328 1045 1453 1100 auctore
1481 1039 1630 1100 Bobien-

344 1157 415 1200 sem
439 1142 669 1217 appetierunt,
695 1143 723 1201 B
745 1145 845 1202 littera
867 1143 1004 1215 sipuoui,
1028 1157 1066 1201 ne
1088 1143 1155 1216 quis
1176 1143 1270 1202 iudex
1291 1143 1370 1201 maie
1391 1142 1549 1216 condictus,
1568 1160 1630 1219 per·

242 1273 245 1282 ‚
345 1245 454 1319 spectis
482 1259 558 1318 quas
585 1245 673 1304 mocio
701 1244 771 1304 dini
796 1245 939 1318 tenebris,
959 1258 1173 1319 praepropere
1191 1242 1310 1316 sactum
1332 1260 1396 1303 esse
1418 1245 1517 1318 dicat,
1542 1251 1572 1304 ut
1591 1247 1633 1304 net

345 1345 537 1406 Bactrianum
552 1346 662 1407 abhinc
677 1348 727 1406 net
736 1345 1008 1406 Breecleeierianum
1024 1346 1165 1421 appellet,
1183 1345 1296 1405 iubenti
1309 1346 1472 1406 concedam
1488 1347 1594 1406 animo.
1603 1343 1630 1427 *)

430 1447 527 1522 Atque
554 1449 617 1508 eins
644 1449 840 1525 archetypum
868 1449 900 1508 in
929 1446 1097 1521 Betparum
1125 1447 1301 1509 bibliotheca
1331 1449 1431 1508 nescio
1459 1463 1520 1523 qua
1546 1449 1633 1508 tatere

343 1549 434 1622 fidem
458 1548 542 1622 sarit
570 1533 668 1610 corten
691 1550 900 1610 Bruxeliensis
922 1566 941 1608 n
964 1548 1080 1610 Bocirio
1103 1550 1145 1609 aa
1166 1550 1357 1610 σωεαάαπᾱα
1380 1549 1526 1628 Eutychis
1548 1550 1632 1609 aerio

342 1649 457 1727 possim
479 1654 511 1711 in
533 1654 672 1726 marpine
694 1651 855 1712 adhibitus.

430 1753 472 1814 Ict
497 1769 613 1828 quoque
641 1770 700 1813 non
729 1755 804 1814 satis
830 1760 965 1829 constat,
995 1752 1071 1829 qnid
1091 1760 1258 1830 praeterea
1286 1757 1318 1813 in
1345 1754 1449 1813 codice
1476 1754 1634 1830 archetypo

346 1858 496 1931 scriptum
514 1854 628 1929 fuerim
652 1873 833 1931 quamquam
856 1859 918 1916 atio
932 1856 1051 1916 Seduiii
1063 1854 1147 1916 Secti
1168 1857 1284 1931 scripta
1305 1857 1429 1932 eiusque
1443 1855 1474 1914 in
1490 1855 1639 1914 Prisciani

347 1965 444 2018 artem
466 1966 661 2018 commentum
687 1957 838 2032 librosque
860 1958 1052 2018 Priscianeos
1074 1957 1276 2017 Buechelerns
1304 1956 1431 2030 infuisse
1452 1962 1561 2016 amtor
1581 1965 1635 2024 est,·

347 2076 427 2136 quae
458 2076 531 2119 icero
564 2061 594 2119 in
625 2057 807 2121 Buecheleri
841 2061 1023 2136 apoprnpiro
1052 2057 1179 2136 insuper
1209 2061 1358 2134 lepuniur,
1393 2059 1470 2118 hacc
1500 2064 1570 2119 sunt
1601 2075 1637 2117 ec

347 2163 501 2223 Prisciani
519 2160 571 2222 iio.
601 2161 684 2223 VIII
704 2170 868 2238 excerpto:

430 2284 519 2340 Prima
542 2285 657 2358 species,
681 2301 750 2358 quse
773 2284 844 2358 apud
862 2283 978 2341 Graecos
1000 2278 1166 2360 βαρύτονος
1188 2283 1352 2358 appelletur,
1375 2298 1406 2338 en
1429 2281 1637 2339 consonantibus

347 2377 409 2450 nnis
438 2387 462 2423 ω
492 2367 596 2426 [insulem
626 2371 745 2426 inuentis
775 2370 898 2426 ordinem
925 2369 956 2424 Vl
983 2369 1206 2443 coniugationum
1234 2367 1386 2442 significat,
1413 2384 1529 2443 querum
1558 2367 1639 2440 prima

349 2461 406 2510 ires
434 2461 563 2526 cognatas
592 2453 672 2511 habet
698 2465 895 2520 consonantes,
926 2454 996 2510 idest
1022 2453 1132 2530 βπφ
1160 2455 1304 2527 omnisque
1332 2454 1412 2509 huius
1440 2451 1640 2526 coniugationis

347 2538 430 2596 uerba
446 2555 493 2613 per
508 2547 534 2611 ψ
549 2539 717 2596 declinantur
739 2541 767 2596 in
791 2541 952 2614 praeterito,
976 2547 1006 2594 ut
1020 2531 1121 2616 νρύβω
1136 2532 1264 2615 ἔκρυψα,
1286 2534 1376 2595 λείπω
1392 2531 1507 2610 ἔλειψα,
1531 2529 1639 2609 ἅλείφω

346 2617 466 2700 ἤλειψα.
790 2657 797 2666 -
1650 2637 1660 2675 s

432 2709 552 2766 Secunda
577 2726 687 2784 qnoque
709 2709 741 2766 ΙΙΙ
764 2710 834 2767 idest
854 2731 872 2787 p
894 2729 912 2766 κ
934 2728 964 2785 χ,
991 2727 1060 2786 quse
1082 2727 1132 2785 per
1154 2707 1169 2782 ξ
1191 2711 1270 2768 ciiert
1293 2710 1487 2784 praeteritum,
1517 2715 1550 2764 ut
1573 2699 1640 2783 λέγω

347 2787 444 2868 ἔλεξα,
467 2790 537 2851 εἴκω
560 2783 639 2868 εἶξα,
661 2789 742 2871 ἄγχω
764 2779 847 2871 ἦγξα.

430 2880 521 2936 Tertia
544 2879 670 2937 similiter
691 2881 723 2936 ΙΙΙ
746 2880 816 2937 idest
837 2877 856 2936 δ
878 2900 893 2936 τ
914 2881 954 2950 θ,
979 2897 1047 2955 quac
1071 2897 1118 2954 per
1140 2880 1289 2955 simplicem
1311 2891 1330 2934 σ
1352 2881 1530 2954 praeteritum
1556 2878 1640 2947 effert,

348 2972 379 3021 nt
400 2957 465 3044 ᾄδω
488 2953 563 3043 ᾗσα,
585 2955 685 3021 civita
707 2958 821 3040 ἤνυσα,
844 2960 952 3041 πλήθω
975 2959 1095 3040 ἕπλησα.

430 3048 531 3117 Quarta
551 3067 608 3123 per
630 3049 646 3118 ζ
666 3050 710 3106 uei
739 3051 904 3124 duplicatum
928 3062 945 3105 σ
968 3051 1107 3124 proiectus
1134 3058 1161 3107 ct
1189 3051 1364 3124 praeteritum
1388 3066 1437 3124 per
1458 3061 1477 3104 σ
1501 3048 1585 3120 iecit,
1614 3054 1672 3102 ntn

348 3128 450 3210 φράζω
473 3127 603 3210 ἔφρασα,
625 3129 747 3191 πλασσω
770 3129 890 3191 ἔπλασα.

431 3219 528 3288 Quinta
559 3236 606 3292 pon
635 3219 751 3293 liquidos
780 3222 850 3294 apud
873 3220 990 3277 Graecos
1013 3220 1153 3295 proicitur
1176 3236 1276 3294 easque
1299 3228 1392 3275 seruat
1414 3220 1442 3275 in
1466 3221 1542 3275 omini
1568 3235 1642 3293 pree·
1687 3247 1688 3300 ρ

348 3305 447 3370 terito,
471 3312 501 3360 nt
522 3299 607 3360 τίλλω
630 3298 722 3378 istiu,
745 3298 825 3380 νέμω
847 3299 963 3380 ἔνειμα,
985 3301 1071 3363 retro)
1094 3299 1205 3380 ἔτεινα,
1228 3301 1337 3380 σπείρω
1359 3298 1489 3379 ἔσπειρα.

431 3390 537 3446 Sextum
565 3405 675 3464 quoquo
702 3392 921 3464 coniugationenn
954 3391 1064 3460 dicunt,
1099 3407 1168 3466 quac
1197 3407 1245 3464 por
1276 3409 1299 3446 ω
1328 3406 1421 3463 puram
1452 3389 1585 3458 ciioriur,
1616 3397 1643 3442 nt
1687 3373 1688 3418 λ

346 3469 462 3532 ἱππεύω
483 3467 560 3530 πλέω
581 3470 742 3550 βασιλεύω,
765 3474 853 3550 qualis
876 3485 940 3532 sunt
962 3475 1034 3550 apud
1056 3494 1105 3532 nos
1129 3479 1217 3532 omnin
1241 3475 1375 3532 secundae
1398 3483 1426 3531 ct
1448 3482 1566 3548 quantae
1583 3489 1642 3530 son·
1656 3483 1674 3522 1⁵

348 3561 496 3633 ingestionis
519 3558 602 3616 uerba
626 3560 728 3634 qnippe
751 3559 779 3616 in
802 3577 835 3616 eo
857 3561 902 3617 uei
924 3561 951 3618 io
974 3560 1133 3618 desinentia.

417 3759 482 3822 les.
501 3759 619 3809 Prisc]
636 3777 663 3824 p.
682 3761 742 3818 445,
762 3763 861 3810 17-21
880 3761 916 3810 H.
961 3775 1011 3826 quc
1054 3775 1142 3824 grecos
1162 3755 1361 3812 ΒΑΡΙΤΟΝΟ(
1431 3763 1526 3808 ionic
1545 3773 1563 3809 ο
1630 3759 1644 3806 4

349 3828 470 3893 preterito
490 3837 517 3876 ut
535 3824 635 3880 ΚΡΙΒΟ
656 3823 788 3880 (minim
807 3825 895 3880 ΛΙΠΟ
914 3827 1012 3879 ΕΛΙΨΑ
1031 3826 1113 3879 ΛΙΦΟ
1133 3826 1242 3880 ΕΛΙΨΑ,
1310 3829 1327 3876 6
1344 3827 1378 3890 cs.
1398 3827 1483 3880 Prisc.
1503 3827 1522 3876 I
1539 3844 1568 3891 p.
1589 3828 1643 3881 ito.

349 3899 415 3946 7-o
433 3905 458 3946 et
476 3896 605 3946 Macrobii
622 3904 748 3960 excerpta
766 3897 888 3946 Parisino
908 3897 1013 3947 Gramen.
1034 3895 1094 3948 Lat.
1117 3897 1141 3946 V
1156 3913 1184 3960 p.
1203 3897 1262 3958 602,
1281 3894 1342 3946 51(
1392 3910 1441 3956 qne
1495 3896 1643 3960 preteritum

348 3961 478 4015 ωιΛΕΓΟ
548 3961 657 4015 nimo
710 3961 892 4016 ΑΓΧΟΑΓΞΑ
962 3965 1030 4024 8cs.
1047 3963 1328 4028 precipiente.
1346 3966 1374 4011 19
1392 3971 1417 4011 et
1436 3962 1571 4014 Macrobii
1589 3978 1644 4010 eac.
1686 4011 1687 4014 ,

347 4035 474 4097 poeno
508 4048 557 4093 qne
600 4033 772 4097 (preteritum
825 4029 1078 4084 9ΑΔΟΑΔΟΝ(Α
1099 4029 1204 4083 ΑΝΙΤΟ
1224 4027 1322 4084 ΕΝΙΕΑ
1341 4028 1468 4082 ΠΑΝΤΟ
1488 4027 1644 4082 ΕΙΠΑΝΈΑ
1686 4081 1687 4102 .

398 4104 430 4153 10
448 4101 481 4162 cf.
500 4100 620 4150 Prisc]
636 4117 662 4162 p.
681 4102 742 4160 tit,
762 4105 786 4151 1.
806 4104 823 4150 2
841 4109 867 4151 et
886 4102 1014 4152 Macrobii
1030 4116 1087 4150 esce.
1104 4117 1131 4164 p.
1151 4103 1245 4162 602,7
1296 4099 1442 4164 preteritum
1463 4112 1545 4163 perc
1617 4099 1644 4146 li
1686 4111 1687 4142 i

347 4165 466 4220 ΦΡΑΖΟ
518 4165 756 4220 ΠΑΕΕΟΕΠΑΕΑ
828 4171 859 4217 12
877 4170 911 4230 cf.
930 4170 1013 4218 Prisc.
1034 4168 1049 4217 1
1068 4170 1234 4232 ptime
1253 4171 1277 4217 et
1297 4165 1426 4217 Macrobii
1443 4183 1499 4216 rece.
1523 4168 1646 4228 paoni

397 4252 488 4298 procos
540 4238 659 4302 preterito
678 4250 704 4285 uc
721 4233 834 4287 ΤΙΑΜΟ
855 4234 986 4288 (ΤΙΑΜΑ
1007 4233 1118 4287 ΝΕΑλΟ
1138 4233 1259 4296 ΕΝΕΙΛΑ
1283 4231 1367 4286 ΤΙΝΟ
1391 4232 1493 4285 ΕΤΙΝΑ
1515 4231 1644 4286 (ΠΕΙΡΟ

347 4301 503 4356 ΕΙΕΠΕΙΡΑ
574 4306 605 4354 14
624 4304 736 4358 Prisc!
754 4321 779 4369 p.
795 4308 855 4369 447,
869 4309 969 4356 12-14
1010 4321 1059 4367 qne
1099 4301 1259 4356 ιιῑΙΠΙΕΓω
1329 4304 1361 4354 15
1378 4303 1492 4354 secunde
1512 4314 1541 4353 et
1560 4313 1646 4366 quarm

414 4487 488 4553 *)1n
508 4490 626 4541 Bobiensi
645 4491 747 4554 quidem
766 4491 883 4556 catalogo
901 4492 1006 4554 antiqno
1025 4507 1040 4540 n
1060 4491 1197 4540 Muratorio
1215 4499 1267 4539 ant.
1285 4488 1340 4540 lui.
1358 4489 1390 4538 111
1410 4505 1434 4555 p.
1452 4491 1503 4539 819
1526 4506 1585 4552 seq.
1605 4505 1646 4538 ex-

347 4558 425 4608 hibito
449 4558 545 4608 Sednlii
564 4561 592 4609 iit
608 4561 703 4609 mentio
726 4561 751 4610 in
774 4559 842 4608 hunc
864 4560 968 4608 modum
987 4577 1012 4624 p.
1031 4561 1079 4610 821
1101 4557 1134 4606 E:
1170 4561 1207 4606 ‘in
1226 4557 1317 4624 primis
1335 4555 1390 4610 Lib.
1411 4599 1416 4612 .
1436 4592 1443 4606 .
1462 4595 1496 4609 ..
1522 4599 1529 4612 .
1551 4557 1647 4607 Sedniii

347 4628 498 4692 omogrnpin'
502 4663 665 4682 .......
675 4645 682 4689 ;
702 4627 797 4676 Eucicis
816 4643 876 4676 nero
895 4627 958 4676 iiber
976 4629 1014 4676 bis
1033 4637 1245 4676 commemoremur
1257 4641 1284 4690 p.
1296 4627 1347 4676 822
1361 4625 1393 4674 E:
1414 4625 1502 4674 ‘Liber
1517 4626 1528 4674 Ι
1543 4626 1646 4676 Ysidori

346 4721 379 4730 —
397 4694 518 4745 Prisciani
537 4696 643 4745 minoris
664 4695 747 4745 Bcdne
765 4695 900 4745 Clementis
918 4695 1015 4746 liuticis
1034 4705 1058 4745 ct
1076 4695 1125 4744 alia
1144 4694 1285 4760 opuscnnln'
1310 4703 1334 4744 ct
1355 4710 1380 4759 p.
1398 4695 1449 4744 823
1469 4693 1505 4742 ne
1538 4695 1648 4744 ‘librum

347 4761 443 4812 Euticis
461 4763 493 4813 1.‘
531 4761 581 4812 Sed
603 4763 666 4813 hacc
684 4765 818 4814 obscurius
841 4763 908 4814 dicta
926 4763 958 4814 ad
976 4763 1165 4830 profligandam
1184 4779 1239 4812 earn
1258 4777 1335 4826 quarn
1353 4772 1490 4811 innotamus
1513 4765 1648 4826 quaestio-

347 4845 405 4880 nem
424 4831 484 4881 nihii
504 4831 597 4884 uniens.
