3420 5450
254 361 314 411 ων
674 347 724 398 ΒΕ
741 345 865 399 metus
887 345 1149 401 BERNENSIBVS.

257 558 332 597 nunc
353 557 449 618 posco,
476 549 505 596 ut
528 555 660 614 capanea,
683 537 756 596 uuile
777 537 906 596 dicuntur
927 537 1043 596 litterae.
1088 533 1161 615 ()-()
1184 539 1316 596 Dicuntur
1337 539 1408 595 eninr
1431 533 1562 613 litteriale

253 626 332 699 quasi
354 623 508 699 legiter(a)e
530 641 563 681 eo
587 623 660 698 quod
683 624 736 681 iter
757 622 913 699 legentibus
934 631 1076 698 praestent
1098 623 1143 681 uel
1172 623 1245 699 quod
1269 625 1295 680 in
1318 622 1436 697 legendo
1459 625 1561 680 iteren-

256 719 301 767 tur
317 710 362 767 uel
379 728 393 766 a
409 709 515 785 lituris,
541 717 571 766 ut
594 707 801 783 quibusdam
823 707 895 782 (coel.
911 706 1021 783 qulbus)
1043 708 1150 784 placet,
1173 707 1245 783 quod
1269 708 1432 784 plerumque
1454 707 1560 783 antiqui

255 797 281 851 in
306 797 406 854 ceratis
430 794 530 851 tabulis
553 792 673 850 scribere
697 792 822 852 solebant
844 793 959 851 litteras.
998 788 1030 852 Δ
1049 792 1138 862 Quare
1160 793 1335 868 appellantur
1357 791 1465 850 litterae
1486 809 1560 850 com·

254 881 369 936 munes?
412 875 454 956 )-(
475 878 540 936 ideo
568 895 726 938 communes
756 879 899 943 dicuntur,
929 879 991 954 quia
1020 895 1115 936 omnes
1144 879 1198 936 illis
1226 881 1254 935 in
1284 894 1426 936 commune
1447 878 1559 935 utimur.

256 976 288 1040 Δ
312 981 368 1039 llae
391 981 502 1039 litterae
525 982 553 1037 in
575 987 644 1055 quot
666 989 758 1055 partes
780 981 958 1038 diuiduntur?
1000 983 1038 1034 m
1060 979 1248 1056 Principaiiter
1270 983 1297 1036 in
1320 980 1395 1037 duas.
1432 974 1464 1038 Δ
1486 979 1561 1049 Quo·

253 1083 355 1140 modo?
400 1085 437 1136 ot
468 1083 496 1139 ln
527 1081 641 1139 uocales
667 1091 694 1139 et
722 1091 914 1141 consonantes.
958 1077 990 1141 A
1013 1083 1101 1153 Quare
1128 1082 1255 1139 (licuntur
1282 1080 1392 1140 uocales
1419 1090 1447 1138 et
1475 1099 1561 1156 quaro

253 1168 458 1225 consonantes?
501 1162 542 1244 )-(
564 1166 676 1224 Vocales
705 1178 769 1225 suut
797 1171 868 1226 sicut
897 1169 1001 1225 animae
1022 1169 1051 1224 in
1073 1167 1254 1243 corporibus,
1282 1173 1465 1224 consonantes
1488 1169 1562 1224 sicut

253 1255 313 1327 ipsa
342 1269 467 1329 corpora.
514 1247 546 1311 A
568 1252 626 1322 Qua
655 1253 779 1311 ratione?
821 1247 863 1330 )-(
885 1255 978 1310 Anima
1007 1269 1074 1310 uero
1097 1260 1177 1310 etse
1199 1261 1293 1309 mouet
1318 1261 1346 1308 et
1375 1268 1490 1326 corpus:
1519 1251 1561 1308 sic

253 1347 282 1394 ct
304 1338 375 1394 istae
396 1337 507 1396 uocales
529 1355 579 1411 per
601 1353 631 1394 se
653 1336 779 1395 teruntur
801 1348 828 1396 et
850 1355 901 1413 per
923 1353 953 1395 se
975 1336 1085 1396 sillabas
1108 1337 1221 1396 iaciunt
1258 1336 1364 1411 Corpus
1387 1346 1475 1394 autem
1498 1337 1560 1392 sine

253 1424 342 1480 anima
365 1421 494 1480 inmobile
517 1432 570 1495 est,
593 1424 665 1480 siout
687 1421 720 1494 (si
744 1434 808 1480 sunt
830 1422 903 1496 coel.)
925 1431 1108 1480 consonantes
1130 1425 1190 1480 sine
1213 1421 1365 1480 uocalibus.
1409 1421 1474 1478 llam
1497 1421 1560 1478 illac

252 1524 301 1583 per
324 1525 353 1564 se
376 1507 459 1565 scribi
488 1515 622 1582 possunt,
651 1508 758 1565 nomina
789 1525 855 1566 uero
879 1509 923 1565 uel
946 1516 1110 1582 potestatem
1133 1507 1232 1565 babere
1255 1508 1315 1564 sine
1337 1506 1479 1564 uocalibus
1502 1522 1559 1563 uon

254 1602 379 1668 possunt.
423 1588 455 1652 A
479 1592 591 1651 vocales
613 1593 721 1651 litterae
744 1603 813 1668 quot
836 1593 918 1652 suut?
961 1588 1001 1669 )-(
1023 1593 1176 1651 Secundum
1199 1592 1311 1649 latinos
1333 1631 1497 1651 ......

341 1709 484 1770 Eiautlem
508 1708 681 1785 frapmeati
703 1725 735 1785 p.
762 1715 877 1770 13-16
905 1726 959 1771 ars
985 1711 1096 1785 lepitur
1120 1712 1325 1785 psammattca
1352 1709 1464 1770 arellius
1487 1707 1563 1782 sere

250 1811 361 1887 pretii:
1306 1791 1314 1810 ⁸

341 1916 423 1972 Terra
453 1931 523 1990 quae
549 1933 613 1990 pars
636 1916 696 1973 esti
738 1916 851 1975 Nomen.
895 1914 1002 1984 Quarci
1045 1915 1114 1985 Quia
1136 1913 1273 1990 significat
1295 1913 1473 1972 substantians
1496 1932 1560 1972 cunr

256 1999 388 2073 qualitate
412 2009 464 2058 etc.
509 2018 536 2074 p.
564 1999 602 2057 14
625 1999 694 2068 Quid
717 2010 760 2058 est
782 2001 1031 2075 iuterrogatiuurnl
1074 2000 1152 2069 Quod
1175 2016 1236 2058 cum
1260 2000 1477 2073 interrogatione
1492 2017 1561 2074 pro·

256 2085 363 2158 fertur,
392 2093 424 2142 ut
446 2085 518 2160 quis.
563 2085 632 2154 Quid
654 2095 697 2142 est
718 2083 853 2144 inlinitum
876 2085 996 2159 (·tium)?
1040 2087 1241 2161 interrogation
1263 2087 1448 2158 contrarium,
1475 2094 1507 2141 ut
1529 2086 1561 2140 iu

254 2168 372 2228 lectione
396 2172 475 2246 graui
498 2179 611 2228 accentu
634 2179 666 2228 ut
688 2173 734 2247 qui
757 2179 854 2230 cuncta
875 2173 978 2230 creauit
1000 2181 1052 2230 etc.

795 2357 1023 2366 ..ι-*-

338 2489 502 2566 Hucusque
517 2490 555 2551 tle
569 2492 654 2552 libris
669 2491 874 2554 Beruensibus
896 2491 1017 2567 referre
1028 2495 1161 2569 placuit,
1185 2507 1369 2568 quamquam
1389 2508 1450 2552 uota
1462 2494 1565 2568 pauci

254 2599 387 2660 restant,
411 2595 442 2652 in
464 2592 570 2668 puilia
592 2593 630 2653 dc
649 2596 861 2668 prammoticis
877 2597 1052 2672 praeceptis
1073 2598 1195 2670 coitur:
1216 2595 1272 2656 ced
1292 2595 1364 2668 quia
1379 2595 1467 2656 buius
1487 2595 1567 2655 libri

254 2695 386 2754 circuitu
401 2711 439 2754 ea
455 2695 662 2756 tantummodo
676 2697 826 2770 conplecti
845 2699 945 2766 uolui,
968 2715 1046 2774 quae
1068 2699 1112 2758 ad
1132 2703 1268 2758 ueterum
1288 2699 1564 2771 praumattcorum

255 2797 427 2857 doctrinam
449 2797 580 2871 quodam
602 2800 707 2859 saltem
728 2797 816 2859 modo
833 2800 989 2874 pertinere
1010 2800 1199 2878 uiderentur,
1222 2801 1423 2859 recentiorum
1444 2805 1562 2876 tempo-

255 2915 322 2959 rum
345 2899 416 2959 iude
438 2900 476 2961 ab
500 2899 657 2962 undecimo
680 2900 753 2973 scre
780 2902 902 2962 saecuto
925 2902 1114 2979 pullulantia
1138 2902 1407 2977 arammaticorum
1435 2902 1563 2976 excopi-

255 3005 389 3062 tomeata
410 3001 475 3062 siue
497 3017 650 3078 anonyma
671 3004 735 3063 aue
756 3004 847 3063 certis
869 3005 1035 3066 nominibus
1054 3004 1200 3080 praedita
1215 3004 1350 3079 acolaci,
1374 3018 1564 3079 quamquam

178 3155 180 3160 .
255 3103 332 3163 baec
353 3118 470 3178 quoquc
490 3118 551 3163 aon
570 3119 700 3179 prorsus
720 3105 893 3180 spernenda
915 3121 978 3166 csse
996 3111 1080 3182 puto.
1124 3105 1232 3180 Itaque
1252 3105 1471 3180 inpraesentia
1491 3105 1566 3179 suf·

252 3205 339 3277 liciat
361 3204 557 3275 iudicauieoe,
586 3205 757 3267 huiusmodi
776 3209 894 3286 scripta
916 3210 1050 3270 inueniri
1069 3210 1101 3270 ia
1123 3208 1170 3268 bib
1190 3207 1360 3269 codicibus:
1395 3213 1453 3267 266
1474 3224 1563 3268 saec.

255 3303 345 3364 XIII
366 3302 395 3377 f.
420 3303 474 3363 81⁵
496 3340 537 3350 —
556 3306 585 3380 f.
609 3313 677 3377 82⁰,
702 3308 732 3382 s.
757 3315 814 3368 83⁶
835 3343 877 3354 -
898 3309 924 3384 s.
949 3305 1019 3378 89⁶:
1056 3316 1115 3369 326
1141 3327 1222 3370 saec.
1251 3309 1355 3378 XIII:
1392 3315 1449 3368 363
1476 3327 1561 3371 saec.

255 3405 508 3492 XIII-XIIII;
536 3415 595 3469 386
617 3425 696 3472 saec.
721 3411 827 3472 XIIII
843 3411 873 3486 s.
899 3418 936 3471 36
958 3427 1040 3487 scq.,·
1069 3419 1127 3472 416
1154 3429 1235 3473 saec.
1257 3411 1420 3472 XI—XII
1436 3411 1465 3485 f.
1491 3409 1564 3485 11⁵;

258 3515 315 3568 433
342 3525 422 3570 saec.
451 3510 714 3582 XIII-XIIII;
754 3519 812 3571 463
839 3529 919 3574 saec.
943 3513 1116 3576 XI-XII
1140 3512 1168 3586 s.
1193 3520 1313 3574 85⁴⁸-
1334 3512 1363 3586 f.
1388 3519 1462 3584 86⁰;
1502 3523 1566 3575 513

255 3626 336 3670 socc.
360 3610 611 3683 XIII-XIIII,
636 3613 688 3674 sub
709 3617 840 3683 calcem:
871 3622 928 3675 702
949 3633 1028 3677 saec.
1051 3615 1121 3676 XII
1137 3615 1165 3688 f.
1191 3612 1246 3676 68⁶
1262 3649 1301 3658 —
1320 3613 1350 3689 f.
1369 3621 1442 3684 63“,·
1471 3619 1498 3676 Α
1523 3625 1567 3677 61

256 3727 336 3772 saec.
360 3713 430 3773 XII
445 3721 517 3790 post
539 3714 694 3777 quenalis
719 3719 857 3791 aiassae:
885 3717 915 3777 B
938 3725 977 3776 46
1006 3733 1083 3778 saec.
1107 3718 1196 3778 XIII
1201 3751 1237 3760 -
1247 3715 1363 3795 XIIII,
1391 3735 1431 3778 ea
1453 3719 1568 3793 artibus

260 3815 400 3876 carmina
419 3819 622 3891 prummatica
639 3818 791 3896 praebeat
814 3826 882 3894 416,
909 3825 976 3898 433,
1002 3826 1070 3894 463,
1096 3825 1160 3878 643.
