3390 5444
324 345 384 410 133
727 305 731 316 ’
835 339 903 392 ans
922 339 1095 392 incuruo

322 553 533 614 posueram,
564 533 597 592 id
622 541 679 592 est
700 547 803 599 suns,
831 547 1060 591 communem
1089 547 1171 588 esse
1199 526 1390 588 deiiniuut
1416 528 1492 586 inter
1512 528 1604 605 siugu-

321 635 413 697 iarem
435 633 623 715 etpiuraiem
648 649 821 708 numerum,
844 639 882 691 ut
904 630 1031 690 dicant
1051 632 1120 689 sic:
1145 647 1246 689 meus
1269 634 1355 689 tuus
1376 645 1465 689 suus
1486 639 1603 695 noster
1639 691 1643 703 ,

322 743 447 797 uester
475 753 570 796 suus.
622 735 703 795 Sicut
730 736 760 793 iu
794 733 1090 794 Deuteronomio
1126 731 1248 808 iegitur:
1285 731 1370 810 quia
1403 730 1492 790 deus
1527 745 1601 791 suu„

320 836 494 899 uendidit
527 855 599 898 eos.
645 837 720 895 Sunt
748 835 835 894 etiam
865 833 920 894 aiia
950 833 1127 913 pronomina
1155 830 1317 910 qualitatis,
1347 839 1381 891 ut
1407 831 1503 909 qualis
1529 830 1601 900 taiis;

320 938 375 1000 aiia
398 939 584 1019 quantitatis,
608 945 640 997 ut
661 944 790 1016 quantus
812 941 925 1003 tautus;
947 933 1003 996 alia
1026 933 1269 1002 demonstranda,
1292 949 1368 1010 quae
1391 949 1455 993 rem
1478 951 1621 1012 praesen-e

321 1050 379 1102 tem
403 1040 587 1118 significant,
611 1045 642 1098 ut
665 1037 713 1097 bic
735 1045 766 1096 et
787 1035 859 1097 baec
882 1042 913 1096 et
934 1033 1006 1104 boc;
1029 1034 1085 1095 aiia
1108 1032 1247 1103 relatiua,
1277 1051 1440 1112 quaerent
1463 1034 1602 1095 absentem

320 1151 439 1210 notant,
472 1150 505 1201 ut
525 1141 549 1200 is
571 1158 604 1200 ea
633 1139 678 1206 id;
714 1137 768 1198 aiia
797 1137 1031 1198 demonstratiua
1058 1137 1227 1214 conposita,
1257 1144 1290 1195 ut
1316 1153 1420 1196 eccum
1449 1145 1479 1195 et
1506 1154 1602 1206 eccam,

320 1243 377 1304 boo
400 1251 444 1302 est
465 1259 534 1303 ecee
555 1257 621 1302 eron
644 1258 714 1301 ecee
737 1257 812 1300 eam.
857 1238 928 1299 item
946 1237 1050 1307 elium,
1073 1236 1150 1296 idest
1164 1254 1234 1296 ecce
1249 1235 1340 1307 iiium,
1357 1239 1400 1297 sie
1417 1238 1503 1298 etiam
1519 1235 1603 1306 eiiam,

320 1342 377 1405 boe
400 1351 445 1404 est
467 1361 538 1402 eece
560 1340 650 1401 iiiam.
696 1341 775 1402 Haec
798 1358 870 1418 ergo
892 1340 1070 1418 pronomina
1093 1337 1167 1398 nihii
1196 1338 1296 1398 uerius
1323 1357 1480 1416 possumus
1506 1339 1601 1408 dicere,

320 1445 379 1505 nisi
407 1446 502 1522 magis
528 1443 774 1503 demonstratiua:
804 1459 874 1502 ecce
902 1442 980 1501 enim
1009 1431 1185 1500 minerbium
1213 1438 1435 1500 demonstrandi
1463 1458 1521 1501 non
1542 1459 1630 1500 con-u

320 1547 401 1624 gruit
422 1547 479 1605 nisi
501 1546 562 1613 rei,
585 1561 661 1624 quae
684 1549 782 1621 potest
803 1541 1016 1610 demonstrari,
1040 1557 1075 1601 ex
1098 1559 1157 1620 quo
1180 1539 1323 1601 aduerbio
1346 1539 1420 1603 baec
1440 1543 1602 1622 pronomina

320 1649 474 1725 conposita
497 1655 566 1706 sunt
589 1663 691 1706 cocum
715 1652 745 1704 et
767 1641 871 1704 elium:
896 1651 941 1703 est
962 1645 1042 1704 enim
1065 1640 1240 1702 aduerbium
1263 1641 1503 1704 demonstrantis.

405 1749 522 1808 Genera
544 1748 721 1827 pronomina
743 1753 815 1826 quot
844 1745 930 1805 sunt?
974 1743 1140 1804 Donatus
1166 1744 1297 1805 ostendit
1308 1743 1439 1826 dicens:
1478 1763 1601 1823 genera

320 1849 578 1928 pronominum
607 1854 695 1909 sunt
725 1845 853 1908 eadem
885 1845 981 1915 iere,
1015 1863 1108 1925 quae
1140 1853 1176 1904 et
1203 1847 1402 1906 nominum.
1447 1845 1521 1917 Quid
1542 1864 1602 1923 ergo

319 1951 466 2028 significat
485 1948 537 2011 iiia
560 1947 704 2028 particula
727 1947 844 2008 ‘iere'i
867 1946 991 2018 Ouaiem
1015 1945 1214 2008 differentiam
1243 1947 1389 2008 ostendit?
1434 1947 1503 2008 Sine
1523 1946 1629 2008 dubioc

319 2052 481 2129 significat,
512 2049 590 2130 quod
615 2066 673 2108 nou
697 2057 766 2109 sunt
787 2054 831 2108 tot
853 2065 962 2126 genera
985 2049 1015 2108 in
1038 2048 1225 2130 pronomine,
1249 2056 1322 2128 quot
1342 2049 1373 2109 in
1396 2051 1515 2111 nomine
1534 2058 1600 2110 sunt

319 2152 392 2213 Nam
415 2152 585 2212 innomine
608 2151 706 2210 omnia
729 2156 945 2228 generarunt,
969 2147 1045 2211 idest
1060 2149 1222 2211 masculina
1244 2148 1385 2210 feminina
1408 2158 1512 2212 neutra
1532 2169 1600 2211 eon·

320 2255 419 2314 munia
443 2261 472 2314 ct
493 2253 600 2313 incerti
633 2252 751 2328 generis
779 2260 808 2312 et
836 2253 1013 2330 epicoenon,
1047 2251 1078 2310 in
1110 2251 1288 2330 pronomine
1320 2261 1419 2313 autem
1451 2254 1600 2332 epicoenon

320 2371 379 2414 non
402 2363 525 2414 estnec
547 2355 694 2414 incertum
716 2368 826 2429 genus,
851 2353 906 2414 alia
930 2370 1003 2414 uero
1025 2369 1135 2430 genera
1158 2353 1257 2414 omnia
1280 2351 1380 2414 habet.
1424 2354 1495 2416 inde
1515 2355 1600 2415 Pom·

210 2527 214 2538 .
318 2456 429 2535 peius
450 2454 539 2516 dixit:
577 2453 722 2515 Genera
745 2455 1002 2532 pronominum
1025 2464 1110 2514 sunt
1131 2453 1235 2514 baec:
1265 2456 1385 2515 omnia
1409 2457 1505 2517 enim
1525 2471 1629 2535 pro-u
1668 2483 1669 2486 ¹

319 2559 466 2620 nomina
489 2565 550 2618 aut
573 2554 777 2616 masculina
800 2563 886 2616 sunt
907 2564 969 2618 aut
989 2556 1168 2616 feminina
1192 2563 1254 2616 aut
1275 2564 1409 2618 neutra
1433 2565 1496 2619 aut
1515 2575 1600 2618 oon·

319 2659 442 2719 munia
465 2665 529 2719 aut
550 2657 670 2719 omnis
692 2659 861 2735 generis;
884 2655 1130 2718 masculinum
1146 2675 1350 2736 pronomen
1367 2667 1440 2726 est,
1464 2659 1599 2739 utquis:

318 2759 430 2820 bodie
453 2761 548 2820 enim
570 2759 622 2820 ita
644 2758 804 2820 dicimus
827 2760 928 2837 ‘quis
952 2759 1028 2820 uir’
1052 2763 1087 2818 in
1111 2759 1318 2820 masculino
1339 2777 1495 2838 genere,
1516 2757 1596 2839 apud
1667 2807 1668 2834 ξ

318 2863 481 2921 maior-es
509 2867 630 2921 autem
659 2870 810 2921 nostros
838 2859 1116 2921 indifferenter
1141 2861 1456 2924 inuenimus.hoc
1477 2879 1598 2941 prono=

319 2980 408 3023 men.
454 2960 637 3022 Dicebant
659 2963 756 3022 enim
780 2964 881 3038 ‘quis
905 2962 980 3022 uir’
1004 2968 1038 3021 et
1060 2962 1161 3041 ‘quis
1184 2960 1346 3033 mulier',
1376 2965 1522 3025 omnino
1544 2963 1626 3022 min

317 3064 403 3132 iios,
428 3081 498 3123 non
522 3061 636 3124 semei
659 3064 820 3142 positum
844 3065 880 3124 in
903 3063 1087 3124 feminino
1110 3080 1249 3141 genere
1272 3065 1477 3126 inuenitur.
1509 3061 1598 3142 Apud

317 3163 535 3224 Terentium
557 3162 671 3226 habes
694 3164 765 3225 boc
789 3165 890 3226 iorte
913 3174 1047 3246 quarto
1069 3174 1133 3225 aut
1155 3165 1288 3243 quinto
1311 3167 1473 3244 positum
1495 3165 1597 3244 ‘quisi

318 3283 398 3326 eum
422 3263 465 3325 de
488 3263 652 3326 muliere
676 3265 906 3343 loqueretur.
951 3267 1026 3328 Hinc
1048 3267 1192 3346 scriptum
1215 3274 1273 3326 est:

444 3366 535 3437 Quis
558 3375 595 3427 tn
618 3385 655 3428 es
678 3365 813 3428 mulier
836 3369 898 3445 qui
921 3385 974 3427 me
996 3368 1064 3429 hoc
1086 3370 1316 3446 nuncupasti
1339 3369 1501 3431 nominet

316 3467 396 3546 Ergo
424 3477 469 3528 est
495 3467 586 3528 bodie
613 3468 809 3559 masculinum
831 3487 997 3548 pronomen
1026 3470 1110 3549 quis,
1143 3469 1318 3532 femininum
1352 3488 1444 3548 qnae,
1475 3477 1624 3532 neutruma

316 3569 403 3650 quod.
447 3569 621 3631 Communia
644 3569 770 3631 duorum
793 3588 951 3648 generum,
976 3579 1009 3632 ut
1030 3569 1126 3651 qualis
1152 3570 1232 3632 talis:
1261 3571 1386 3634 dicimus
1414 3575 1492 3635 enim
1518 3573 1596 3632 inter·

315 3669 448 3749 rogando
471 3669 577 3748 ‘qualis
600 3673 658 3732 uir’
675 3681 705 3732 et
720 3671 827 3750 ‘qualis
843 3671 971 3743 mulier',
996 3673 1105 3734 dicitur
1128 3673 1337 3753 respondendo
1360 3681 1390 3734 et
1406 3669 1595 3752 subiungendo
1665 3657 1666 3690 ¹

324 3771 328 3850 Ι
347 3773 366 3832 i.
386 3767 465 3833 115*
481 3767 492 3852 ΙΙ
508 3770 593 3834 ‘talis
615 3775 681 3832 uir'
705 3782 733 3834 et
755 3773 840 3834 ‘tatis
861 3771 997 3835 mulier’.
1042 3776 1204 3836 Commune
1226 3777 1318 3837 trium
1344 3794 1502 3855 generum,
1529 3773 1594 3853 quod

317 3890 405 3934 omne
427 3889 521 3952 genus
543 3873 660 3945 dicitur,
683 3883 716 3935 ut
739 3893 794 3954 ego
818 3883 865 3936 tu:
889 3873 960 3936 dicit
982 3877 1062 3936 enim
1087 3877 1133 3938 uir
1149 3878 1241 3956 ‘ego',
1265 3876 1338 3938 dicit
1353 3887 1384 3940 et
1399 3877 1502 3940 mulier
1517 3876 1593 3954 ‘ego’,
1664 3951 1665 3960 ἵ

317 3991 455 4036 necnon
478 3983 507 4036 et
529 3977 709 4056 mancipium
733 3975 804 4037 dicit
825 3975 915 4055 ‘ego’.
961 3975 1011 4039 Sic
1034 3977 1120 4038 etiam
1143 3979 1272 4040 secunda
1295 3998 1424 4059 persona
1447 3977 1620 4040 communico

384 4195 461 4244 leus
513 4196 628 4245 idicem
647 4194 694 4260 edii
733 4187 763 4248 Ι3
781 4197 806 4245 in
821 4195 1028 4263 Deuteronomio]
1050 4197 1171 4262 XXXII,
1183 4202 1218 4249 30
1267 4199 1419 4249 inindedit
1452 4197 1591 4250 aientetian

315 4261 533 4324 antiquandum
602 4264 767 4328 bsigniiieat
818 4265 877 4315 'ibi
896 4279 940 4314 sea
990 4266 1082 4316 8eece
1100 4282 1156 4315 eum
1175 4282 1221 4317 om.
1273 4267 1389 4318 boricius
1459 4270 1489 4317 10
1504 4267 1592 4314 demon·
1663 4259 1664 4288 ³

314 4329 448 4380 straticum
518 4333 548 4381 11
568 4333 623 4398 regi
692 4335 724 4384 12
742 4341 782 4383 eet
799 4333 866 4382 enim
884 4332 1033 4383 oduerbium
1052 4334 1278 4398 irneopronomina
1296 4335 1432 4400 conposita
1449 4342 1589 4384 enntoeeun
1663 4289 1664 4357 1

315 4410 339 4448 et
356 4397 431 4447 elium
450 4408 490 4448 est
506 4401 573 4448 enim
591 4400 741 4450 aduerbium
759 4401 958 4451 demonstrantis
1013 4405 1044 4452 13
1057 4399 1184 4467 Donatus]
1202 4420 1229 4467 p.
1242 4405 1329 4466 35⁷,8
1398 4399 1589 4452 andetennam

315 4467 346 4516 16
365 4478 496 4527 quotuon
549 4468 664 4529 quodin
743 4471 774 4520 18
792 4470 934 4534 epicenon*
980 4484 1112 4536 eppcenon
1183 4473 1214 4522 19
1232 4467 1383 4536 Pompeius]
1402 4487 1429 4535 p.
1446 4471 1502 4527 20⁶,
1519 4471 1547 4518 1⁷
1562 4465 1590 4514 K·

314 4535 347 4585 23
365 4533 443 4583 bodie
461 4535 495 4584 itn
513 4535 621 4586 dicimus
640 4547 668 4586 ut
685 4537 742 4598 quis
764 4537 933 4586 maseuttnum
952 4538 985 4586 sit
1007 4552 1160 4602 pronomen,
1183 4537 1252 4604 apud
1274 4540 1386 4589 mitiores
1403 4545 1452 4595 ete,
1474 4535 1589 4600 Pcnpeittt

382 4601 426 4664 qui
444 4601 466 4652 is
486 4603 525 4651 uir
596 4605 630 4654 24
648 4603 816 4654 indeierenter
901 4606 934 4655 25
952 4602 1064 4673 dicebat]
1084 4606 1207 4656 Dicebant
1223 4607 1290 4656 enim
1309 4623 1355 4658 om.
1374 4607 1506 4670 Pompeiae
1564 4600 1589 4650 2⁶

314 4669 427 4734 positum
447 4694 478 4706 -
497 4671 626 4721 inuenitur
642 4687 689 4724 om.
708 4672 842 4737 Pompeius
909 4671 1004 4722 semino
1072 4676 1106 4726 27
1124 4676 1269 4724 terrentium
1355 4677 1389 4726 28
1409 4675 1469 4723 iiiuc
1485 4673 1587 4736 scriptun

314 4733 363 4802 est]
383 4737 418 4799 os.
436 4737 526 4801 Pomp.
542 4755 570 4803 p.
590 4741 649 4802 20⁶,
663 4743 696 4788 27
708 4739 743 4794 K.
811 4743 844 4791 29
863 4751 921 4790 tune
939 4740 1029 4790 mulier
1081 4757 1147 4792 notite
1164 4745 1264 4808 enpanti
1338 4745 1372 4794 30
1390 4742 1457 4808 Ergo
1474 4737 1588 4790 est-ii
1661 4777 1662 4784 ι

315 4817 361 4852 nee
379 4817 429 4852 non
448 4813 472 4855 et
489 4806 657 4871 mancipium,
676 4808 711 4870 cf.
729 4808 819 4872 Pomp.
837 4812 854 4859 i.
873 4810 890 4862 t.
907 4810 941 4858 29
954 4813 1012 4860 -32
1081 4812 1113 4861 32
1132 4812 1294 4876 respondenc
