3390 5444
290 379 294 386 ·
327 354 389 422 130
840 347 908 408 aas
926 331 1102 407 auourua

325 553 396 626 aput
422 545 542 607 Latinos
570 541 628 616 doe
656 546 687 604 in
715 541 760 603 dis
788 539 968 605 conuertunt
990 551 1019 603 et
1043 544 1148 604 tertiae
1176 540 1382 603 declinationis
1404 550 1485 611 sunt,
1506 550 1536 600 ut
1555 539 1604 602 ot

325 643 445 718 δίπους
477 645 538 706 τοῦ
573 641 754 716 Οἰδίποδος
782 643 829 706 bic
858 644 990 724 Oedipus
1018 643 1105 705 lanius
1134 641 1310 724 Oedipodis,
1339 645 1383 704 sic
1412 627 1603 721 Μελάμπους

324 745 387 808 τοῦ
409 743 638 826 Μελάμποδος
660 746 708 808 bic
730 746 894 825 Melampus
917 744 1005 806 huius
1027 743 1230 826 Melampodis.

407 849 569 926 llucusque
597 849 817 909 Priscianus
850 846 887 907 de
921 854 1025 926 quarta
1053 846 1251 908 declinatione
1280 848 1335 908 ista
1364 845 1505 908 disseruit
1529 854 1556 906 et
1576 850 1601 908 in

322 951 425 1029 regula
454 958 577 1030 quartae
607 949 811 1010 declinationis
840 946 927 1010 etiam
950 947 999 1009 illa
1024 950 1143 1010 nomina
1165 950 1195 1009 in
1218 967 1254 1010 us
1276 949 1456 1022 desinentia,
1484 965 1554 1025 quae
1573 949 1618 1008 ads

322 1051 483 1112 secundam
512 1051 560 1112 uel
589 1052 626 1113 ad
653 1053 771 1111 tertiam
799 1048 1027 1112 declinationem
1050 1052 1200 1130 pertinere
1222 1049 1347 1120 debunt,
1376 1048 1512 1112 ostendit.
1552 1049 1601 1110 lloc

323 1161 421 1214 autem
444 1153 585 1214 adnotare
608 1151 765 1221 debemus,
795 1150 874 1232 quod
897 1151 1010 1213 nullum
1034 1169 1142 1213 nomen
1165 1160 1286 1231 quartae
1309 1151 1515 1213 declinationis
1535 1168 1600 1210 com·
1668 1125 1669 1152 ³

322 1274 411 1317 mune
441 1256 568 1316 duorum
596 1252 645 1314 uel
673 1255 761 1314 trium
785 1271 927 1332 generum
951 1261 1002 1314 aut
1024 1255 1225 1332 promiscuum
1248 1252 1296 1314 uel
1318 1255 1466 1315 incertum
1489 1253 1601 1313 inueniri

322 1365 431 1437 potest,
462 1375 518 1418 nec
546 1362 696 1418 neutrum·
713 1354 805 1416 ullum
836 1373 944 1416 nomen
973 1355 1004 1415 in
1032 1373 1068 1414 us
1095 1363 1217 1433 quartae
1239 1353 1461 1422 declinationis,
1489 1355 1599 1423 nisiae,

321 1461 448 1540 quaein
474 1478 491 1520 u
514 1459 722 1524 terminantur,
752 1475 808 1516 nec
836 1455 955 1518 mobilia
985 1459 1065 1518 inter
1093 1456 1151 1517 duo
1180 1465 1230 1518 aut
1251 1459 1306 1516 tria
1329 1474 1439 1535 genera
1463 1457 1493 1515 in
1515 1463 1600 1534 quarta
1610 1470 1625 1507 a

321 1561 522 1622 declinatione
545 1560 677 1621 inueniri
698 1566 839 1637 possunt,
863 1560 920 1619 nisi
944 1559 1064 1619 nomina
1087 1560 1251 1639 participiis
1274 1557 1398 1626 similia,
1422 1575 1497 1636 quae
1518 1566 1600 1618 tamen

320 1665 376 1723 lira
405 1671 435 1724 ct
462 1663 549 1723 sortia
578 1669 659 1731 sunt,
689 1660 806 1738 quando
836 1668 959 1737 quartae
988 1631 1195 1721 declinationis
1223 1661 1348 1730 luerint,
1378 1659 1497 1738 quando
1518 1666 1600 1719 autem

319 1767 478 1844 participia
508 1761 627 1824 mobilia
656 1771 739 1831 sunt,
773 1762 838 1821 sine
867 1760 957 1821 dubio
986 1761 1135 1822 secundae
1166 1759 1374 1822 declinationis
1411 1762 1494 1821 siunt.
1540 1760 1600 1820 ltem

319 1867 396 1926 scire
419 1865 525 1925 debes:
548 1866 578 1924 in
601 1861 772 1924 nominibus
787 1871 910 1940 quartae
933 1862 1138 1924 declinationis
1160 1871 1212 1923 aut
1232 1861 1345 1924 nullum
1369 1871 1420 1922 aut
1442 1879 1510 1922 raro
1530 1863 1600 1921 inue-

318 1969 384 2028 nies
406 1983 516 2026 nomen
539 1951 716 2026 aduerbium
740 1981 755 2024 a
777 1982 809 2025 se
832 1965 953 2025 iaciens.
1611 1973 1627 2012 1⁵

404 2101 537 2172 Quintae
553 2098 760 2162 declinationis
782 2101 901 2160 nomina
924 2107 995 2179 quot
1022 2119 1132 2179 genera
1154 2100 1265 2162 babent
1287 2108 1317 2162 et
1339 2109 1411 2178 quot
1435 2100 1600 2161 terminatio·

319 2222 372 2264 nos
396 2212 425 2263 et
446 2211 518 2282 quot
540 2199 709 2262 terminales
730 2200 863 2263 litteras?
891 2201 997 2263 Omnia
1020 2203 1139 2263 nomina
1161 2205 1283 2282 quintae
1305 2195 1511 2262 declinationis
1525 2219 1600 2262 unam

319 2306 558 2366 terminationem
583 2301 694 2363 habere
716 2303 866 2374 uidentur,
890 2302 947 2364 hoc
971 2311 1082 2373 estes,
1113 2312 1143 2364 et
1164 2323 1251 2365 unam
1275 2303 1407 2364 litteram
1430 2301 1599 2365 terminalem

317 2426 345 2476 s,
370 2413 406 2470 et.
422 2425 512 2467 unum
535 2423 645 2483 genus,
668 2402 725 2465 boc
749 2412 795 2465 est
816 2404 1002 2465 femininum.
1048 2405 1152 2467 Omnia
1176 2407 1254 2466 anim
1277 2407 1398 2466 nomina
1421 2407 1540 2483 quintae
1559 2405 1601 2465 de·

318 2507 483 2570 clinationis
505 2507 647 2568 feminina
671 2513 741 2567 sunt
762 2507 791 2566 in
816 2525 847 2568 es
868 2507 1043 2586 productam
1066 2505 1245 2576 desinentia,
1270 2519 1393 2587 excepto
1409 2526 1470 2568 uno
1485 2509 1628 2579 nominer

322 2609 400 2689 quod
422 2611 531 2669 incerti
553 2609 673 2688 generis
696 2625 761 2668 esse
783 2607 899 2679 dicitur,
923 2615 957 2669 ut
978 2608 1026 2669 bic
1049 2615 1079 2670 et
1100 2608 1174 2668 baec
1196 2607 1274 2680 dies,
1303 2608 1355 2669 sed
1377 2610 1408 2668 in
1431 2606 1535 2689 plurali
1557 2626 1601 2668 au·

319 2730 403 2773 mero
426 2707 584 2771 masculini
607 2711 740 2787 generis,
769 2708 806 2769 de
829 2729 889 2790 quo
912 2710 1031 2771 nomine
1053 2717 1155 2789 postea
1179 2710 1313 2772 dicemus
1336 2718 1364 2772 et
1387 2728 1423 2770 ex
1446 2727 1481 2770 eo
1503 2727 1600 2788 conpo-

317 2815 405 2874 situm
428 2830 519 2874 unum
544 2811 754 2880 masculinum,
784 2820 816 2873 ut
844 2812 892 2871 hic
915 2811 1053 2872 meridios
1077 2811 1164 2873 buius
1187 2812 1330 2872 meridiei.
1376 2810 1418 2872 lle
1440 2810 1495 2872 hac
1516 2819 1601 2871 autem

317 2916 419 2995 quinta
442 2913 638 2974 declinatione
662 2911 838 2974 Claudius
866 2915 905 2974 ita
928 2915 1114 2992 pronuntiat:
1153 2912 1311 2984 Quintae
1340 2911 1601 2974 declinationis

318 3017 464 3076 nomina
494 3024 595 3084 sunt,
625 3033 777 3094 quorum
807 3016 1008 3094 genetiuus
1037 3013 1245 3094 singularis
1272 3017 1309 3076 in
1334 3015 1368 3074 ei
1391 3013 1542 3082 desinit,
1569 3021 1629 3072 ut²⁵

318 3118 407 3179 haec
440 3117 589 3198 species
619 3115 730 3176 huius
762 3117 924 3194 speciei:
960 3117 1070 3179 buius
1106 3117 1364 3178 nominatiuus
1400 3113 1602 3177 huiusmodi

309 3238 465 3299 semper
501 3217 728 3297 producitur
765 3219 800 3277 in
837 3217 967 3278 ultima
998 3216 1154 3299 syllaba,
1185 3228 1224 3280 ut
1257 3219 1347 3280 haec
1375 3221 1476 3280 acies
1503 3217 1601 3279 huius

316 3323 422 3383 aciei.
468 3321 551 3381 llanc
579 3317 713 3381 nonnulli
738 3321 883 3396 quintam,
916 3318 1049 3381 nonnulli
1072 3320 1290 3382 circumflexam
1314 3322 1479 3381 nominant.
1522 3317 1602 3379 Nobis

318 3433 414 3484 tamen
438 3424 539 3503 quinta
563 3421 756 3502 adprobanda
778 3428 822 3482 est
845 3431 968 3502 propter
991 3422 1125 3484 ordinem
1143 3429 1173 3484 et
1187 3439 1344 3482 numerum
1359 3420 1514 3489 uocalium,
1535 3437 1600 3499 quae

316 3535 387 3585 sunt
408 3525 554 3604 quinque,
585 3542 599 3583 a
624 3521 732 3601 quibus
754 3522 888 3584 ordinem
912 3531 1093 3604 aeceperunt
1116 3527 1246 3604 quinque
1270 3522 1494 3584 declinationes.
1535 3521 1630 3582 trema

317 3625 536 3686 Priscianus
569 3625 655 3686 dicit:
689 3625 804 3703 ‘quinta
834 3623 990 3687 declinatio
1018 3624 1109 3687 babet
1136 3643 1224 3687 unam
1252 3625 1492 3687 terminationem
1519 3627 1547 3685 ia
1573 3639 1600 3681 es

316 3726 506 3806 productam,
530 3727 614 3789 cuius
636 3728 792 3804 genetiuus
815 3729 844 3788 in
869 3728 896 3788 ei
919 3727 1029 3788 diuisas
1052 3725 1179 3807 syllabas
1199 3727 1323 3802 desinit,
1346 3734 1379 3788 ut
1401 3727 1449 3789 hic
1471 3723 1600 3787 meridies

316 3828 404 3889 liuius
427 3827 592 3888 meridiei'.
635 3828 761 3899 Quintae
785 3828 990 3891 declinationis
1012 3846 1088 3910 quac
1111 3837 1155 3890 est
1177 3829 1306 3908 agnitio?
1339 3827 1420 3889 llaec
1443 3836 1499 3889 est:
1526 3825 1600 3887 cuius

316 3931 516 3992 nominatiuus
540 3939 567 3990 et
591 3931 745 3992 uocatiuus
767 3930 925 4009 singularis
947 3938 977 3991 et
999 3932 1198 3992 nominatiuus
1213 3938 1243 3992 et
1257 3932 1452 3992 accaoctiuos
1474 3936 1501 3990 et
1521 3945 1600 3988 uoca-

316 4033 395 4092 tiuus
418 4031 541 4111 pluralis
563 4033 594 4092 in
616 4050 649 4091 es
671 4031 847 4111 productam
870 4051 989 4112 semper
1010 4032 1163 4102 desinunt,
1188 4040 1222 4093 ut
1242 4031 1316 4092 baec
1338 4032 1429 4092 iacies
1444 4038 1475 4092 et
1488 4049 1505 4091 ο
1518 4029 1628 4089 iacies³⁵
1668 4021 1669 4040 ¹

316 4142 345 4194 et
368 4134 423 4194 hae
445 4134 536 4195 iacies
558 4132 663 4194 athas
686 4134 776 4195 iacies
798 4143 828 4196 et
850 4154 868 4197 o
890 4135 995 4204 lacies;
1019 4135 1176 4217 genetiuus
1198 4142 1296 4196 autem
1320 4141 1350 4195 et
1370 4133 1488 4196 datiuus
1508 4131 1597 4208 singu·

315 4233 386 4296 laris
414 4236 534 4312 quintae
564 4233 771 4297 declinationis
797 4237 829 4297 in
857 4237 885 4298 ei
913 4237 1023 4297 diuisas
1056 4233 1183 4316 syllabas
1213 4237 1427 4307 terminantur,
1461 4243 1493 4297 ut
1520 4233 1598 4294 buius
1668 4239 1669 4292 l

385 4419 511 4471 lletinus
564 4387 592 4470 nl
609 4411 705 4487 ydyyto
725 4409 832 4486 yehuius
851 4417 1062 4487 oyAyr'l'OAOC
1080 4423 1120 4472 hio
1138 4432 1162 4474 et
1179 4439 1229 4489 pus
1247 4421 1324 4473 huius
1342 4423 1476 4489 codipodis
1534 4419 1597 4468 isio
1668 4387 1669 4406 l

313 4489 455 4554 melampos
474 4488 550 4538 liuius
569 4490 738 4555 melampodis
757 4489 798 4539 bie
814 4491 956 4556 melampus
975 4490 1051 4541 lmine
1069 4491 1238 4557 melampodis
1300 4490 1444 4541 ddeseruit
1492 4491 1597 4550 aquare
1668 4523 1669 4560 y

313 4557 481 4608 dctertiam
549 4557 697 4608 8inuenire
766 4559 846 4607 ilaec
863 4557 924 4607 nurir
945 4558 1021 4608 ullum
1090 4559 1260 4610 declinatione
1345 4561 1376 4608 11
1396 4559 1507 4608 inuenire
1569 4554 1596 4602 16
1668 4569 1669 4572 ’

314 4625 393 4688 qnod,
413 4633 453 4675 ter
522 4627 553 4675 19
571 4637 690 4676 etnnum
709 4641 793 4691 genus
812 4638 837 4676 et
854 4641 932 4675 rmum
950 4641 1032 4692 genus
1084 4629 1117 4677 22
1135 4627 1239 4678 nomina
1291 4623 1393 4694 postea]
1413 4623 1596 4692 rs.p,133,li
1668 4625 1669 4686 l

314 4694 347 4742 at
366 4691 498 4758 Clarrdins]
519 4694 576 4742 Noa
594 4701 669 4744 extat
685 4696 726 4744 dic
743 4697 813 4745 laeuo
829 4697 855 4744 in
873 4695 984 4745 editione
1006 4695 1204 4748 Vindoboneart'.
1272 4696 1381 4744 dicimus
1454 4695 1486 4744 33
1503 4689 1597 4740 meridie
1668 4687 1669 4728 l

314 4761 347 4810 ‘27
365 4760 397 4810 he
415 4763 481 4810 acies
550 4763 581 4810 31
601 4758 759 4826 Priscianus]
777 4763 811 4824 ef.
830 4764 862 4812 de
879 4764 975 4813 nomine
994 4769 1042 4814 etr.
1059 4781 1086 4829 p.
1101 4766 1161 4828 447,
1174 4767 1221 4819 1⁶:
1240 4764 1299 4824 443,
1312 4765 1349 4813 33
1395 4760 1595 4818 terminationem,
1668 4763 1669 4808 l

314 4843 361 4880 om.
381 4829 406 4876 in
474 4831 508 4878 33
525 4829 568 4890 qui
587 4839 626 4878 est
694 4832 727 4880 34
745 4839 769 4881 et
785 4832 947 4880 accusatiuus
965 4847 1012 4884 om.
1081 4834 1114 4882 33
1132 4832 1259 4882 desinicut
1326 4831 1360 4881 3ss
1378 4841 1402 4880 et
1420 4827 1477 4893 bas]
1495 4839 1520 4877 et
1537 4842 1564 4876 es
