3464 5446
335 341 471 390 LXXVIII
777 327 1009 380 COMMEN'I'VM
1032 327 1179 380 SEDVLII

334 523 435 592 366616
455 514 608 588 resalutati
631 523 676 592 16,
695 522 748 585 22,·
774 523 820 590 20,
839 523 874 586 3,·
905 524 950 593 21,
969 523 1013 575 21.
1038 521 1093 585 32,·
1117 521 1163 588 311,
1184 522 1281 586 2.12;
1305 521 1352 590 31,
1371 521 1486 585 2-12;
1510 522 1557 589 32,
1578 522 1626 574 27.

336 625 373 678 35
380 637 392 687 ;
415 625 464 692 36,
484 625 529 694 23,
552 619 634 692 qaod
652 625 686 677 at
706 625 788 678 recte
807 616 879 690 fieri
894 625 1010 695 666661,
1036 615 1200 691 attinentur
1222 615 1324 678 amnia
1345 613 1379 676 in
1402 634 1502 678 amnes
1518 623 1629 693 partes

335 718 473 780 uersauit
490 716 766 796 pmualutauitqae,
783 720 827 793 cs.
842 737 874 797 6.
891 727 938 797 26,
956 727 1092 789 16-33,·
1109 737 1145 796 6.
1164 727 1213 792 34,
1234 727 1285 788 17,·
1309 726 1357 795 36,
1377 725 1429 787 18;
1451 725 1501 793 36,
1519 726 1626 778 6-12.

337 821 413 892 (lain
440 825 530 882 ettam
557 823 600 881 ad
626 819 763 882 codicum
792 821 898 884 uarias
925 820 1099 899 scripturas
1127 823 1326 882 recensendas
1353 829 1382 882 et
1408 818 1630 882 diiudicandus

335 921 476 999 66616661
494 941 527 1000 p.
546 929 597 990 36,
622 929 655 992 2,·
680 930 731 996 31,
756 931 885 999 261666
908 925 1065 997 audacter,
1095 921 1443 1000 66666616666661666
1464 921 1630 984 66666666·

335 1033 430 1099 retar,
455 1022 575 1086 sustulit
596 1033 625 1085 et
645 1023 818 1086 emendaait
836 1042 869 1101 6.
887 1033 933 1100 31,
953 1033 980 1086 6.
1011 1027 1053 1087 16
1065 1043 1182 1102 666666
1204 1024 1374 1104 dicendam,
1397 1043 1457 1087 nan
1479 1023 1631 1086 mediocri

335 1145 402 1188 eum
416 1124 563 1188 sermonis
579 1125 832 1188 Graeciscientiu
846 1125 982 1188 inbutum
997 1125 1099 1189 uideri
1105 1148 1116 1198 ;
1131 1129 1192 1188 1666
1206 1126 1339 1202 reseras,
1355 1145 1434 1202 6666
1449 1131 1486 1188 66
1502 1126 1630 1190 Graecis

335 1227 601 1302 coniuaationilras
622 1230 709 1290 hund
727 1227 850 1290 indocte
871 1227 1041 1307 6666616661
1058 1248 1093 1307 6.
1111 1237 1191 1288 3-6
1211 1237 1302 1304 61666
1321 1228 1413 1305 61166,
1438 1231 1521 1306 quad
1536 1231 1630 1289 Grae-

335 1347 442 1392 carum
466 1334 638 1407 ficararam
664 1347 748 1392 usum
772 1334 871 1408 666166
895 1329 1074 1407 6666666666
1100 1333 1270 1393 credendus
1296 1339 1354 1406 661,
1384 1331 1430 1405 cs.
1454 1349 1490 1408 p.
1516 1338 1550 1408 2,
1577 1339 1613 1390 14
1618 1351 1630 1398 ;

339 1439 384 1509 22,
402 1440 435 1501 6;
461 1439 625 1507 24,1.11,·
651 1439 697 1507 28,
716 1439 755 1492 34
760 1453 771 1503 ,·
795 1440 843 1508 36,
864 1441 910 1494 26.
948 1437 985 1494 Vt
998 1432 1032 1495 in
1053 1432 1228 1494 uniuersum
1251 1433 1368 1510 dicam,
1391 1431 1467 1510 6666
1486 1430 1627 1504 sentiam,

336 1533 432 1595 lilrelli
447 1542 554 1596 auctor
573 1552 633 1611 666
648 1534 833 1609 difficultate
847 1543 937 1611 atque
953 1539 1048 1596 nimia
1069 1535 1117 1596 rei
1138 1534 1305 1598 subtilitate
1326 1534 1504 1613 interpretis
1524 1533 1632 1609 officia

337 1654 396 1697 non
422 1639 500 1697 male
522 1637 707 1713 perfunctus
734 1645 793 1708 est;
821 1641 874 1699 cai
893 1635 921 1699 si
942 1635 1068 1700 dicendi
1094 1639 1244 1714 quandam
1265 1641 1444 1713 latratorem
1465 1635 1631 1698 sententia-

337 1757 461 1814 rumque
481 1740 620 1801 crebram
642 1738 852 1816 repetitionem
874 1737 951 1800 uitio
973 1748 1091 1815 uertas,
1114 1747 1197 1801 recte
1218 1747 1250 1800 ta
1271 1738 1352 1800 illud
1372 1739 1507 1814 quidem:
1535 1755 1633 1814 neque

337 1849 436 1902 tamen
460 1839 632 1916 6666666616
652 1839 750 1918 666666
771 1859 913 1917 mannam
934 1859 997 1902 6666
1017 1840 1187 1902 exilitatem
1208 1839 1384 1917 6666666666.

423 1943 519 2019 Atque
540 1961 580 2004 66
601 1945 657 2004 nac
678 1950 814 2006 tractatu
837 1949 1009 2021 flammant,
1038 1961 1115 2018 6666
1141 1940 1175 2004 in
1196 1941 1303 2006 codice
1325 1941 1543 2018 Banaberaensi
1564 1960 1634 2003 cor-

338 2053 427 2121 rupte
447 2044 620 2121 subscripta
642 2063 705 2106 esse
727 2045 826 2119 refert
847 2047 886 2106 11.
903 2044 1024 2106 11661666
1044 2044 1149 2121 praes.
1166 2048 1210 2106 66
1223 2043 1371 2121 Eutychis
1392 2054 1488 2106 artem
1504 2063 1540 2120 6.
1556 2053 1637 2104 446·

339 2145 495 2208 ‘Eaticius
515 2147 815 2223 6616666666666666
828 2181 871 2194 ν-
888 2149 988 2210 nutes
1010 2146 1090 2208 enn'm
1111 2165 1276 2224 6666666666
1299 2150 1337 2208 66
1358 2145 1520 2223 6666666666
1542 2164 1637 2208 66666-

338 2257 423 2324 tam’,
448 2249 492 2323 cs.
511 2268 546 2326 6.
572 2257 597 2325 1,
618 2258 654 2310 14
669 2284 712 2294 -
728 2257 754 2324 2,
774 2257 801 2310 3.

902 2431 986 2497 Cas.
1011 2433 1070 2498 IV.

455 2551 545 2629 QVA
568 2550 745 2616 AETATE
768 2549 900 2615 LIBER
922 2549 1127 2618 SORIPTVS
1149 2550 1254 2618 ESSE
1278 2550 1516 2617 VIDEATVR.

423 2693 513 2754 Hunc
534 2691 632 2767 666166
653 2690 809 2753 Sednlium
835 2693 1068 2767 yrammatr'cum
1095 2689 1214 2784 61666666
1235 2693 1361 2754 eandem
1383 2709 1446 2752 6666
1467 2698 1639 2752 statuamus

339 2803 428 2869 atque
454 2793 555 2862 illum.
584 2793 671 2855 66666
699 2795 750 2853 ‘de
770 2791 939 2855 rectoribus
961 2791 1162 2854 Christianis'
1190 2792 1509 2856 1666116666.166666
1536 2792 1638 2854 edidit

338 2895 447 2972 Spicil.
464 2897 550 2958 llam.
574 2896 657 2956 VIII
670 2912 704 2970 6.
726 2903 828 2968 1-66,
853 2894 916 2956 iam
938 2896 977 2957 de
997 2894 1123 2957 allerias
1144 2894 1276 2957 nominis
1298 2895 1419 2972 ‘Scoti',
1442 2897 1522 2971 qaod
1544 2899 1638 2970 66666

340 2996 481 3074 additur,
508 2998 570 3070 fide
599 2995 737 3058 dubitari
764 2996 851 3068 licet,
879 2996 952 3072 6666
980 2999 1037 3058 1666
1064 3015 1158 3073 neque
1185 3005 1259 3058 16616
1286 2996 1374 3058 Maia
1392 2996 1497 3074 praef.
1531 2998 1573 3056 VI
1600 2997 1635 3056 in
1719 3083 1720 3088 γ

341 3098 481 3160 Galdasti
515 3097 622 3160 666666
649 3098 912 3175 116666166666666,
952 3117 1009 3174 qna
1040 3098 1288 3161 ‘desertoribus
1317 3097 1516 3160 Christianis’
1546 3115 1636 3174 6666-

339 3204 438 3262 culam
470 3200 659 3276 continetur,
694 3219 790 3278 66666
821 3201 854 3262 in
887 3201 992 3262 codice
1019 3201 1048 3260 B
1075 3201 1197 3277 1666166.
1243 3203 1321 3262 ,llam
1352 3206 1383 3262 tn
1410 3201 1515 3261 codice
1546 3199 1638 3260 Tari-

339 3307 423 3365 censi
450 3305 550 3364 nullas
581 3306 701 3366 amntno
731 3305 817 3364 adest
846 3306 957 3364 titulus.
1002 3303 1065 3364 Sed
1095 3313 1152 3380 661,
1188 3322 1245 3365 cur
1276 3306 1400 3364 eandem
1433 3319 1496 3362 esse
1522 3300 1636 3362 atrius-

340 3423 397 3481 qne
424 3404 527 3482 666666
554 3414 708 3468 auctorem
737 3405 837 3466 minus
869 3407 1039 3466 credamus.
1084 3407 1187 3481 Neque
1214 3405 1293 3466 enim
1319 3403 1456 3479 fortuitu
1484 3402 1638 3464 accidisse

341 3505 485 3577 arbitror,
507 3511 588 3582 6666
610 3525 630 3567 6
652 3505 790 3582 66666166
813 3507 943 3568 Marone
963 3507 1165 3582 yrammatico
1184 3527 1216 3584 6.
1243 3517 1293 3568 46.
1319 3515 1358 3567 46
1380 3510 1428 3567 ed.
1454 3503 1544 3580 Mai,
1576 3524 1636 3582 qna

340 3611 406 3670 laco
434 3611 471 3670 de
498 3609 630 3670 diuersis
663 3611 823 3671 uerlraram
852 3607 966 3682 formis
998 3607 1183 3686 disputatur,
1207 3608 1330 3686 666666
1357 3606 1476 3669 Sedulii
1502 3607 1637 3668 Romani

339 3710 498 3773 cuiusdam
520 3711 631 3772 mentia
650 3716 699 3786 61,
723 3709 835 3786 Remuli
857 3710 1051 3788 6666666666
1077 3710 1179 3773 nescio
1206 3710 1293 3774 cuim
1315 3710 1515 3772 ariolaticnes
1536 3709 1635 3769 sanis-

340 3813 415 3874 sirna
443 3811 561 3874 iudicia
589 3811 764 3887 refutantis.
810 3815 918 3887 116666
945 3831 1012 3874 cam
1040 3823 1173 3875 austrum
1196 3831 1311 3889 666666
1333 3811 1487 3872 Sedaliam
1509 3811 1542 3872 in
1566 3811 1636 3870 6116-

339 3914 476 3977 strandis
503 3916 664 3976 rterlrarum
686 3914 801 3988 formis
828 3913 977 3976 acerrr'mc
1004 3921 1126 3980 uersari
1144 3914 1253 3976 uideas
1279 3913 1522 3989 meminerimus,
1551 3916 1637 3974 16666

340 4019 543 4094 spernendam
565 4016 595 4078 ei
607 4016 675 4078 uiro
697 4017 876 4092 minimeque
897 4016 1024 4077 similem
1045 4017 1140 4095 illins,
1163 4017 1264 4093 666166
1284 4015 1378 4078 medii
1400 4015 1471 4076 6666
1492 4015 1635 4092 tempori-
1717 4039 1718 4092 g

340 4123 394 4182 1666
417 4122 535 4183 1166616
558 4121 672 4195 166666
694 4127 724 4180 61
746 4119 903 4181 Ludcuica
931 4119 1270 4196 66666666161666166666
1291 4117 1496 4196 pernoscitur,
1519 4116 1635 4178 dactri-

341 4241 411 4284 nam
443 4222 555 4301 inesse,
584 4219 686 4295 facile
717 4221 850 4284 animwn
881 4229 962 4282 tunm
988 4238 1023 4282 ea
1053 4219 1195 4290 inclines,
1229 4229 1262 4282 61
1288 4222 1368 4281 lianc
1401 4219 1499 4296 666666
1534 4217 1635 4280 666666

341 4327 504 4386 66616666
532 4322 669 4400 Vera-itio
701 4341 817 4399 666666
845 4326 976 4384 Marone
1003 4322 1131 4384 laudari
1162 4326 1281 4384 credas.
1332 4321 1500 4396 Verailimn
1535 4329 1635 4382 661666

339 4426 572 4503 6666666166666
588 4427 746 4501 aliquanta
762 4435 833 4488 ante
846 4423 959 4486 Karali
976 4424 1087 4500 1116666
1105 4435 1241 4502 tempora
1256 4423 1372 4486 uicisse
1392 4441 1492 4500 66666·
1512 4441 1533 4483 6
1556 4423 1638 4484 uiris

342 4527 439 4590 doctis
461 4531 693 4590 demonstratam
716 4535 769 4589 661.
777 4525 809 4610 *)
854 4530 978 4602 Itaque,
1008 4545 1188 4602 quamquam
1211 4525 1435 4603 Eutycltianam
1457 4536 1636 4587 commenta-
1716 4511 1717 4580 6

409 4749 435 4814 *6
454 4749 491 4800 CI.
511 4749 585 4800 Keilii
603 4765 689 4816 progr.
710 4749 813 4818 Eriang.
832 4749 898 4801 1868
916 4764 942 4814 p.
957 4749 973 4800 5
991 4757 1043 4799 not.
1063 4758 1087 4798 st
1105 4747 1188 4798 Caroli
1205 4747 1311 4799 Thuroti
1330 4757 1450 4814 excerpta
1468 4749 1636 4815 grammatica

341 4817 359 4873 I.
372 4817 389 4871 I.
408 4817 532 4870 ε16616616
550 4819 595 4869 dei
615 4820 768 4870 manuscrits
787 4821 819 4870 de
837 4818 861 4868 la
879 4816 1051 4882 biblioth'equs
1070 4817 1213 4884 Impe'rmle'
1233 4829 1293 4868 tom.
1314 4815 1388 4868 XXII
1407 4828 1472 4884 part.
1490 4819 1506 4868 2
1525 4833 1553 4883 6,
1571 4819 1615 4872 61.
