3390 5444
321 337 384 401 140
446 301 449 315 ’
832 339 900 390 nos
920 336 1094 388 nuourun
1154 341 1158 347 ¹

318 537 401 608 parte
424 527 620 597 declinantur,
650 535 682 588 ut
709 527 841 614 quisquis
868 526 1039 588 cadmcuius
1067 525 1166 588 euicui
1194 541 1373 605 quemquem
1400 543 1417 583 o
1443 526 1604 601 quisquisa

318 649 436 710 quoquo
466 637 495 690 et
521 627 675 709 pluraliter
709 629 812 708 quiqui
849 644 1103 708 quorumquorum
1135 627 1352 708 quibusquibus
1392 625 1440 686 uel
1476 627 1603 706 quisquis

318 750 468 810 quosquos
491 751 508 790 o
531 724 635 807 quique·
648 749 664 791 a
679 729 908 811 quibusquibus.
953 730 1036 809 Apud
1054 729 1267 792 Ciceronem
1290 729 1445 789 inuenitur
1465 728 1505 788 sic
1519 724 1603 788 decli·

318 841 419 893 natorn
443 831 686 893 ‘cuicuimodi
711 833 783 892 est’
812 840 842 891 et
869 830 948 910 apud
971 831 1187 892 Terentium
1210 832 1250 892 ita
1273 815 1440 891 inuenitur:
1470 834 1602 906 ‘queru-

317 951 424 1014 qnem
452 942 586 994 nancta
617 935 697 994 sis’.
744 932 815 993 ltem
843 940 913 994 sunt
940 935 1133 1012 pronomina,
1162 949 1239 1013 quae
1261 933 1364 1010 priore
1393 939 1504 992 tantum
1527 940 1622 1010 portet

317 1034 557 1098 declinanturet
580 1036 743 1114 posteriore
766 1052 826 1095 non
851 1034 1038 1096 declinantur
1059 1081 1243 1097 ......
1264 1035 1331 1110 quis
1354 1050 1426 1094 uero
1449 1032 1603 1094 declinetur

319 1133 508 1218 llilllitll.
553 1135 627 1197 ltem
651 1136 834 1215 Virgilius
854 1135 953 1196 Maro
975 1135 1062 1196 dixit:
1094 1134 1322 1214 quorundam
1352 1136 1603 1214 pronominum

318 1240 621 1318 compositiones
643 1246 707 1299 ant
728 1245 1029 1317 praeponuntur,
1054 1246 1091 1297 nt
1113 1235 1256 1314 aliquis
1279 1238 1420 1315 siquis:
1444 1243 1506 1296 aut
1527 1235 1604 1296 sub·

317 1342 543 1417 iunguntur,
573 1347 612 1401 ut
640 1339 790 1419 quidam
820 1345 975 1417 egomet.
1018 1337 1109 1400 blulta
1136 1339 1283 1416 siquidem
1305 1339 1483 1418 pronomine
1505 1355 1605 1416 conpo-

317 1451 439 1517 nuntur,
461 1447 494 1502 ut
516 1447 632 1518 egomet
653 1447 749 1502 tumet
769 1441 853 1502 hicce
875 1441 984 1502 haecce
1006 1440 1098 1502 hocce
1121 1441 1255 1520 quisquis
1277 1457 1431 1520 quaequae
1453 1438 1604 1519 quodquod
1616 1453 1633 1488 ιν

318 1541 366 1602 uel
394 1541 549 1623 quicquid,
578 1543 714 1621 quisnam
743 1559 887 1620 quaenam
916 1544 1082 1619 quodnam,
1112 1540 1253 1622 quislibet
1279 1539 1429 1620 quaelibet
1450 1539 1604 1618 quodlibet,

319 1645 513 1723 quiscumque
530 1660 734 1722 quaecumque
749 1645 972 1724 quodcumque,
996 1645 1124 1721 quisquo
1140 1660 1274 1723 quaeque
1296 1641 1443 1723 qnodque,
1468 1643 1604 1722 quispiam

319 1747 475 1825 quaepiam
506 1745 664 1826 quodpiam
696 1745 744 1807 uel
772 1745 939 1826 quidpiam,
978 1745 1090 1822 quisuis
1127 1746 1251 1824 quaeuis
1285 1743 1425 1824 quodnis,
1459 1745 1605 1824 quisquam

318 1864 483 1926 quaequam
507 1847 684 1928 quodquam.
720 1846 988 1924 lternVirgllius
1010 1847 1118 1908 iterum
1142 1847 1178 1908 de
1201 1844 1430 1926 pronominibus
1452 1847 1606 1924 conpositis

318 1947 405 2008 dixit:
436 1966 501 2025 ego
530 1965 735 2028 pronomen
765 1949 914 2009 linitum
943 1949 1228 2026 conpositiones
1257 1946 1348 2008 duas
1369 1947 1525 2026 recipit:
1555 1943 1635 2008 nelo

318 2066 396 2109 eum
420 2047 515 2110 illud
539 2047 775 2129 duplicatur,
799 2056 838 2110 ut
860 2066 1015 2128 egoego,
1032 2047 1092 2110 uel
1115 2067 1194 2110 oum
1218 2058 1291 2110 met
1313 2047 1494 2129 syllabam
1517 2049 1607 2108 reci·
1676 2033 1677 2102 i

318 2151 387 2229 pit,
410 2160 449 2210 ut
470 2159 629 2228 egomet:
652 2152 706 2211 sic
728 2159 809 2212 tutu
831 2157 961 2219 tumet,
984 2168 1067 2212 sese
1090 2160 1216 2212 semet.
1254 2149 1331 2211 Sunt
1351 2152 1423 2211 item
1439 2149 1607 2230 pronomina

318 2250 531 2329 interrogatiua
559 2253 713 2331 conposita
741 2270 808 2313 cum
835 2250 977 2312 aduerbio
1006 2252 1209 2330 interrogandi
1232 2270 1284 2322 ne,
1316 2261 1348 2313 ut
1369 2251 1469 2312 hicine
1491 2249 1607 2313 haecine

318 2351 439 2421 hocine:
455 2353 497 2412 sic
513 2353 591 2413 enirn
607 2352 735 2416 dicimus
756 2353 869 2423 hicine,
893 2353 1076 2432 qnasibicne,
1099 2352 1223 2414 haecine
1238 2354 1365 2424 haecne,
1387 2352 1493 2415 hocine
1508 2351 1606 2412 hocne.

317 2453 351 2514 ln
375 2452 666 2516 Deuteronomio
689 2454 810 2533 legitur:
839 2452 996 2516 haecine
1018 2454 1154 2516 reddes
1182 2454 1353 2516 domino?
1380 2454 1463 2535 quasi
1490 2453 1635 2514 inissem

317 2554 528 2634 interrogando
551 2561 663 2619 ‘nonne
685 2556 758 2618 haec
780 2554 888 2617 reddes
911 2554 1068 2618 domino‘l’
1105 2555 1178 2616 ltenr
1201 2556 1280 2619 lram
1302 2575 1356 2617 rex
1378 2555 1449 2635 Tyri
1471 2553 1507 2622 ad
1531 2553 1606 2616 Salo·

318 2672 438 2716 monem
466 2654 556 2718 dixit:
589 2657 745 2720 haecine
778 2659 972 2727 ciuitates,
1006 2675 1095 2736 quas
1123 2656 1263 2720 dedisti
1301 2657 1408 2719 mihi?
1436 2656 1489 2718 Est
1517 2665 1606 2718 autem

317 2775 410 2818 unum
439 2775 605 2837 pronomen
634 2760 818 2838 conpositum
847 2777 883 2820 ex
906 2757 1022 2820 duobus
1050 2761 1214 2840 corruptis,
1244 2768 1277 2822 ut
1304 2759 1399 2830 idem,
1428 2757 1506 2820 idest
1532 2760 1557 2818 is
1583 2767 1607 2818 et

319 2859 417 2920 homo.
461 2858 534 2920 lnde
560 2860 732 2922 lsidorus
760 2858 848 2920 dixit:
879 2861 927 2921 ‘is
948 2859 1073 2920 homo’
1103 2862 1335 2942 conpositum
1359 2861 1488 2922 ‘idem’
1513 2860 1605 2921 iacit.

319 2960 361 3020 lle
383 2959 441 3020 hoe
463 2963 640 3039 pronomine
661 2963 751 3022 etiam
773 2961 936 3024 Donatus
958 2960 1045 3023 dixit:
1091 2963 1176 3026 Nam
1205 2962 1314 3032 idem;
1344 2961 1440 3043 quod
1467 2971 1635 3023 constare

319 3079 360 3121 ex
390 3060 531 3122 duobus
560 3064 753 3142 corruptis
780 3063 1030 3143 conpositum,
1060 3081 1139 3126 cnm
1168 3065 1408 3145 producitur,
1437 3062 1606 3124 maseuli·
1675 3091 1676 3118 t

319 3181 402 3224 num
425 3171 481 3224 est
504 3163 655 3232 ‘idem’;
679 3181 756 3224 cum
779 3165 1004 3242 corripitur,
1028 3174 1199 3229 neutrum
1222 3173 1278 3228 est
1300 3165 1441 3227 ‘idem’.
1476 3164 1605 3226 Necnon

318 3265 514 3344 Pompeius
537 3265 652 3326 dehoc
674 3267 852 3345 pronomine
873 3267 913 3328 ita
935 3270 1121 3347 pronuntiat:
1152 3267 1226 3328 ltem
1250 3285 1416 3347 pronomen
1438 3274 1484 3328 est
1506 3269 1605 3330 utrius·

319 3384 377 3446 que
400 3367 516 3429 numeri
538 3384 695 3428 commune
718 3375 748 3428 et
771 3370 925 3445 utriusque
947 3371 1079 3447 generis,
1103 3369 1180 3432 idest
1201 3368 1357 3431 masculini
1380 3377 1411 3430 et
1431 3370 1539 3440 neutri,
1560 3367 1605 3428 sed

320 3467 504 3548 temporibus
536 3476 566 3528 et
597 3469 840 3548 pronuntiatione
872 3469 1060 3532 discernitur.
1112 3471 1192 3532 ldem
1225 3473 1250 3532 si
1284 3469 1416 3533 uolueris
1449 3472 1634 3552 corriperet>

319 3578 457 3631 neutrum
481 3579 540 3641 est,
564 3577 596 3632 ut
617 3569 698 3632 idem
720 3579 854 3650 tempus,
877 3572 957 3633 idem
980 3572 1172 3652 mancipium.
1209 3573 1445 3634 Priscianus:
1471 3574 1525 3633 tria
1547 3581 1604 3632 ton·

319 3678 381 3732 tum
409 3672 487 3732 inter
513 3689 545 3732 se
574 3673 750 3749 pronomina
777 3683 1001 3753 conponuntur,
1031 3673 1087 3735 iste
1115 3674 1179 3744 hic,
1208 3684 1239 3736 ut
1260 3676 1328 3736 istic
1355 3676 1448 3735 istaec
1470 3676 1559 3742 istoc:
1583 3673 1604 3732 is

319 3791 393 3834 uero
416 3791 483 3833 cum
506 3770 649 3834 aduerbio
672 3775 860 3854 conponitur,
883 3783 916 3837 ut
937 3775 1031 3847 idem,
1056 3775 1135 3855 quod
1157 3777 1303 3856 siguificat
1325 3778 1350 3837 is
1372 3785 1403 3837 et
1424 3775 1553 3844 demum,
1574 3791 1605 3834 ex

388 3994 509 4055 iniqui
527 3993 585 4056 quis
603 3993 675 4044 onius
694 3995 735 4044 eui
753 4009 905 4057 quemquem
970 4009 1140 4059 oaquoquo
1208 3997 1351 4058 2quorrun
1420 3994 1603 4058 doaquibus

317 4060 411 4124 quibus
464 4058 624 4127 cyceronem]
645 4062 680 4125 cf.
696 4063 788 4133 ¹Pomp.
806 4081 833 4128 p.
852 4065 904 4112 207
932 4066 967 4114 32
1047 4061 1237 4131 lterrentium]
1258 4065 1294 4128 ef.
1312 4065 1402 4128 Pomp.
1420 4065 1436 4116 l.
1454 4066 1472 4114 l.
1491 4065 1525 4114 29
1570 4063 1601 4109 in·

319 4129 455 4178 ueniuntnr
522 4127 706 4180 bdeclinetur'
747 4130 904 4180 declinentur
936 4133 1066 4182 Lucernam
1083 4134 1192 4197 expleas
1208 4133 1343 4182 secundum
1354 4131 1499 4196 Pompeium
1514 4148 1541 4195 p.
1552 4133 1602 4184 207.

319 4199 366 4248 35:
387 4205 415 4246 ut
432 4208 472 4246 est
488 4195 551 4247 illud
570 4198 715 4264 quispiam,
733 4199 803 4264 piem
821 4214 873 4250 non
891 4199 1032 4250 declinatur
1091 4203 1106 4251 1
1124 4199 1249 4265 Virgilius
1267 4196 1348 4264 Maro]
1368 4199 1426 4249 Non
1442 4200 1529 4250 inueni
1543 4198 1603 4262 apud
1674 4191 1675 4204 ¹

318 4265 424 4315 Maiuau.
511 4267 543 4317 10
560 4265 652 4328 hicque
703 4265 815 4330 haecque
833 4267 933 4329 hocque
1013 4268 1043 4318 11
1062 4268 1192 4330 quodnam
1210 4283 1257 4319 om.
1328 4269 1360 4317 14
1378 4263 1515 4334 Virgilius]
1533 4283 1557 4330 p.
1575 4267 1602 4313 25

318 4333 396 4383 Mai:
416 4331 470 4382 lloc
488 4343 571 4383 temen
590 4348 732 4399 pronomen
754 4336 931 4401 expositiones
953 4335 1018 4385 duas
1041 4336 1133 4400 recipit
1149 4343 1197 4386 ete.
1283 4336 1315 4386 16
1333 4345 1427 4385 metet
1511 4336 1602 4386 litote
1674 4341 1675 4384 l

317 4401 405 4450 Malaca
474 4403 506 4453 18
523 4411 584 4451 neut
601 4401 686 4469 hicine
753 4404 786 4454 20
804 4399 1009 4470 deuteronomio]
1029 4403 1192 4466 xxxlt,o
1242 4405 1274 4452 21
1295 4418 1361 4453 none
1377 4402 1534 4453 hacreddes
1575 4400 1601 4450 21

318 4466 649 4534 lraaeines11lep.19,l3
716 4473 750 4522 28
767 4471 835 4520 idem
853 4470 920 4520 idem
938 4472 960 4520 is
1015 4472 1048 4520 24
1065 4470 1185 4534 isgdorns
1203 4468 1294 4535 dorus]
1313 4473 1353 4521 De
1370 4471 1418 4522 doc
1434 4471 1476 4522 Iri
1528 4471 1601 4526 'locu

318 4539 361 4602 qni
372 4539 398 4587 in
411 4537 550 4600 originibus
559 4551 608 4588 non
618 4545 701 4601 extat,
714 4539 749 4601 ef.
758 4539 861 4603 praefi:
880 4541 931 4589 ‘De
940 4539 1237 4604 Ieidorogrommntieo’.
1279 4537 1407 4588 hishomo
1441 4540 1476 4590 25
1508 4531 1600 4598 enetos]

315 4623 345 4670 p.
364 4607 425 4670 380,
444 4608 479 4654 22
546 4607 580 4656 28
597 4604 748 4673 Pompeius]
765 4621 794 4670 p.
812 4609 871 4670 208,
891 4610 920 4657 1:
950 4619 1092 4673 pronomen
1111 4619 1150 4656 est
1168 4610 1301 4668 utriusque
1318 4607 1429 4672 generis,
1449 4607 1515 4657 idest
1531 4603 1600 4656 neutri

317 4683 342 4721 et
359 4672 504 4736 masculini,
522 4674 568 4724 sed
586 4675 744 4740 temporibus
761 4682 810 4726 etc.
886 4678 920 4727 30
937 4675 1005 4724 ldem
1024 4676 1046 4723 si
1066 4673 1188 4740 uolneris]
1209 4676 1245 4738 rs.
1256 4675 1344 4739 Pomp.
1354 4691 1381 4739 p.
1396 4676 1456 4736 208,
1470 4678 1493 4724 4.
1504 4679 1528 4736 5,
1545 4672 1600 4722 unde

318 4756 368 4789 non
385 4739 484 4790 drabiam
501 4749 552 4805 ert,
571 4740 633 4806 qnia
650 4750 709 4792 onte
728 4744 763 4792 ‘m'
778 4744 899 4795 uoluerie’
917 4746 1009 4794 taenea
1025 4743 1162 4794 statuendo
1178 4745 1220 4795 ait.
1283 4745 1313 4794 31
1332 4741 1490 4809 Priscianus]
1510 4742 1542 4804 rs.
1555 4740 1569 4789 l
1578 4755 1599 4804 p.

318 4809 502 4874 589‚1ireq.
555 4819 607 4858 tres
660 4813 692 4862 32
711 4810 770 4859 item
789 4826 817 4860 se
868 4811 891 4860 is
909 4809 983 4876 uero]
1002 4811 1028 4860 iu
1046 4825 1093 4860 sno
