3400 5450
326 383 367 446 66
841 386 909 437 aas
927 385 1102 445 auourua

325 597 358 650 ut
379 588 475 657 Nero;
501 587 657 670 aliquando
680 587 755 650 duae
777 592 893 670 species
916 590 1069 659 aonidum,
1094 590 1152 651 boc
1174 597 1221 650 εει
1243 607 1408 668 cognomen
1430 607 1612 669 praenomen,

325 699 357 751 ut
385 691 492 752 Sextus
520 689 654 752 Roscius.
703 691 868 771 Aliquando
896 700 958 753 tres
985 694 1114 773 species,
1149 699 1181 754 ut
1207 691 1330 754 Publius
1358 690 1500 770 Virgilius
1526 691 1611 758 Maro:

325 792 484 873 aliquando
512 799 651 870 quattuor
672 797 803 872 species,
834 801 866 856 ut
889 793 1009 856 Publius
1032 794 1188 858 Cornelius
1211 794 1312 872 Scipio
1334 794 1500 855 Africanus.
1546 792 1613 853 llaec

326 895 403 955 enim
432 902 571 975 quattuor
599 897 717 956 nomina
746 913 821 957 unus
849 896 937 956 bomo
968 896 1071 959 babuit
1097 897 1175 957 idest
1197 895 1309 975 Scipio.
1355 895 1438 956 Scias
1467 901 1563 954 tamen
1587 896 1611 953 in

324 995 380 1056 bac
413 997 557 1058 uarietate
591 999 780 1075 propriorum
815 999 984 1068 nominum,
1018 997 1113 1078 quod,
1149 998 1174 1058 si
1202 997 1267 1058 aliis
1296 994 1456 1078 speciebus
1486 997 1631 1066 caruerits

323 1096 402 1159 idest
423 1099 618 1178 praenomine
641 1099 760 1160 nomine
783 1101 954 1177 agnomine,
980 1117 1139 1179 numquam
1156 1100 1334 1178 cognomine
1350 1097 1479 1166 carebit,
1502 1106 1535 1158 ut
1555 1105 1612 1157 sunt

323 1201 444 1280 propria
467 1202 588 1262 nomina
611 1202 756 1262 montium
780 1209 810 1262 ει
831 1201 986 1263 llominum
1011 1209 1040 1262 et
1063 1203 1213 1263 ciuitatum
1231 1210 1261 1262 ει
1276 1200 1437 1262 multorum
1460 1200 1610 1268 bominum,

324 1319 400 1380 quae
430 1320 488 1364 nou
516 1297 631 1364 babent
657 1303 714 1364 nisi
740 1307 947 1382 cognominata
976 1302 1136 1373 uocabula,
1166 1312 1200 1364 ut
1223 1303 1315 1364 Roma
1339 1303 1488 1364 Caucasus
1510 1300 1611 1362 Tiberis

323 1403 416 1467 Dauid
434 1403 573 1466 Salomon
591 1412 749 1473 eleutero:
774 1413 804 1466 ct
819 1405 896 1465 aliud
920 1407 995 1467 scias
1017 1407 1048 1466 in
1071 1404 1126 1466 bac
1149 1407 1292 1466 uarietate
1313 1405 1504 1485 propriorum
1527 1404 1609 1464 nomi·

323 1524 410 1582 num,
442 1505 536 1586 quod,
565 1507 591 1566 si
619 1524 696 1569 unus
725 1505 813 1568 bomo
836 1507 903 1586 plus
926 1525 1014 1585 quam
1038 1513 1177 1584 quattuor
1198 1505 1344 1568 uocabula
1367 1503 1518 1576 babuerit,
1547 1517 1638 1584 qrraeu

323 1607 466 1678 diximus,
500 1626 682 1688 praenomen
717 1628 825 1670 nomen
861 1627 1027 1688 cognomen
1060 1626 1221 1688 agnomen,
1257 1615 1289 1668 ut
1321 1607 1444 1669 Publius
1472 1605 1612 1668 Cornelius

323 1711 424 1789 Scipio
451 1711 607 1772 Africanus
636 1709 833 1772 Numantinus
862 1710 1044 1774 Aemilianus
1073 1710 1156 1788 (baec
1186 1712 1264 1771 enim
1294 1729 1348 1771 sex
1375 1711 1494 1771 nomina
1523 1708 1611 1786 Scipio

323 1810 404 1874 solus
437 1809 565 1892 babuit),
600 1812 652 1874 sed
681 1822 779 1874 tamen
810 1832 869 1874 non
896 1811 1110 1893 multiplicatur
1139 1831 1281 1874 ursmarus
1308 1814 1477 1892 specierum
1504 1818 1612 1890 praeter

322 1921 475 1994 quattuor,
506 1912 558 1975 sed
587 1916 737 1992 agnomini
760 1913 970 1994 adplicabitur,
1000 1915 1056 1976 boc
1080 1922 1125 1976 est
1147 1914 1185 1975 ab
1207 1924 1287 1984 actu,
1318 1923 1352 1976 ut
1374 1914 1567 1976 Numantinus
1586 1921 1611 1971 ει

322 2015 502 2078 Aemilianus
525 2015 621 2076 dictus
644 2025 690 2078 est
712 2017 825 2097 Scipio,
850 2036 885 2078 co
908 2016 986 2097 quud
1010 2016 1196 2078 Numantiam
1221 2025 1250 2078 ot
1271 2016 1427 2077 Aemiliam
1457 2013 1640 2093 provincias

324 2119 404 2179 uicit.
449 2118 482 2178 ln
509 2117 557 2178 bis
584 2135 655 2197 ergo
678 2126 817 2199 quattuor
839 2117 1013 2197 speciebus,
1044 2135 1117 2196 quas
1139 2119 1279 2200 dicimus,
1308 2135 1491 2199 praenomen
1515 2134 1610 2176 nomen

325 2236 492 2297 cognomen
514 2237 675 2296 agnomen,
699 2220 943 2298 interrogandum
966 2227 1023 2289 est,
1047 2228 1145 2280 utrum
1163 2221 1235 2282 baec
1251 2221 1371 2281 nomina
1388 2220 1537 2299 primitius
1552 2224 1612 2278 sunt

323 2328 375 2382 aut
390 2320 556 2383 diriuatiua.
587 2322 657 2382 Sine
673 2321 763 2383 (lubio
780 2322 936 2384 diriuatiua
954 2330 1023 2383 suut
1039 2340 1053 2381 a
1070 2321 1170 2383 uerbis
1185 2340 1350 2402 praenosco
1366 2339 1459 2384 nosco
1478 2337 1610 2398 cognosco

323 2439 466 2500 agnosco,
496 2422 551 2482 boo
581 2430 627 2483 est
653 2422 690 2483 ab
712 2424 860 2486 influitiuo
889 2425 989 2484 loturo
1013 2432 1189 2502 praenotum
1212 2425 1257 2484 irc
1280 2431 1382 2485 notum
1404 2425 1451 2484 irc
1473 2423 1609 2501 cognitum

323 2526 367 2586 ire
390 2526 522 2603 agnitum
545 2528 603 2587 ire:
628 2525 742 2588 abiecta
764 2527 809 2587 ire
832 2534 862 2586 ει
883 2533 995 2587 mutata
1019 2533 1081 2586 tom
1097 2524 1207 2605 syllaba
1223 2527 1252 2586 in
1270 2544 1338 2586 men
1361 2526 1474 2586 iaciunt
1494 2531 1639 2603 praeno-lv
1675 2521 1676 2556 ³

324 2645 390 2688 men
413 2643 520 2690 nomen
543 2645 708 2707 cognomen
732 2646 888 2707 agnomen.
926 2627 967 2688 lle
984 2627 1030 2690 bis
1053 2645 1124 2706 ergo
1147 2637 1285 2709 quattuor
1308 2626 1466 2708 speciebus
1488 2627 1609 2706 proprio·

322 2747 389 2792 rum
412 2732 564 2792 nominum
589 2730 806 2791 Priscianus
836 2730 972 2809 exposuit
999 2729 1115 2790 dicens:
1144 2729 1361 2792 lnuenimus
1392 2746 1480 2807 ergo
1508 2726 1608 2788 multa

321 2831 358 2892 in
389 2830 445 2892 bis
472 2839 650 2910 quattuor
673 2829 876 2912 speciebus
897 2833 1140 2910 propriorum
1163 2833 1350 2893 nominum
1374 2832 1533 2891 inuicem
1552 2846 1609 2908 pro

322 2952 360 2993 se
382 2935 505 3013 posita
529 2940 565 2994 ει
586 2952 679 3014 quac
701 2936 738 2995 in
761 2933 846 2994 aliis
869 2935 1046 3014 personis
1068 2940 1153 2994 sum
1174 2934 1436 3014 praenomina,
1468 2931 1554 2992 baec
1578 2931 1608 2988 in

322 3033 408 3096 aliis
437 3034 520 3098 loco
548 3038 736 3097 nominum
765 3036 1021 3116 accipiuntur,
1054 3042 1091 3096 ut
1113 3033 1281 3096 ‘Tullius
1311 3033 1531 3095 Seruilius’:
1558 3031 1637 3091 bio2'0

322 3133 509 3198 ‘Tullius’
533 3155 761 3217 praenomen
789 3145 861 3205 est:
892 3136 1038 3217 quando
1061 3147 1183 3198 autem
1207 3138 1350 3197 cicitur
1371 3137 1514 3197 blarcus
1533 3131 1607 3194 tot·
1674 3155 1675 3194 t

322 3237 409 3314 lius,
433 3239 580 3300 lllarcus
602 3257 830 3319 praenomen
854 3247 922 3309 est,
947 3238 1204 3301 'Pulliusuero
1226 3257 1354 3300 nomen
1379 3245 1449 3308 cst;
1466 3233 1480 3321 b
1495 3237 1513 3298 1.
1529 3229 1603 3315 81'll
1674 3243 1675 3250 ’

322 3348 356 3400 ει
384 3341 421 3400 in
449 3340 537 3402 aliis
569 3340 651 3403 looo
678 3343 938 3421 cognominum
970 3340 1129 3402 aliorum
1159 3341 1355 3418 agnomina
1384 3347 1482 3401 sunt.
1530 3337 1607 3398 Prae·

321 3459 431 3503 nomen
454 3451 513 3512 est,
537 3442 616 3523 quod
640 3445 834 3524 praeponitur
849 3443 897 3506 uel
913 3443 1096 3504 dillerentiae
1118 3459 1220 3512 causa,
1246 3441 1294 3503 uel
1317 3441 1395 3519 quod
1419 3459 1455 3502 eo
1478 3449 1606 3519 tempora.

321 3560 380 3621 quo
403 3543 531 3607 Sabinos
552 3545 679 3606 Romani
707 3545 931 3625 adscripserunt
959 3545 1086 3614 ciuitati,
1116 3543 1153 3603 ad
1181 3542 1413 3612 confirmandam
1438 3541 1635 3603 coniunctio-³³

321 3663 391 3706 nem
419 3648 538 3708 uomina
567 3646 687 3709 illorum
716 3648 778 3708 suis
800 3645 968 3708 nominibus
989 3645 1214 3726 praeponebant
1236 3655 1265 3707 ει
1286 3647 1417 3707 inuicem
1441 3642 1538 3705 Sabini
1557 3640 1607 3700 llo·

322 3765 479 3810 manorum
508 3751 625 3810 nomina
654 3747 711 3811 sibi
734 3748 966 3828 praeponebam.
1010 3747 1054 3809 Ex
1076 3747 1127 3808 illo
1150 3756 1284 3829 tempore
1307 3747 1493 3808 consuetudo
1514 3745 1605 3810 tenuit,
1673 3795 1674 3802 ,

322 3857 354 3912 ut
387 3868 476 3911 nemo
504 3850 655 3913 Romanus
689 3851 729 3912 sit
760 3849 873 3932 absque
908 3851 1110 3931 praenomine.
1162 3851 1276 3914 Nomen
1311 3857 1356 3911 cst
1382 3849 1506 3930 proprie
1530 3847 1606 3908 ouius

321 3953 480 4031 cuiusque,
506 3959 538 4013 ut
556 3952 664 4015 Paulos
687 3961 716 4014 et
738 3960 851 4028 cetera,
877 3970 1041 4031 cognomen
1064 3961 1161 4014 autem
1185 3953 1371 4030 cognationis
1393 3966 1558 4018 commune,
1578 3953 1606 4006 ut

321 4055 421 4134 Scipio
443 4053 572 4116 lamiliae
595 4057 658 4116 eius
681 4071 846 4132 cognomen
870 4053 935 4115 luit.
973 4053 1023 4115 Sic
1043 4061 1074 4115 ει
1088 4053 1244 4115 Cornelius
1260 4064 1289 4116 ει
1303 4053 1473 4116 blarcellus.
1509 4051 1633 4112 unaco

321 4157 400 4216 enim
424 4155 461 4217 ab
484 4156 550 4233 illo,
574 4158 626 4235 qrri
647 4158 761 4237 primus
784 4155 940 4218 Cornelius
962 4155 1032 4227 luit,
1056 4156 1113 4217 boo
1135 4174 1243 4217 nomen
1267 4155 1446 4217 babuerunt.

392 4481 405 4529 1
425 4479 548 4530 accedunt
617 4482 721 4544 bquod
744 4476 776 4546 si]
800 4480 856 4530 Aa:
881 4479 950 4542 quod
972 4481 1039 4531 etsi?
1118 4481 1256 4532 lnonrina
1274 4474 1410 4546 montium]
1435 4477 1603 4531 ruminantium

322 4548 403 4613 Squi
453 4563 545 4598 caricas
615 4548 798 4599 laeaniticum
869 4551 901 4598 13
918 4547 1068 4614 multiplicat
1085 4563 1218 4600 numerum
1287 4549 1319 4599 15
1337 4549 1498 4598 numansiam
1515 4545 1604 4596 eremi·

323 4615 383 4666 liam
454 4617 485 4666 18
504 4629 521 4665 a
539 4618 623 4667 uerbis
641 4631 768 4683 prenosco
843 4617 1032 4681 asprenatum
1118 4620 1151 4668 20
1168 4617 1267 4668 adiectu
1285 4632 1313 4666 re
1330 4617 1367 4666 iro
1384 4627 1410 4666 et
1427 4629 1545 4666 mutatum
1561 4612 1604 4676 spl-

321 4682 380 4733 lnba
442 4685 474 4734 21
494 4699 585 4734 nornen
605 4701 651 4736 om.
722 4686 754 4735 22
772 4680 929 4749 Priscianus]
948 4685 966 4735 1
981 4701 1009 4749 p.
1028 4687 1099 4740 58.7
1116 4687 1153 4736 H.
1222 4687 1256 4735 at
1274 4686 1428 4751 pronomina
1495 4685 1526 4734 28
1543 4695 1604 4748 pras

320 4752 424 4801 nomine
441 4751 510 4815 quod
561 4767 716 4819 praenomen
735 4748 785 4818 est]
805 4752 935 4806 Priscian.
954 4751 980 4818 I,
996 4769 1024 4818 p.
1043 4755 1135 4816 57,13
1202 4755 1236 4803 29
1254 4751 1395 4803 differentia
1464 4753 1602 4804 30sauinos

319 4820 351 4868 31
370 4821 474 4869 succini
542 4823 576 4871 33
594 4819 691 4870 Nomen
710 4823 759 4880 est]
777 4821 812 4884 cs.
832 4821 959 4874 Priscian.
977 4821 1003 4887 I,
1013 4823 1096 4888 psa,
1111 4824 1142 4874 4,·
1161 4822 1292 4872 Prisciani
1307 4821 1387 4872 uerbo
1404 4823 1445 4872 laio
1463 4823 1512 4872 tute
1527 4819 1604 4868 temler
1671 4837 1672 4878 p

318 4892 415 4942 murare
431 4895 499 4942 auat.
