<?xml version="1.0" encoding="UTF-8"?>
<!DOCTYPE html PUBLIC "-//W3C//DTD XHTML 1.0 Transitional//EN"
    "http://www.w3.org/TR/xhtml1/DTD/xhtml1-transitional.dtd">
<html xmlns="http://www.w3.org/1999/xhtml" xml:lang="en" lang="en">
 <head>
  <title>
</title>
<meta http-equiv="Content-Type" content="text/html;charset=utf-8" />
  <meta name='ocr-system' content='tesseract 3.04.00' />
  <meta name='ocr-capabilities' content='ocr_page ocr_carea ocr_par ocr_line ocrx_word'/>
</head>
<body>
  <div class='ocr_page' id='page_1' title='image "./grammaticilatin00hagagoog_0012.png"; bbox 0 0 3420 5450; ppageno 0'>
   <div class='ocr_carea' id='block_1_1' title="bbox 821 367 1014 410">
    <p class='ocr_par' dir='ltr' id='par_1_1' title="bbox 821 367 1014 410">
     <span class='ocr_line' id='line_1_1' title="bbox 821 367 1014 410; baseline -0.005 -13"><span class='ocrx_word' id='word_1_1' title='bbox 821 367 1014 410; x_wconf 72' lang='lat' dir='ltr'>...x-.-</span> 
     </span>
    </p>
   </div>
   <div class='ocr_carea' id='block_1_2' title="bbox 256 535 1654 1950">
    <p class='ocr_par' dir='ltr' id='par_1_2' title="bbox 256 535 1654 1950">
     <span class='ocr_line' id='line_1_2' title="bbox 274 535 1570 622; baseline -0.002 -20"><span class='ocrx_word' id='word_1_2' title='bbox 274 559 342 602; x_wconf 89' lang='lat' dir='ltr'>esse</span> <span class='ocrx_word' id='word_1_3' title='bbox 364 560 520 603; x_wconf 82' lang='lat' dir='ltr'>censeam.</span> <span class='ocrx_word' id='word_1_4' title='bbox 564 537 650 603; x_wconf 89' lang='lat' dir='ltr'>Nam</span> <span class='ocrx_word' id='word_1_5' title='bbox 674 559 778 622; x_wconf 88' lang='lat' dir='ltr'>neque</span> <span class='ocrx_word' id='word_1_6' title='bbox 801 535 954 621; x_wconf 90' lang='lat' dir='ltr'>Vergiliis</span> <span class='ocrx_word' id='word_1_7' title='bbox 976 536 1011 600; x_wconf 88' lang='lat' dir='ltr'>in</span> <span class='ocrx_word' id='word_1_8' title='bbox 1031 535 1094 601; x_wconf 91' lang='lat' dir='ltr'>hoc</span> <span class='ocrx_word' id='word_1_9' title='bbox 1116 535 1198 602; x_wconf 92' lang='lat' dir='ltr'>libro</span> <span class='ocrx_word' id='word_1_10' title='bbox 1221 537 1310 602; x_wconf 90' lang='lat' dir='ltr'>locus</span> <span class='ocrx_word' id='word_1_11' title='bbox 1331 537 1478 622; x_wconf 88' lang='lat' dir='ltr'>patebat,</span> <span class='ocrx_word' id='word_1_12' title='bbox 1507 536 1570 600; x_wconf 87' lang='lat' dir='ltr'>nisi</span> 
     </span>
     <span class='ocr_line' id='line_1_3' title="bbox 273 646 1610 732; baseline -0.001 -19"><span class='ocrx_word' id='word_1_13' title='bbox 273 646 353 713; x_wconf 88' lang='lat' dir='ltr'>Maii</span> <span class='ocrx_word' id='word_1_14' title='bbox 381 647 555 714; x_wconf 85' lang='lat' dir='ltr'>editionem</span> <span class='ocrx_word' id='word_1_15' title='bbox 581 649 691 713; x_wconf 86' lang='lat' dir='ltr'>multis</span> <span class='ocrx_word' id='word_1_16' title='bbox 717 647 859 712; x_wconf 85' lang='lat' dir='ltr'>numeris</span> <span class='ocrx_word' id='word_1_17' title='bbox 886 646 1047 712; x_wconf 82' lang='lat' dir='ltr'>emendari</span> <span class='ocrx_word' id='word_1_18' title='bbox 1069 647 1273 732; x_wconf 89' lang='lat' dir='ltr'>supplerique</span> <span class='ocrx_word' id='word_1_19' title='bbox 1295 668 1389 732; x_wconf 87' lang='lat' dir='ltr'>posse</span> <span class='ocrx_word' id='word_1_20' title='bbox 1410 646 1571 730; x_wconf 88' lang='lat' dir='ltr'>uidissem,</span> <span class='ocrx_word' id='word_1_21' title='bbox 1607 683 1610 690; x_wconf 35' lang='grc' dir='ltr'><strong><em>ι</em></strong></span> 
     </span>
     <span class='ocr_line' id='line_1_4' title="bbox 274 757 1571 843; baseline -0.002 -19"><span class='ocrx_word' id='word_1_22' title='bbox 274 780 378 843; x_wconf 87' lang='lat' dir='ltr'>neque</span> <span class='ocrx_word' id='word_1_23' title='bbox 406 757 592 824; x_wconf 87' lang='lat' dir='ltr'>Bonifacios</span> <span class='ocrx_word' id='word_1_24' title='bbox 620 757 786 824; x_wconf 79' lang='lat' dir='ltr'>edidimus.</span> <span class='ocrx_word' id='word_1_25' title='bbox 838 757 925 834; x_wconf 81' lang='lat' dir='ltr'>Quae</span> <span class='ocrx_word' id='word_1_26' title='bbox 953 780 1026 823; x_wconf 91' lang='lat' dir='ltr'>cum</span> <span class='ocrx_word' id='word_1_27' title='bbox 1054 759 1100 823; x_wconf 88' lang='lat' dir='ltr'>ita</span> <span class='ocrx_word' id='word_1_28' title='bbox 1128 758 1208 843; x_wconf 87' lang='lat' dir='ltr'>sint,</span> <span class='ocrx_word' id='word_1_29' title='bbox 1235 780 1304 824; x_wconf 89' lang='lat' dir='ltr'>non</span> <span class='ocrx_word' id='word_1_30' title='bbox 1331 761 1414 824; x_wconf 80' lang='lat' dir='ltr'>curo&#39;</span> <span class='ocrx_word' id='word_1_31' title='bbox 1436 758 1571 823; x_wconf 90' lang='lat' dir='ltr'>istorum</span> 
     </span>
     <span class='ocr_line' id='line_1_5' title="bbox 275 868 1572 954; baseline 0 -20"><span class='ocrx_word' id='word_1_32' title='bbox 275 870 573 953; x_wconf 86' lang='lat' dir='ltr'>subsannationem,</span> <span class='ocrx_word' id='word_1_33' title='bbox 609 868 680 954; x_wconf 90' lang='lat' dir='ltr'>qui,</span> <span class='ocrx_word' id='word_1_34' title='bbox 712 870 739 934; x_wconf 94' lang='lat' dir='ltr'>si</span> <span class='ocrx_word' id='word_1_35' title='bbox 770 868 857 934; x_wconf 90' lang='lat' dir='ltr'>hunc</span> <span class='ocrx_word' id='word_1_36' title='bbox 883 869 1002 935; x_wconf 89' lang='lat' dir='ltr'>librum</span> <span class='ocrx_word' id='word_1_37' title='bbox 1030 868 1155 935; x_wconf 86' lang='lat' dir='ltr'>omissis</span> <span class='ocrx_word' id='word_1_38' title='bbox 1181 868 1391 953; x_wconf 87' lang='lat' dir='ltr'>praefationis</span> <span class='ocrx_word' id='word_1_39' title='bbox 1421 868 1572 934; x_wconf 77' lang='lat' dir='ltr'>anfracti-</span> 
     </span>
     <span class='ocr_line' id='line_1_6' title="bbox 274 979 1571 1065; baseline -0.002 -21"><span class='ocrx_word' id='word_1_40' title='bbox 274 980 334 1044; x_wconf 89' lang='lat' dir='ltr'>bus</span> <span class='ocrx_word' id='word_1_41' title='bbox 368 981 469 1045; x_wconf 86' lang='lat' dir='ltr'>otiose</span> <span class='ocrx_word' id='word_1_42' title='bbox 503 979 734 1063; x_wconf 75' lang='lat' dir='ltr'>perlustrantes</span> <span class='ocrx_word' id='word_1_43' title='bbox 760 979 933 1064; x_wconf 88' lang='lat' dir='ltr'>nonnulla,</span> <span class='ocrx_word' id='word_1_44' title='bbox 967 980 1083 1065; x_wconf 90' lang='lat' dir='ltr'>quibus</span> <span class='ocrx_word' id='word_1_45' title='bbox 1116 980 1233 1044; x_wconf 88' lang='lat' dir='ltr'>artium</span> <span class='ocrx_word' id='word_1_46' title='bbox 1267 979 1426 1045; x_wconf 88' lang='lat' dir='ltr'>elementa</span> <span class='ocrx_word' id='word_1_47' title='bbox 1457 1001 1571 1063; x_wconf 90' lang='lat' dir='ltr'>parum</span> 
     </span>
     <span class='ocr_line' id='line_1_7' title="bbox 275 1089 1654 1175; baseline -0.001 -21"><span class='ocrx_word' id='word_1_48' title='bbox 275 1090 367 1156; x_wconf 89' lang='lat' dir='ltr'>docte</span> <span class='ocrx_word' id='word_1_49' title='bbox 393 1089 580 1175; x_wconf 82' lang='lat' dir='ltr'>traduntur,</span> <span class='ocrx_word' id='word_1_50' title='bbox 608 1089 693 1156; x_wconf 88' lang='lat' dir='ltr'>forte</span> <span class='ocrx_word' id='word_1_51' title='bbox 721 1091 854 1156; x_wconf 88' lang='lat' dir='ltr'>fortuna</span> <span class='ocrx_word' id='word_1_52' title='bbox 881 1090 1078 1174; x_wconf 88' lang='lat' dir='ltr'>euoluerint,</span> <span class='ocrx_word' id='word_1_53' title='bbox 1110 1090 1191 1155; x_wconf 87' lang='lat' dir='ltr'>haec</span> <span class='ocrx_word' id='word_1_54' title='bbox 1216 1089 1347 1156; x_wconf 89' lang='lat' dir='ltr'>iamiam</span> <span class='ocrx_word' id='word_1_55' title='bbox 1374 1090 1482 1175; x_wconf 90' lang='lat' dir='ltr'>pueris</span> <span class='ocrx_word' id='word_1_56' title='bbox 1510 1090 1571 1154; x_wconf 91' lang='lat' dir='ltr'>sibi</span> <span class='ocrx_word' id='word_1_57' title='bbox 1653 1109 1654 1112; x_wconf 69' lang='grc'>’</span> 
     </span>
     <span class='ocr_line' id='line_1_8' title="bbox 273 1199 1572 1288; baseline 0 -23"><span class='ocrx_word' id='word_1_58' title='bbox 273 1203 353 1266; x_wconf 85' lang='lat' dir='ltr'>nota</span> <span class='ocrx_word' id='word_1_59' title='bbox 388 1200 487 1266; x_wconf 90' lang='lat' dir='ltr'>fuisse</span> <span class='ocrx_word' id='word_1_60' title='bbox 523 1201 652 1286; x_wconf 89' lang='lat' dir='ltr'>oblique</span> <span class='ocrx_word' id='word_1_61' title='bbox 688 1202 942 1288; x_wconf 68' lang='lat' dir='ltr'>perstringentes</span> <span class='ocrx_word' id='word_1_62' title='bbox 978 1222 1057 1266; x_wconf 87' lang='lat' dir='ltr'>naso</span> <span class='ocrx_word' id='word_1_63' title='bbox 1090 1199 1174 1266; x_wconf 92' lang='lat' dir='ltr'>hanc</span> <span class='ocrx_word' id='word_1_64' title='bbox 1206 1223 1336 1284; x_wconf 89' lang='lat' dir='ltr'>operam</span> <span class='ocrx_word' id='word_1_65' title='bbox 1369 1200 1572 1285; x_wconf 82' lang='lat' dir='ltr'>suspendisse</span> 
     </span>
     <span class='ocr_line' id='line_1_9' title="bbox 256 1309 1572 1398; baseline 0.001 -24"><span class='ocrx_word' id='word_1_66' title='bbox 256 1310 351 1386; x_wconf 55' lang='lat' dir='ltr'>,satis</span> <span class='ocrx_word' id='word_1_67' title='bbox 378 1309 520 1377; x_wconf 84' lang='lat' dir='ltr'>habituri</span> <span class='ocrx_word' id='word_1_68' title='bbox 547 1313 621 1378; x_wconf 85' lang='lat' dir='ltr'>sint.</span> <span class='ocrx_word' id='word_1_69' title='bbox 665 1311 779 1398; x_wconf 91' lang='lat' dir='ltr'>Neque</span> <span class='ocrx_word' id='word_1_70' title='bbox 807 1313 908 1396; x_wconf 88' lang='lat' dir='ltr'>enim,</span> <span class='ocrx_word' id='word_1_71' title='bbox 943 1332 1015 1376; x_wconf 91' lang='lat' dir='ltr'>cum</span> <span class='ocrx_word' id='word_1_72' title='bbox 1049 1310 1137 1376; x_wconf 91' lang='lat' dir='ltr'>hunc</span> <span class='ocrx_word' id='word_1_73' title='bbox 1163 1310 1307 1376; x_wconf 88' lang='lat' dir='ltr'>laborem</span> <span class='ocrx_word' id='word_1_74' title='bbox 1337 1312 1499 1395; x_wconf 78' lang='lat' dir='ltr'>subibam,</span> <span class='ocrx_word' id='word_1_75' title='bbox 1534 1333 1572 1375; x_wconf 90' lang='lat' dir='ltr'>ea</span> 
     </span>
     <span class='ocr_line' id='line_1_10' title="bbox 274 1420 1570 1508; baseline 0 -23"><span class='ocrx_word' id='word_1_76' title='bbox 274 1420 413 1486; x_wconf 90' lang='lat' dir='ltr'>ducebar</span> <span class='ocrx_word' id='word_1_77' title='bbox 442 1422 611 1508; x_wconf 90' lang='lat' dir='ltr'>opinione,</span> <span class='ocrx_word' id='word_1_78' title='bbox 643 1423 734 1508; x_wconf 89' lang='lat' dir='ltr'>quasi</span> <span class='ocrx_word' id='word_1_79' title='bbox 755 1444 875 1488; x_wconf 90' lang='lat' dir='ltr'>nouam</span> <span class='ocrx_word' id='word_1_80' title='bbox 898 1421 1058 1506; x_wconf 89' lang='lat' dir='ltr'>quandam</span> <span class='ocrx_word' id='word_1_81' title='bbox 1081 1423 1143 1486; x_wconf 85' lang='lat' dir='ltr'>ista</span> <span class='ocrx_word' id='word_1_82' title='bbox 1162 1422 1295 1506; x_wconf 89' lang='lat' dir='ltr'>litteris,</span> <span class='ocrx_word' id='word_1_83' title='bbox 1323 1444 1405 1507; x_wconf 87' lang='lat' dir='ltr'>quae</span> <span class='ocrx_word' id='word_1_84' title='bbox 1428 1420 1468 1487; x_wconf 86' lang='lat' dir='ltr'>ad</span> <span class='ocrx_word' id='word_1_85' title='bbox 1489 1421 1570 1486; x_wconf 89' lang='lat' dir='ltr'>anti·</span> 
     </span>
     <span class='ocr_line' id='line_1_11' title="bbox 273 1533 1572 1618; baseline 0.001 -23"><span class='ocrx_word' id='word_1_86' title='bbox 273 1533 430 1617; x_wconf 88' lang='lat' dir='ltr'>quitatem</span> <span class='ocrx_word' id='word_1_87' title='bbox 457 1536 617 1618; x_wconf 86' lang='lat' dir='ltr'>spectant,</span> <span class='ocrx_word' id='word_1_88' title='bbox 646 1535 751 1600; x_wconf 91' lang='lat' dir='ltr'>lucem</span> <span class='ocrx_word' id='word_1_89' title='bbox 778 1538 874 1600; x_wconf 89' lang='lat' dir='ltr'>autea</span> <span class='ocrx_word' id='word_1_90' title='bbox 900 1555 1005 1618; x_wconf 90' lang='lat' dir='ltr'>neque</span> <span class='ocrx_word' id='word_1_91' title='bbox 1032 1533 1135 1597; x_wconf 87' lang='lat' dir='ltr'>uisam</span> <span class='ocrx_word' id='word_1_92' title='bbox 1162 1554 1268 1617; x_wconf 91' lang='lat' dir='ltr'>neque</span> <span class='ocrx_word' id='word_1_93' title='bbox 1294 1533 1436 1598; x_wconf 87' lang='lat' dir='ltr'>auditam</span> <span class='ocrx_word' id='word_1_94' title='bbox 1465 1534 1572 1596; x_wconf 87' lang='lat' dir='ltr'>essent</span> 
     </span>
     <span class='ocr_line' id='line_1_12' title="bbox 274 1640 1571 1730; baseline -0.002 -22"><span class='ocrx_word' id='word_1_95' title='bbox 274 1640 433 1727; x_wconf 79' lang='lat' dir='ltr'>adlatura,</span> <span class='ocrx_word' id='word_1_96' title='bbox 456 1642 511 1708; x_wconf 89' lang='lat' dir='ltr'>sed</span> <span class='ocrx_word' id='word_1_97' title='bbox 533 1643 566 1707; x_wconf 94' lang='lat' dir='ltr'>id</span> <span class='ocrx_word' id='word_1_98' title='bbox 588 1645 654 1730; x_wconf 84' lang='lat' dir='ltr'>egi,</span> <span class='ocrx_word' id='word_1_99' title='bbox 677 1648 714 1710; x_wconf 89' lang='lat' dir='ltr'>ut</span> <span class='ocrx_word' id='word_1_100' title='bbox 734 1645 830 1709; x_wconf 91' lang='lat' dir='ltr'>medii</span> <span class='ocrx_word' id='word_1_101' title='bbox 845 1644 917 1709; x_wconf 89' lang='lat' dir='ltr'>aeui</span> <span class='ocrx_word' id='word_1_102' title='bbox 931 1643 1038 1709; x_wconf 88' lang='lat' dir='ltr'>studia</span> <span class='ocrx_word' id='word_1_103' title='bbox 1052 1644 1261 1730; x_wconf 81' lang='lat' dir='ltr'>grammatica</span> <span class='ocrx_word' id='word_1_104' title='bbox 1275 1665 1371 1728; x_wconf 90' lang='lat' dir='ltr'>quam</span> <span class='ocrx_word' id='word_1_105' title='bbox 1386 1643 1571 1708; x_wconf 82' lang='lat' dir='ltr'>certissimis</span> 
     </span>
     <span class='ocr_line' id='line_1_13' title="bbox 272 1753 1573 1850; baseline 0.001 -33"><span class='ocrx_word' id='word_1_106' title='bbox 272 1753 483 1839; x_wconf 88' lang='lat' dir='ltr'>plurimisque</span> <span class='ocrx_word' id='word_1_107' title='bbox 504 1754 660 1820; x_wconf 91' lang='lat' dir='ltr'>librorum</span> <span class='ocrx_word' id='word_1_108' title='bbox 682 1756 972 1840; x_wconf 78' lang='lat' dir='ltr'>manuscriptorum</span> <span class='ocrx_word' id='word_1_109' title='bbox 994 1754 1139 1840; x_wconf 87' lang='lat' dir='ltr'>uestigiis</span> <span class='ocrx_word' id='word_1_110' title='bbox 1161 1754 1290 1850; x_wconf 77' lang='lat' dir='ltr'>inqixus</span> <span class='ocrx_word' id='word_1_111' title='bbox 1312 1754 1421 1839; x_wconf 88' lang='lat' dir='ltr'>qualia</span> <span class='ocrx_word' id='word_1_112' title='bbox 1435 1753 1573 1818; x_wconf 83' lang='lat' dir='ltr'>fuissent</span> 
     </span>
     <span class='ocr_line' id='line_1_14' title="bbox 264 1862 1570 1950; baseline 0.001 -23"><span class='ocrx_word' id='word_1_113' title='bbox 264 1862 540 1949; x_wconf 76' lang='lat' dir='ltr'>demonstrarem,</span> <span class='ocrx_word' id='word_1_114' title='bbox 574 1888 656 1950; x_wconf 87' lang='lat' dir='ltr'>quae</span> <span class='ocrx_word' id='word_1_115' title='bbox 690 1867 717 1931; x_wconf 87' lang='lat' dir='ltr'>si</span> <span class='ocrx_word' id='word_1_116' title='bbox 749 1869 909 1950; x_wconf 85' lang='lat' dir='ltr'>ueterum,</span> <span class='ocrx_word' id='word_1_117' title='bbox 943 1887 1080 1949; x_wconf 89' lang='lat' dir='ltr'>quorum</span> <span class='ocrx_word' id='word_1_118' title='bbox 1112 1865 1231 1930; x_wconf 85' lang='lat' dir='ltr'>notitia</span> <span class='ocrx_word' id='word_1_119' title='bbox 1258 1865 1298 1930; x_wconf 91' lang='lat' dir='ltr'>ad</span> <span class='ocrx_word' id='word_1_120' title='bbox 1324 1887 1384 1930; x_wconf 91' lang='lat' dir='ltr'>nos</span> <span class='ocrx_word' id='word_1_121' title='bbox 1412 1865 1570 1948; x_wconf 87' lang='lat' dir='ltr'>peruenit,</span> 
     </span>
    </p>
   </div>
   <div class='ocr_carea' id='block_1_3' title="bbox 273 1974 1700 2062">
    <p class='ocr_par' dir='ltr' id='par_1_3' title="bbox 273 1974 1700 2062">
     <span class='ocr_line' id='line_1_15' title="bbox 273 1974 1700 2062; baseline 0 -24"><span class='ocrx_word' id='word_1_122' title='bbox 273 1974 465 2057; x_wconf 84' lang='lat' dir='ltr'>scriptorum</span> <span class='ocrx_word' id='word_1_123' title='bbox 480 1979 563 2040; x_wconf 89' lang='lat' dir='ltr'>artes</span> <span class='ocrx_word' id='word_1_124' title='bbox 578 1997 646 2042; x_wconf 89' lang='lat' dir='ltr'>non</span> <span class='ocrx_word' id='word_1_125' title='bbox 667 1980 734 2041; x_wconf 86' lang='lat' dir='ltr'>tam</span> <span class='ocrx_word' id='word_1_126' title='bbox 756 1998 935 2062; x_wconf 89' lang='lat' dir='ltr'>superasse,</span> <span class='ocrx_word' id='word_1_127' title='bbox 958 1998 1055 2061; x_wconf 90' lang='lat' dir='ltr'>quam</span> <span class='ocrx_word' id='word_1_128' title='bbox 1070 1997 1109 2040; x_wconf 88' lang='lat' dir='ltr'>ex</span> <span class='ocrx_word' id='word_1_129' title='bbox 1122 1975 1174 2040; x_wconf 90' lang='lat' dir='ltr'>his</span> <span class='ocrx_word' id='word_1_130' title='bbox 1188 1975 1266 2060; x_wconf 89' lang='lat' dir='ltr'>ipsis</span> <span class='ocrx_word' id='word_1_131' title='bbox 1281 1996 1432 2060; x_wconf 87' lang='lat' dir='ltr'>magnam</span> <span class='ocrx_word' id='word_1_132' title='bbox 1446 1977 1571 2058; x_wconf 82' lang='lat' dir='ltr'>partem</span> <span class='ocrx_word' id='word_1_133' title='bbox 1699 1989 1700 1994; x_wconf 75' lang='grc'>’</span> 
     </span>
    </p>
   </div>
   <div class='ocr_carea' id='block_1_4' title="bbox 273 2084 1571 2282">
    <p class='ocr_par' dir='ltr' id='par_1_4' title="bbox 273 2084 1571 2282">
     <span class='ocr_line' id='line_1_16' title="bbox 273 2084 1570 2174; baseline 0 -26"><span class='ocrx_word' id='word_1_134' title='bbox 273 2085 415 2168; x_wconf 86' lang='lat' dir='ltr'>fluxisse,</span> <span class='ocrx_word' id='word_1_135' title='bbox 439 2085 597 2151; x_wconf 90' lang='lat' dir='ltr'>nonnulla</span> <span class='ocrx_word' id='word_1_136' title='bbox 618 2107 723 2152; x_wconf 86' lang='lat' dir='ltr'>crasso</span> <span class='ocrx_word' id='word_1_137' title='bbox 738 2087 793 2152; x_wconf 95' lang='lat' dir='ltr'>filo</span> <span class='ocrx_word' id='word_1_138' title='bbox 809 2088 985 2174; x_wconf 85' lang='lat' dir='ltr'>pinguique</span> <span class='ocrx_word' id='word_1_139' title='bbox 1001 2086 1148 2151; x_wconf 86' lang='lat' dir='ltr'>Minerva</span> <span class='ocrx_word' id='word_1_140' title='bbox 1169 2085 1344 2150; x_wconf 88' lang='lat' dir='ltr'>absoluisse</span> <span class='ocrx_word' id='word_1_141' title='bbox 1366 2084 1570 2166; x_wconf 88' lang='lat' dir='ltr'>uidebuntur,</span> 
     </span>
     <span class='ocr_line' id='line_1_17' title="bbox 273 2193 1571 2282; baseline 0 -24"><span class='ocrx_word' id='word_1_142' title='bbox 273 2194 404 2260; x_wconf 89' lang='lat' dir='ltr'>illorum</span> <span class='ocrx_word' id='word_1_143' title='bbox 426 2196 550 2281; x_wconf 90' lang='lat' dir='ltr'>ingenii</span> <span class='ocrx_word' id='word_1_144' title='bbox 572 2197 688 2260; x_wconf 90' lang='lat' dir='ltr'>uitium</span> <span class='ocrx_word' id='word_1_145' title='bbox 709 2200 772 2281; x_wconf 89' lang='lat' dir='ltr'>est,</span> <span class='ocrx_word' id='word_1_146' title='bbox 799 2219 861 2264; x_wconf 91' lang='lat' dir='ltr'>nos</span> <span class='ocrx_word' id='word_1_147' title='bbox 888 2202 988 2282; x_wconf 90' lang='lat' dir='ltr'>certe,</span> <span class='ocrx_word' id='word_1_148' title='bbox 1016 2198 1092 2282; x_wconf 91' lang='lat' dir='ltr'>quid</span> <span class='ocrx_word' id='word_1_149' title='bbox 1114 2197 1335 2281; x_wconf 82' lang='lat' dir='ltr'>inposterum</span> <span class='ocrx_word' id='word_1_150' title='bbox 1357 2195 1396 2260; x_wconf 89' lang='lat' dir='ltr'>de</span> <span class='ocrx_word' id='word_1_151' title='bbox 1418 2193 1469 2258; x_wconf 92' lang='lat' dir='ltr'>his</span> <span class='ocrx_word' id='word_1_152' title='bbox 1490 2193 1571 2258; x_wconf 90' lang='lat' dir='ltr'>iudi-</span> 
     </span>
    </p>
   </div>
   <div class='ocr_carea' id='block_1_5' title="bbox 273 2305 1569 2393">
    <p class='ocr_par' dir='ltr' id='par_1_5' title="bbox 273 2305 1700 2396">
     <span class='ocr_line' id='line_1_18' title="bbox 273 2305 1569 2393; baseline 0.001 -24"><span class='ocrx_word' id='word_1_153' title='bbox 273 2305 409 2370; x_wconf 90' lang='lat' dir='ltr'>candum</span> <span class='ocrx_word' id='word_1_154' title='bbox 437 2307 494 2390; x_wconf 91' lang='lat' dir='ltr'>sit,</span> <span class='ocrx_word' id='word_1_155' title='bbox 523 2307 685 2372; x_wconf 90' lang='lat' dir='ltr'>euicimus.</span> <span class='ocrx_word' id='word_1_156' title='bbox 731 2307 794 2373; x_wconf 85' lang='lat' dir='ltr'>Sed</span> <span class='ocrx_word' id='word_1_157' title='bbox 816 2309 843 2372; x_wconf 91' lang='lat' dir='ltr'>si</span> <span class='ocrx_word' id='word_1_158' title='bbox 864 2309 996 2393; x_wconf 90' lang='lat' dir='ltr'>insuper</span> <span class='ocrx_word' id='word_1_159' title='bbox 1019 2308 1142 2392; x_wconf 88' lang='lat' dir='ltr'>uideas,</span> <span class='ocrx_word' id='word_1_160' title='bbox 1169 2308 1273 2391; x_wconf 90' lang='lat' dir='ltr'>ipsam</span> <span class='ocrx_word' id='word_1_161' title='bbox 1294 2309 1439 2372; x_wconf 88' lang='lat' dir='ltr'>nostram</span> <span class='ocrx_word' id='word_1_162' title='bbox 1461 2327 1569 2370; x_wconf 84' lang='lat' dir='ltr'>aarum</span> 
     </span>
    </p>
   </div>
   <div class='ocr_carea' id='block_1_6' title="bbox 272 2416 1571 2723">
    <p class='ocr_par' dir='ltr' id='par_1_6' title="bbox 272 2416 1571 2723">
     <span class='ocr_line' id='line_1_19' title="bbox 272 2416 1569 2503; baseline 0.001 -23"><span class='ocrx_word' id='word_1_163' title='bbox 272 2438 380 2481; x_wconf 87' lang='lat' dir='ltr'>rerum</span> <span class='ocrx_word' id='word_1_164' title='bbox 403 2416 569 2482; x_wconf 87' lang='lat' dir='ltr'>scientiam</span> <span class='ocrx_word' id='word_1_165' title='bbox 591 2417 709 2483; x_wconf 83' lang='lat' dir='ltr'>talibus</span> <span class='ocrx_word' id='word_1_166' title='bbox 732 2418 973 2503; x_wconf 89' lang='lat' dir='ltr'>quaestionibus</span> <span class='ocrx_word' id='word_1_167' title='bbox 995 2419 1056 2483; x_wconf 89' lang='lat' dir='ltr'>rite</span> <span class='ocrx_word' id='word_1_168' title='bbox 1073 2417 1229 2483; x_wconf 87' lang='lat' dir='ltr'>institutis</span> <span class='ocrx_word' id='word_1_169' title='bbox 1244 2439 1357 2482; x_wconf 87' lang='lat' dir='ltr'>reuera</span> <span class='ocrx_word' id='word_1_170' title='bbox 1370 2416 1569 2501; x_wconf 87' lang='lat' dir='ltr'>locupletari,</span> 
     </span>
     <span class='ocr_line' id='line_1_20' title="bbox 273 2526 1571 2614; baseline -0.001 -23"><span class='ocrx_word' id='word_1_171' title='bbox 273 2528 426 2611; x_wconf 89' lang='lat' dir='ltr'>quoniam</span> <span class='ocrx_word' id='word_1_172' title='bbox 448 2526 545 2592; x_wconf 86' lang='lat' dir='ltr'>medii</span> <span class='ocrx_word' id='word_1_173' title='bbox 567 2530 638 2592; x_wconf 87' lang='lat' dir='ltr'>aeui</span> <span class='ocrx_word' id='word_1_174' title='bbox 661 2529 831 2614; x_wconf 87' lang='lat' dir='ltr'>magistros</span> <span class='ocrx_word' id='word_1_175' title='bbox 859 2551 898 2593; x_wconf 87' lang='lat' dir='ltr'>ex</span> <span class='ocrx_word' id='word_1_176' title='bbox 924 2529 965 2593; x_wconf 91' lang='lat' dir='ltr'>iis</span> <span class='ocrx_word' id='word_1_177' title='bbox 994 2551 1121 2613; x_wconf 87' lang='lat' dir='ltr'>quoque</span> <span class='ocrx_word' id='word_1_178' title='bbox 1144 2528 1305 2610; x_wconf 85' lang='lat' dir='ltr'>fontibus,</span> <span class='ocrx_word' id='word_1_179' title='bbox 1335 2528 1390 2614; x_wconf 90' lang='lat' dir='ltr'>qui</span> <span class='ocrx_word' id='word_1_180' title='bbox 1418 2526 1571 2591; x_wconf 87' lang='lat' dir='ltr'>maliuola</span> 
     </span>
     <span class='ocr_line' id='line_1_21' title="bbox 272 2637 1569 2723; baseline -0.001 -21"><span class='ocrx_word' id='word_1_181' title='bbox 272 2639 426 2722; x_wconf 88' lang='lat' dir='ltr'>temporis</span> <span class='ocrx_word' id='word_1_182' title='bbox 448 2639 623 2722; x_wconf 87' lang='lat' dir='ltr'>rapacitate</span> <span class='ocrx_word' id='word_1_183' title='bbox 645 2640 709 2704; x_wconf 93' lang='lat' dir='ltr'>iam</span> <span class='ocrx_word' id='word_1_184' title='bbox 731 2639 888 2723; x_wconf 86' lang='lat' dir='ltr'>praeclusi</span> <span class='ocrx_word' id='word_1_185' title='bbox 916 2643 992 2704; x_wconf 87' lang='lat' dir='ltr'>sunt</span> <span class='ocrx_word' id='word_1_186' title='bbox 1018 2643 1114 2723; x_wconf 89' lang='lat' dir='ltr'>atque</span> <span class='ocrx_word' id='word_1_187' title='bbox 1143 2638 1266 2721; x_wconf 90' lang='lat' dir='ltr'>obruti,</span> <span class='ocrx_word' id='word_1_188' title='bbox 1296 2639 1398 2702; x_wconf 89' lang='lat' dir='ltr'>multa</span> <span class='ocrx_word' id='word_1_189' title='bbox 1425 2637 1569 2702; x_wconf 86' lang='lat' dir='ltr'>hausisse</span> 
     </span>
    </p>
   </div>
   <div class='ocr_carea' id='block_1_7' title="bbox 272 2747 1700 2836">
    <p class='ocr_par' dir='ltr' id='par_1_7' title="bbox 272 2747 1700 2836">
     <span class='ocr_line' id='line_1_22' title="bbox 272 2747 1700 2836; baseline -0.001 -24"><span class='ocrx_word' id='word_1_190' title='bbox 272 2748 447 2813; x_wconf 83' lang='lat' dir='ltr'>certissime</span> <span class='ocrx_word' id='word_1_191' title='bbox 462 2747 673 2815; x_wconf 83' lang='lat' dir='ltr'>demonstrari</span> <span class='ocrx_word' id='word_1_192' title='bbox 694 2753 815 2835; x_wconf 89' lang='lat' dir='ltr'>potest,</span> <span class='ocrx_word' id='word_1_193' title='bbox 837 2751 902 2815; x_wconf 90' lang='lat' dir='ltr'>iam</span> <span class='ocrx_word' id='word_1_194' title='bbox 925 2749 1002 2836; x_wconf 90' lang='lat' dir='ltr'>quid</span> <span class='ocrx_word' id='word_1_195' title='bbox 1024 2771 1092 2815; x_wconf 88' lang='lat' dir='ltr'>esse</span> <span class='ocrx_word' id='word_1_196' title='bbox 1114 2749 1232 2833; x_wconf 89' lang='lat' dir='ltr'>dicam,</span> <span class='ocrx_word' id='word_1_197' title='bbox 1255 2771 1312 2814; x_wconf 90' lang='lat' dir='ltr'>cur</span> <span class='ocrx_word' id='word_1_198' title='bbox 1326 2747 1412 2813; x_wconf 91' lang='lat' dir='ltr'>hunc</span> <span class='ocrx_word' id='word_1_199' title='bbox 1426 2747 1569 2812; x_wconf 90' lang='lat' dir='ltr'>laborem</span> <span class='ocrx_word' id='word_1_200' title='bbox 1699 2813 1700 2824; x_wconf 13' lang='grc' dir='ltr'><strong>ἶ</strong></span> 
     </span>
    </p>
   </div>
   <div class='ocr_carea' id='block_1_8' title="bbox 270 2857 1570 3278">
    <p class='ocr_par' dir='ltr' id='par_1_8' title="bbox 271 2857 1569 2947">
     <span class='ocr_line' id='line_1_23' title="bbox 271 2857 1569 2947; baseline -0.001 -25"><span class='ocrx_word' id='word_1_201' title='bbox 271 2881 291 2922; x_wconf 93' lang='lat' dir='ltr'>a</span> <span class='ocrx_word' id='word_1_202' title='bbox 312 2876 363 2923; x_wconf 87' lang='lat' dir='ltr'>me</span> <span class='ocrx_word' id='word_1_203' title='bbox 385 2863 567 2944; x_wconf 84' lang='lat' dir='ltr'>susceptum</span> <span class='ocrx_word' id='word_1_204' title='bbox 590 2860 759 2946; x_wconf 87' lang='lat' dir='ltr'>quisquam</span> <span class='ocrx_word' id='word_1_205' title='bbox 781 2861 833 2926; x_wconf 91' lang='lat' dir='ltr'>uel</span> <span class='ocrx_word' id='word_1_206' title='bbox 855 2864 1007 2947; x_wconf 86' lang='lat' dir='ltr'>grauatur</span> <span class='ocrx_word' id='word_1_207' title='bbox 1028 2859 1139 2945; x_wconf 89' lang='lat' dir='ltr'>inique</span> <span class='ocrx_word' id='word_1_208' title='bbox 1167 2860 1219 2924; x_wconf 91' lang='lat' dir='ltr'>uel</span> <span class='ocrx_word' id='word_1_209' title='bbox 1247 2859 1388 2945; x_wconf 87' lang='lat' dir='ltr'>maligne</span> <span class='ocrx_word' id='word_1_210' title='bbox 1415 2857 1569 2922; x_wconf 80' lang='lat' dir='ltr'>irrideat?</span> 
     </span>
    </p>

    <p class='ocr_par' dir='ltr' id='par_1_9' title="bbox 270 2965 1570 3278">
     <span class='ocr_line' id='line_1_24' title="bbox 358 2965 1570 3056; baseline -0.001 -23"><span class='ocrx_word' id='word_1_211' title='bbox 358 2967 421 3034; x_wconf 80' lang='lat' dir='ltr'>Sed</span> <span class='ocrx_word' id='word_1_212' title='bbox 435 2965 547 3035; x_wconf 82' lang='lat' dir='ltr'>insimt</span> <span class='ocrx_word' id='word_1_213' title='bbox 561 2969 637 3036; x_wconf 92' lang='lat' dir='ltr'>huic</span> <span class='ocrx_word' id='word_1_214' title='bbox 656 2972 740 3037; x_wconf 91' lang='lat' dir='ltr'>libro</span> <span class='ocrx_word' id='word_1_215' title='bbox 762 2971 935 3056; x_wconf 89' lang='lat' dir='ltr'>nonnulla,</span> <span class='ocrx_word' id='word_1_216' title='bbox 959 2993 1055 3056; x_wconf 92' lang='lat' dir='ltr'>quae,</span> <span class='ocrx_word' id='word_1_217' title='bbox 1078 2971 1155 3056; x_wconf 88' lang='lat' dir='ltr'>quia</span> <span class='ocrx_word' id='word_1_218' title='bbox 1174 2971 1240 3036; x_wconf 89' lang='lat' dir='ltr'>iam</span> <span class='ocrx_word' id='word_1_219' title='bbox 1263 2973 1355 3035; x_wconf 86' lang='lat' dir='ltr'>erant</span> <span class='ocrx_word' id='word_1_220' title='bbox 1375 2972 1469 3053; x_wconf 84' lang='lat' dir='ltr'>nota,</span> <span class='ocrx_word' id='word_1_221' title='bbox 1491 2990 1570 3032; x_wconf 92' lang='lat' dir='ltr'>num</span> 
     </span>
     <span class='ocr_line' id='line_1_25' title="bbox 270 3078 1568 3166; baseline -0.001 -21"><span class='ocrx_word' id='word_1_222' title='bbox 270 3081 340 3145; x_wconf 88' lang='lat' dir='ltr'>iure</span> <span class='ocrx_word' id='word_1_223' title='bbox 368 3079 597 3146; x_wconf 89' lang='lat' dir='ltr'>anecdotorum</span> <span class='ocrx_word' id='word_1_224' title='bbox 625 3082 784 3146; x_wconf 91' lang='lat' dir='ltr'>uolumini</span> <span class='ocrx_word' id='word_1_225' title='bbox 811 3083 1015 3166; x_wconf 87' lang='lat' dir='ltr'>inseruerim,</span> <span class='ocrx_word' id='word_1_226' title='bbox 1054 3083 1170 3147; x_wconf 85' lang='lat' dir='ltr'>merito</span> <span class='ocrx_word' id='word_1_227' title='bbox 1201 3081 1312 3166; x_wconf 86' lang='lat' dir='ltr'>quaeri</span> <span class='ocrx_word' id='word_1_228' title='bbox 1340 3101 1433 3164; x_wconf 89' lang='lat' dir='ltr'>posse</span> <span class='ocrx_word' id='word_1_229' title='bbox 1464 3078 1568 3145; x_wconf 88' lang='lat' dir='ltr'>uideo.</span> 
     </span>
     <span class='ocr_line' id='line_1_26' title="bbox 272 3189 1570 3278; baseline -0.001 -22"><span class='ocrx_word' id='word_1_230' title='bbox 272 3189 415 3266; x_wconf 81' lang='lat' dir='ltr'>Quorum</span> <span class='ocrx_word' id='word_1_231' title='bbox 448 3190 696 3277; x_wconf 74' lang='lat' dir='ltr'>orthographiae</span> <span class='ocrx_word' id='word_1_232' title='bbox 724 3190 903 3257; x_wconf 86' lang='lat' dir='ltr'>Beruenses</span> <span class='ocrx_word' id='word_1_233' title='bbox 936 3195 1073 3277; x_wconf 89' lang='lat' dir='ltr'>primam</span> <span class='ocrx_word' id='word_1_234' title='bbox 1107 3197 1140 3258; x_wconf 90' lang='lat' dir='ltr'>et</span> <span class='ocrx_word' id='word_1_235' title='bbox 1171 3192 1300 3258; x_wconf 89' lang='lat' dir='ltr'>tertiam</span> <span class='ocrx_word' id='word_1_236' title='bbox 1321 3192 1397 3278; x_wconf 89' lang='lat' dir='ltr'>iam</span> <span class='ocrx_word' id='word_1_237' title='bbox 1433 3189 1570 3256; x_wconf 87' lang='lat' dir='ltr'>edendas</span> 
     </span>
    </p>
   </div>
   <div class='ocr_carea' id='block_1_9' title="bbox 270 3299 1700 3498">
    <p class='ocr_par' dir='ltr' id='par_1_10' title="bbox 270 3295 1700 3498">
     <span class='ocr_line' id='line_1_27' title="bbox 271 3299 1568 3408; baseline -0.006 -42"><span class='ocrx_word' id='word_1_238' title='bbox 271 3323 471 3384; x_wconf 88' lang='lat' dir='ltr'>curaucram,</span> <span class='ocrx_word' id='word_1_239' title='bbox 495 3323 567 3366; x_wconf 90' lang='lat' dir='ltr'>cum</span> <span class='ocrx_word' id='word_1_240' title='bbox 589 3303 624 3366; x_wconf 90' lang='lat' dir='ltr'>in</span> <span class='ocrx_word' id='word_1_241' title='bbox 638 3301 775 3367; x_wconf 83' lang='lat' dir='ltr'>Thuroti</span> <span class='ocrx_word' id='word_1_242' title='bbox 790 3302 923 3387; x_wconf 89' lang='lat' dir='ltr'>librum,</span> <span class='ocrx_word' id='word_1_243' title='bbox 945 3304 1067 3408; x_wconf 82' lang='lat' dir='ltr'>inquo</span> <span class='ocrx_word' id='word_1_244' title='bbox 1082 3303 1146 3369; x_wconf 87' lang='lat' dir='ltr'>ista</span> <span class='ocrx_word' id='word_1_245' title='bbox 1159 3304 1326 3386; x_wconf 85' lang='lat' dir='ltr'>proposita</span> <span class='ocrx_word' id='word_1_246' title='bbox 1340 3304 1430 3386; x_wconf 88' lang='lat' dir='ltr'>sunt,</span> <span class='ocrx_word' id='word_1_247' title='bbox 1453 3299 1568 3384; x_wconf 81' lang='lat' dir='ltr'>incidi3</span> 
     </span>
     <span class='ocr_line' id='line_1_28' title="bbox 270 3412 1700 3498; baseline -0.006 -19"><span class='ocrx_word' id='word_1_248' title='bbox 270 3432 375 3496; x_wconf 87' lang='lat' dir='ltr'>neque</span> <span class='ocrx_word' id='word_1_249' title='bbox 407 3414 516 3478; x_wconf 87' lang='lat' dir='ltr'>tamen</span> <span class='ocrx_word' id='word_1_250' title='bbox 549 3413 657 3497; x_wconf 89' lang='lat' dir='ltr'>omisi,</span> <span class='ocrx_word' id='word_1_251' title='bbox 691 3413 777 3497; x_wconf 91' lang='lat' dir='ltr'>quod</span> <span class='ocrx_word' id='word_1_252' title='bbox 804 3412 942 3478; x_wconf 84' lang='lat' dir='ltr'>Thuroti</span> <span class='ocrx_word' id='word_1_253' title='bbox 973 3413 1091 3478; x_wconf 90' lang='lat' dir='ltr'>librum</span> <span class='ocrx_word' id='word_1_254' title='bbox 1125 3434 1239 3497; x_wconf 88' lang='lat' dir='ltr'>parum</span> <span class='ocrx_word' id='word_1_255' title='bbox 1271 3412 1473 3498; x_wconf 59' lang='lat' dir='ltr'>&amp;uulgatum</span> <span class='ocrx_word' id='word_1_256' title='bbox 1501 3433 1569 3476; x_wconf 89' lang='lat' dir='ltr'>esse</span> <span class='ocrx_word' id='word_1_257' title='bbox 1699 3465 1700 3498; x_wconf 70' lang='lat'>,</span> 
     </span>
    </p>
   </div>
   <div class='ocr_carea' id='block_1_10' title="bbox 271 3521 1569 3608">
    <p class='ocr_par' dir='ltr' id='par_1_11' title="bbox 271 3521 1569 3608">
     <span class='ocr_line' id='line_1_29' title="bbox 271 3521 1569 3608; baseline 0 -22"><span class='ocrx_word' id='word_1_258' title='bbox 271 3521 409 3588; x_wconf 88' lang='lat' dir='ltr'>sciebam</span> <span class='ocrx_word' id='word_1_259' title='bbox 441 3525 474 3587; x_wconf 89' lang='lat' dir='ltr'>et</span> <span class='ocrx_word' id='word_1_260' title='bbox 506 3523 582 3608; x_wconf 88' lang='lat' dir='ltr'>quia</span> <span class='ocrx_word' id='word_1_261' title='bbox 615 3522 776 3589; x_wconf 90' lang='lat' dir='ltr'>codicibus</span> <span class='ocrx_word' id='word_1_262' title='bbox 804 3523 1021 3590; x_wconf 88' lang='lat' dir='ltr'>Bemensibus</span> <span class='ocrx_word' id='word_1_263' title='bbox 1054 3545 1144 3588; x_wconf 89' lang='lat' dir='ltr'>suam</span> <span class='ocrx_word' id='word_1_264' title='bbox 1176 3544 1305 3588; x_wconf 87' lang='lat' dir='ltr'>manere</span> <span class='ocrx_word' id='word_1_265' title='bbox 1337 3523 1569 3608; x_wconf 84' lang='lat' dir='ltr'>proprietatem</span> 
     </span>
    </p>
   </div>
   <div class='ocr_carea' id='block_1_11' title="bbox 270 3630 1700 3721">
    <p class='ocr_par' dir='ltr' id='par_1_12' title="bbox 270 3630 1700 3721">
     <span class='ocr_line' id='line_1_30' title="bbox 270 3630 1700 3721; baseline 0 -25"><span class='ocrx_word' id='word_1_266' title='bbox 270 3630 435 3718; x_wconf 92' lang='lat' dir='ltr'>uidebam,</span> <span class='ocrx_word' id='word_1_267' title='bbox 457 3634 645 3718; x_wconf 86' lang='lat' dir='ltr'>praesertim</span> <span class='ocrx_word' id='word_1_268' title='bbox 668 3657 740 3700; x_wconf 92' lang='lat' dir='ltr'>cum</span> <span class='ocrx_word' id='word_1_269' title='bbox 762 3633 894 3700; x_wconf 83' lang='lat' dir='ltr'>adiectis</span> <span class='ocrx_word' id='word_1_270' title='bbox 916 3635 1064 3721; x_wconf 84' lang='lat' dir='ltr'>glossarii</span> <span class='ocrx_word' id='word_1_271' title='bbox 1086 3634 1196 3720; x_wconf 89' lang='lat' dir='ltr'>magni</span> <span class='ocrx_word' id='word_1_272' title='bbox 1212 3634 1369 3718; x_wconf 87' lang='lat' dir='ltr'>excerptis</span> <span class='ocrx_word' id='word_1_273' title='bbox 1384 3636 1485 3698; x_wconf 90' lang='lat' dir='ltr'>totam</span> <span class='ocrx_word' id='word_1_274' title='bbox 1500 3654 1569 3696; x_wconf 89' lang='lat' dir='ltr'>rem</span> <span class='ocrx_word' id='word_1_275' title='bbox 1699 3663 1700 3696; x_wconf 78' lang='lat' dir='ltr'>l</span> 
     </span>
    </p>
   </div>
   <div class='ocr_carea' id='block_1_12' title="bbox 268 3743 1569 4715">
    <p class='ocr_par' dir='ltr' id='par_1_13' title="bbox 269 3743 1569 4384">
     <span class='ocr_line' id='line_1_31' title="bbox 270 3743 1569 3830; baseline 0.002 -24"><span class='ocrx_word' id='word_1_276' title='bbox 270 3743 385 3808; x_wconf 87' lang='lat' dir='ltr'>melius</span> <span class='ocrx_word' id='word_1_277' title='bbox 407 3743 560 3810; x_wconf 83' lang='lat' dir='ltr'>illustrari</span> <span class='ocrx_word' id='word_1_278' title='bbox 581 3767 675 3830; x_wconf 89' lang='lat' dir='ltr'>posse</span> <span class='ocrx_word' id='word_1_279' title='bbox 698 3745 1003 3810; x_wconf 85' lang='lat' dir='ltr'>animaduertissem.</span> <span class='ocrx_word' id='word_1_280' title='bbox 1047 3744 1256 3810; x_wconf 87' lang='lat' dir='ltr'>Differentiae</span> <span class='ocrx_word' id='word_1_281' title='bbox 1281 3748 1390 3810; x_wconf 87' lang='lat' dir='ltr'>autem</span> <span class='ocrx_word' id='word_1_282' title='bbox 1411 3743 1569 3808; x_wconf 88' lang='lat' dir='ltr'>sermonis</span> 
     </span>
     <span class='ocr_line' id='line_1_32' title="bbox 271 3853 1567 3940; baseline 0 -22"><span class='ocrx_word' id='word_1_283' title='bbox 271 3876 464 3938; x_wconf 89' lang='lat' dir='ltr'>quamquam</span> <span class='ocrx_word' id='word_1_284' title='bbox 496 3854 668 3921; x_wconf 84' lang='lat' dir='ltr'>maximam</span> <span class='ocrx_word' id='word_1_285' title='bbox 703 3859 828 3940; x_wconf 88' lang='lat' dir='ltr'>partem</span> <span class='ocrx_word' id='word_1_286' title='bbox 864 3856 1107 3922; x_wconf 88' lang='lat' dir='ltr'>collectionibus</span> <span class='ocrx_word' id='word_1_287' title='bbox 1141 3879 1160 3921; x_wconf 94' lang='lat' dir='ltr'>a</span> <span class='ocrx_word' id='word_1_288' title='bbox 1193 3854 1393 3922; x_wconf 83' lang='lat' dir='ltr'>Gotbofredo</span> <span class='ocrx_word' id='word_1_289' title='bbox 1427 3853 1567 3918; x_wconf 86' lang='lat' dir='ltr'>Areualo</span> 
     </span>
     <span class='ocr_line' id='line_1_33' title="bbox 270 3961 1568 4054; baseline 0 -25"><span class='ocrx_word' id='word_1_290' title='bbox 270 3964 400 4030; x_wconf 90' lang='lat' dir='ltr'>Handio</span> <span class='ocrx_word' id='word_1_291' title='bbox 416 3961 509 4030; x_wconf 85' lang='lat' dir='ltr'>editis</span> <span class='ocrx_word' id='word_1_292' title='bbox 524 3967 745 4051; x_wconf 86' lang='lat' dir='ltr'>continentur,</span> <span class='ocrx_word' id='word_1_293' title='bbox 769 3967 809 4032; x_wconf 93' lang='lat' dir='ltr'>ob</span> <span class='ocrx_word' id='word_1_294' title='bbox 825 3967 987 4054; x_wconf 87' lang='lat' dir='ltr'>insignem</span> <span class='ocrx_word' id='word_1_295' title='bbox 1002 3967 1123 4033; x_wconf 88' lang='lat' dir='ltr'>ordinis</span> <span class='ocrx_word' id='word_1_296' title='bbox 1138 3966 1369 4052; x_wconf 89' lang='lat' dir='ltr'>inparilitatem</span> <span class='ocrx_word' id='word_1_297' title='bbox 1383 3966 1568 4030; x_wconf 90' lang='lat' dir='ltr'>uerborum-</span> 
     </span>
     <span class='ocr_line' id='line_1_34' title="bbox 271 4075 1568 4162; baseline 0 -22"><span class='ocrx_word' id='word_1_298' title='bbox 271 4097 333 4160; x_wconf 90' lang='lat' dir='ltr'>que</span> <span class='ocrx_word' id='word_1_299' title='bbox 360 4076 561 4162; x_wconf 89' lang='lat' dir='ltr'>singulorum</span> <span class='ocrx_word' id='word_1_300' title='bbox 588 4077 820 4143; x_wconf 87' lang='lat' dir='ltr'>dissonantiam</span> <span class='ocrx_word' id='word_1_301' title='bbox 848 4081 882 4142; x_wconf 90' lang='lat' dir='ltr'>et</span> <span class='ocrx_word' id='word_1_302' title='bbox 907 4100 995 4143; x_wconf 90' lang='lat' dir='ltr'>noua</span> <span class='ocrx_word' id='word_1_303' title='bbox 1021 4078 1129 4162; x_wconf 87' lang='lat' dir='ltr'>aliqua</span> <span class='ocrx_word' id='word_1_304' title='bbox 1162 4078 1379 4143; x_wconf 86' lang='lat' dir='ltr'>additamenta</span> <span class='ocrx_word' id='word_1_305' title='bbox 1412 4075 1568 4142; x_wconf 88' lang='lat' dir='ltr'>hactenus</span> 
     </span>
     <span class='ocr_line' id='line_1_35' title="bbox 269 4186 1567 4273; baseline -0.002 -21"><span class='ocrx_word' id='word_1_306' title='bbox 269 4186 451 4271; x_wconf 84' lang='lat' dir='ltr'>incognita,</span> <span class='ocrx_word' id='word_1_307' title='bbox 485 4208 549 4271; x_wconf 92' lang='lat' dir='ltr'>quo</span> <span class='ocrx_word' id='word_1_308' title='bbox 583 4190 716 4273; x_wconf 89' lang='lat' dir='ltr'>rectius,</span> <span class='ocrx_word' id='word_1_309' title='bbox 749 4188 853 4273; x_wconf 87' lang='lat' dir='ltr'>qualis</span> <span class='ocrx_word' id='word_1_310' title='bbox 885 4188 1000 4254; x_wconf 85' lang='lat' dir='ltr'>fuisset</span> <span class='ocrx_word' id='word_1_311' title='bbox 1028 4190 1171 4254; x_wconf 88' lang='lat' dir='ltr'>omnium</span> <span class='ocrx_word' id='word_1_312' title='bbox 1198 4189 1313 4253; x_wconf 88' lang='lat' dir='ltr'>harum</span> <span class='ocrx_word' id='word_1_313' title='bbox 1340 4187 1567 4253; x_wconf 90' lang='lat' dir='ltr'>collectionum</span> 
     </span>
     <span class='ocr_line' id='line_1_36' title="bbox 269 4297 1566 4384; baseline 0.001 -23"><span class='ocrx_word' id='word_1_314' title='bbox 269 4297 344 4362; x_wconf 87' lang='lat' dir='ltr'>fons</span> <span class='ocrx_word' id='word_1_315' title='bbox 359 4299 536 4362; x_wconf 89' lang='lat' dir='ltr'>communis</span> <span class='ocrx_word' id='word_1_316' title='bbox 541 4349 550 4382; x_wconf 95' lang='lat'>,</span> <span class='ocrx_word' id='word_1_317' title='bbox 573 4299 711 4382; x_wconf 86' lang='lat' dir='ltr'>perspici</span> <span class='ocrx_word' id='word_1_318' title='bbox 726 4303 848 4383; x_wconf 86' lang='lat' dir='ltr'>posset,</span> <span class='ocrx_word' id='word_1_319' title='bbox 871 4298 929 4363; x_wconf 88' lang='lat' dir='ltr'>has</span> <span class='ocrx_word' id='word_1_320' title='bbox 945 4321 1072 4384; x_wconf 90' lang='lat' dir='ltr'>quoque</span> <span class='ocrx_word' id='word_1_321' title='bbox 1087 4298 1285 4383; x_wconf 86' lang='lat' dir='ltr'>recipiendas</span> <span class='ocrx_word' id='word_1_322' title='bbox 1300 4319 1368 4363; x_wconf 90' lang='lat' dir='ltr'>esse</span> <span class='ocrx_word' id='word_1_323' title='bbox 1383 4301 1470 4362; x_wconf 91' lang='lat' dir='ltr'>ratus</span> <span class='ocrx_word' id='word_1_324' title='bbox 1486 4318 1566 4362; x_wconf 86' lang='lat' dir='ltr'>sum.</span> 
     </span>
    </p>

    <p class='ocr_par' dir='ltr' id='par_1_14' title="bbox 268 4404 1568 4715">
     <span class='ocr_line' id='line_1_37' title="bbox 356 4404 1567 4494; baseline 0.001 -23"><span class='ocrx_word' id='word_1_325' title='bbox 356 4404 443 4482; x_wconf 84' lang='lat' dir='ltr'>Quae</span> <span class='ocrx_word' id='word_1_326' title='bbox 458 4429 535 4473; x_wconf 87' lang='lat' dir='ltr'>uero</span> <span class='ocrx_word' id='word_1_327' title='bbox 551 4409 631 4474; x_wconf 87' lang='lat' dir='ltr'>mihi</span> <span class='ocrx_word' id='word_1_328' title='bbox 645 4408 821 4494; x_wconf 84' lang='lat' dir='ltr'>praefanda</span> <span class='ocrx_word' id='word_1_329' title='bbox 835 4409 978 4494; x_wconf 86' lang='lat' dir='ltr'>fuerant,</span> <span class='ocrx_word' id='word_1_330' title='bbox 995 4431 1033 4474; x_wconf 90' lang='lat' dir='ltr'>ea</span> <span class='ocrx_word' id='word_1_331' title='bbox 1047 4410 1080 4474; x_wconf 90' lang='lat' dir='ltr'>in</span> <span class='ocrx_word' id='word_1_332' title='bbox 1096 4412 1161 4474; x_wconf 86' lang='lat' dir='ltr'>tres</span> <span class='ocrx_word' id='word_1_333' title='bbox 1175 4411 1282 4493; x_wconf 84' lang='lat' dir='ltr'>partes</span> <span class='ocrx_word' id='word_1_334' title='bbox 1297 4406 1408 4492; x_wconf 88' lang='lat' dir='ltr'>diuisi,</span> <span class='ocrx_word' id='word_1_335' title='bbox 1431 4429 1567 4492; x_wconf 92' lang='lat' dir='ltr'>quarum</span> 
     </span>
     <span class='ocr_line' id='line_1_38' title="bbox 269 4518 1568 4605; baseline 0.002 -24"><span class='ocrx_word' id='word_1_336' title='bbox 269 4518 340 4602; x_wconf 90' lang='lat' dir='ltr'>illa,</span> <span class='ocrx_word' id='word_1_337' title='bbox 361 4539 443 4602; x_wconf 89' lang='lat' dir='ltr'>quae</span> <span class='ocrx_word' id='word_1_338' title='bbox 458 4518 599 4584; x_wconf 87' lang='lat' dir='ltr'>medium</span> <span class='ocrx_word' id='word_1_339' title='bbox 613 4520 719 4585; x_wconf 88' lang='lat' dir='ltr'>locum</span> <span class='ocrx_word' id='word_1_340' title='bbox 736 4519 874 4604; x_wconf 86' lang='lat' dir='ltr'>obtinet,</span> <span class='ocrx_word' id='word_1_341' title='bbox 898 4519 998 4604; x_wconf 89' lang='lat' dir='ltr'>ipsius</span> <span class='ocrx_word' id='word_1_342' title='bbox 1012 4520 1088 4583; x_wconf 90' lang='lat' dir='ltr'>libri</span> <span class='ocrx_word' id='word_1_343' title='bbox 1103 4519 1224 4605; x_wconf 89' lang='lat' dir='ltr'>singuli</span> <span class='ocrx_word' id='word_1_344' title='bbox 1238 4521 1392 4584; x_wconf 84' lang='lat' dir='ltr'>tractatus</span> <span class='ocrx_word' id='word_1_345' title='bbox 1407 4518 1568 4584; x_wconf 88' lang='lat' dir='ltr'>examina·</span> 
     </span>
     <span class='ocr_line' id='line_1_39' title="bbox 268 4629 1566 4715; baseline 0.001 -22"><span class='ocrx_word' id='word_1_346' title='bbox 268 4629 404 4713; x_wconf 90' lang='lat' dir='ltr'>buntur,</span> <span class='ocrx_word' id='word_1_347' title='bbox 438 4633 595 4713; x_wconf 86' lang='lat' dir='ltr'>quatenus</span> <span class='ocrx_word' id='word_1_348' title='bbox 627 4652 686 4714; x_wconf 92' lang='lat' dir='ltr'>pro</span> <span class='ocrx_word' id='word_1_349' title='bbox 720 4653 827 4695; x_wconf 89' lang='lat' dir='ltr'>rarum</span> <span class='ocrx_word' id='word_1_350' title='bbox 853 4631 999 4696; x_wconf 88' lang='lat' dir='ltr'>nouitate</span> <span class='ocrx_word' id='word_1_351' title='bbox 1025 4647 1232 4714; x_wconf 89' lang='lat' dir='ltr'>mearumque</span> <span class='ocrx_word' id='word_1_352' title='bbox 1259 4629 1378 4695; x_wconf 88' lang='lat' dir='ltr'>uirium</span> <span class='ocrx_word' id='word_1_353' title='bbox 1404 4629 1566 4715; x_wconf 87' lang='lat' dir='ltr'>paucitate</span> 
     </span>
    </p>
   </div>
   <div class='ocr_carea' id='block_1_13' title="bbox 271 4707 1700 4826">
    <p class='ocr_par' dir='ltr' id='par_1_15' title="bbox 271 4707 1700 4826">
     <span class='ocr_line' id='line_1_40' title="bbox 271 4707 1700 4826; baseline 0.001 -22"><span class='ocrx_word' id='word_1_354' title='bbox 271 4739 327 4804; x_wconf 80' lang='lat' dir='ltr'>tali</span> <span class='ocrx_word' id='word_1_355' title='bbox 364 4739 499 4806; x_wconf 90' lang='lat' dir='ltr'>consilio</span> <span class='ocrx_word' id='word_1_356' title='bbox 536 4741 613 4806; x_wconf 89' lang='lat' dir='ltr'>satis</span> <span class='ocrx_word' id='word_1_357' title='bbox 649 4741 718 4806; x_wconf 86' lang='lat' dir='ltr'>fieri</span> <span class='ocrx_word' id='word_1_358' title='bbox 753 4762 847 4826; x_wconf 89' lang='lat' dir='ltr'>posse</span> <span class='ocrx_word' id='word_1_359' title='bbox 884 4738 1061 4805; x_wconf 87' lang='lat' dir='ltr'>uidebatur.</span> <span class='ocrx_word' id='word_1_360' title='bbox 1126 4739 1253 4805; x_wconf 88' lang='lat' dir='ltr'>Primae</span> <span class='ocrx_word' id='word_1_361' title='bbox 1288 4741 1373 4825; x_wconf 89' lang='lat' dir='ltr'>parti</span> <span class='ocrx_word' id='word_1_362' title='bbox 1409 4740 1565 4806; x_wconf 88' lang='lat' dir='ltr'>librorum</span> <span class='ocrx_word' id='word_1_363' title='bbox 1699 4707 1700 4746; x_wconf 24' lang='grc' dir='ltr'>ζ</span> 
     </span>
    </p>
   </div>
   <div class='ocr_carea' id='block_1_14' title="bbox 0 0 1714 5450">
    <p class='ocr_par' dir='ltr' id='par_1_16' title="bbox 0 0 1714 5450">
     <span class='ocr_line' id='line_1_41' title="bbox 0 0 1714 5450; baseline 0 1"><span class='ocrx_word' id='word_1_364' title='bbox 0 0 1714 5450; x_wconf 95' lang='lat' dir='ltr'> </span> 
     </span>
    </p>
   </div>
  </div>
 </body>
</html>
