3394 5448
266 324 329 391 284
659 325 934 377 nraauann‘man
953 323 1163 378 surtuonvu.

189 585 193 593 Ι
352 514 432 576 lnter
454 512 540 574 dulce
561 521 591 575 et
614 531 704 574 suaue
726 513 783 572 lroc
804 514 942 582 interest,
966 511 1046 588 quod
1069 508 1155 571 dulce
1176 510 1255 585 idem
1279 518 1377 592 potest
1399 512 1549 591 essequod

267 633 367 686 suaue,
391 632 450 675 non
474 616 575 694 atique
596 633 703 684 suaue,
728 613 805 690 quod
829 611 929 674 dulce:
959 610 1045 673 dulce
1073 613 1152 673 enim
1182 611 1239 672 mel
1269 612 1396 674 dicimus
1419 621 1449 673 et
1469 632 1550 674 saaac

266 727 397 786 acetum,
423 716 501 793 quod
524 735 584 777 non
607 725 652 778 est
674 713 770 777 dulce.

350 818 430 880 lnter
462 816 572 880 bellam
606 825 637 878 et
669 816 798 877 duellum
832 818 889 878 boo
922 817 1062 885 interest,
1100 815 1179 895 quod
1213 813 1323 876 bellum
1356 817 1387 875 in
1423 823 1549 878 externas

265 928 377 1001 partes,
408 918 538 981 duellum
567 920 645 980 inter
668 918 748 981 ciues
770 917 881 979 dictum
905 935 956 988 eo,
985 917 1065 996 quod
1093 915 1250 978 diuellatur
1277 915 1405 997 populus
1432 918 1463 978 in
1485 917 1570 980 duasc

264 1029 373 1103 partes.

348 1123 429 1183 lnter
452 1121 620 1202 exemplum
644 1129 674 1182 et
695 1120 918 1183 similitudinem
934 1121 991 1182 boc
1012 1121 1152 1191 interest,
1175 1119 1255 1200 quod
1277 1117 1444 1200 exemplum
1467 1120 1550 1182 bisto-

264 1227 321 1296 ria,
345 1221 508 1286 similitudo
530 1243 563 1284 re
586 1223 778 1304 adprobatur.

347 1327 428 1388 lnter
450 1325 636 1387 diuinitatem
660 1334 691 1386 at
712 1324 927 1386 diuinationem
951 1325 1007 1385 boc
1028 1325 1167 1393 interest,
1190 1322 1268 1402 quod
1285 1323 1426 1385 diuinitas
1447 1324 1482 1385 ad
1504 1343 1550 1404 po·

263 1430 384 1490 tentiam
408 1429 539 1489 retertur
561 1435 591 1489 et
614 1428 758 1487 diuinatio
781 1426 949 1486 tatarorum
972 1425 1123 1505 praescios
1144 1424 1223 1485 iacit.
1561 1443 1580 1479 a

346 1530 428 1591 lnter
442 1531 510 1590 'uim
535 1535 565 1589 et
587 1530 727 1589 uirtutem
750 1529 806 1588 boc
828 1529 968 1597 interest,
997 1527 1077 1607 qaod
1106 1529 1200 1588 uirtus
1221 1528 1347 1588 honesta
1369 1545 1420 1588 res
1442 1526 1549 1598 dicitur,

264 1633 309 1692 ais
330 1631 449 1694 iniuria.

346 1733 427 1793 lnter
454 1748 558 1809 rogum
583 1741 612 1793 et
640 1748 743 1810 pyram
771 1731 828 1791 boc
855 1731 995 1798 interest,
1024 1729 1103 1811 qaod
1132 1747 1222 1810 rogus
1250 1730 1398 1791 defunctis
1426 1738 1547 1810 paratu,

260 1853 334 1915 pyra
356 1834 518 1896 sacrificiis.
1307 1910 1313 1923 ⁹

346 1936 426 1996 lnter
454 1952 534 1996 arma
564 1943 594 1996 et
621 1942 805 1995 armamenta
837 1940 866 1993 et
898 1932 955 1995 tela
988 1934 1046 1994 hoc
1077 1937 1217 2004 interest,
1256 1933 1335 2012 quod
1367 1952 1449 1995 arma
1477 1945 1546 2005 suut,
1559 1949 1577 1988 15

262 2038 372 2117 quibus
399 2055 525 2116 corpora
553 2037 584 2097 in
611 2034 690 2097 bello
719 2042 874 2114 teguntur,
902 2043 1085 2096 armamenta
1112 2037 1251 2106 nauium,
1278 2035 1335 2096 tela
1363 2035 1484 2097 missilia
1504 2036 1547 2096 ael

262 2138 368 2202 iacula.

346 2242 427 2303 lnter
455 2241 551 2300 uirum
575 2248 604 2301 et
631 2239 794 2301 masculum
822 2239 879 2300 hoc
906 2239 1046 2309 interest,
1077 2238 1158 2318 quod
1185 2240 1234 2299 uir
1261 2240 1377 2318 specie,
1406 2237 1547 2301 masculas

260 2361 385 2422 genere,
414 2349 445 2402 et
470 2342 518 2401 uir
545 2347 683 2418 quattuor
710 2339 805 2402 modis
834 2339 1032 2419 intellegitur,
1067 2340 1150 2422 idest
1172 2341 1272 2420 specie
1305 2348 1411 2402 natura
1444 2344 1547 2422 nuptiis

261 2447 386 2514 uirtute,
410 2440 557 2504 masculus
579 2442 667 2504 etiam
689 2443 727 2504 ab
750 2442 869 2503 homine
891 2450 1079 2520 segregatur,
1104 2451 1135 2501 at
1157 2444 1188 2501 in
1210 2441 1387 2504 animalibus
1409 2443 1524 2505 dicitur.
1557 2456 1578 2495 2⁰

344 2545 425 2608 later
446 2547 585 2624 primam,
599 2553 629 2605 et
650 2545 782 2625 priorem
796 2544 860 2616 ,boc
882 2545 1021 2612 interest,
1044 2543 1122 2622 quod
1138 2545 1254 2623 primus
1268 2543 1422 2624 praecedit
1436 2545 1545 2614 multos,

261 2650 342 2728 prior
364 2645 498 2712 alterum.

345 2749 426 2810 later
452 2749 610 2829 proiugum
633 2755 662 2809 et
684 2746 801 2809 exulem
824 2755 853 2808 et
874 2744 1040 2827 relegatum
1067 2754 1096 2807 et
1125 2747 1307 2826 transfugam
1335 2747 1393 2810 hoc
1419 2751 1545 2818 interest,

260 2849 338 2930 quod
361 2850 504 2930 profugus
526 2851 613 2930 quasi
635 2849 804 2911 uoluntario
827 2848 982 2929 relinquit,
1012 2849 1081 2910 exul
1109 2847 1262 2910 damnatus
1284 2847 1451 2930 expellitur,
1473 2848 1544 2912 rele-

259 2959 345 3031 gatus
367 2951 404 3013 ad
427 2960 560 3030 tempus,
584 2950 752 3028 transfuga,
775 2951 826 3030 qui
849 2949 886 3010 ad
907 2950 1009 3012 hostes
1030 2952 1144 3011 transit.
1556 2959 1577 2998 2⁵

344 3054 425 3114 lnter
447 3051 537 3112 altum
561 3058 591 3112 at
612 3050 761 3113 excelsum
784 3050 842 3112 hoc
863 3053 1002 3122 interest,
1025 3050 1105 3131 quod
1121 3049 1211 3113 altam
1227 3059 1287 3113 tam
1311 3055 1342 3113 in
1365 3053 1544 3132 superiorem

259 3160 374 3234 partem
403 3153 511 3214 elatum
539 3151 732 3232 intellegitur,
761 3169 847 3232 quam
876 3152 956 3232 quod
978 3153 1014 3214 ad
1036 3153 1179 3216 interiora
1203 3153 1372 3232 deponitur,
1402 3155 1543 3216 excelsam

259 3257 290 3315 in
312 3255 450 3334 superius
472 3260 595 3315 tantum.

343 3356 424 3418 lnter
447 3356 508 3415 uim
531 3361 561 3416 et
582 3356 662 3417 uires
690 3355 747 3416 boe
774 3357 912 3426 interest,
941 3356 1019 3436 quod
1041 3359 1086 3417 uis
1109 3359 1221 3437 impeta
1244 3363 1274 3417 et
1293 3357 1402 3418 iniuria
1424 3366 1544 3428 constat

327 3646 338 3693 i
359 3643 432 3692 daloe
451 3643 517 3692 idem
536 3651 689 3708 potestesse
701 3673 733 3680 —
746 3644 814 3706 qaod
833 3643 906 3694 dulce
925 3659 974 3693 non
988 3643 1210 3706 est‘Gotbost-edua
1219 3660 1247 3708 p.
1258 3647 1306 3693 101
1374 3647 1428 3694 tet
1439 3645 1542 3694 anellum

291 3712 315 3760 in
336 3723 455 3770 catenas,
473 3727 543 3762 corr.
555 3723 673 3762 externas
742 3711 886 3763 bacellum
905 3713 970 3761 inter
987 3713 1056 3761 ciues
1074 3711 1169 3761 dictum
1188 3725 1218 3761 eo
1237 3711 1307 3774 qaod
1324 3713 1448 3762 auellatas
1482 3713 1544 3763 later

257 3779 349 3828 bellam
368 3790 392 3828 et
410 3778 520 3828 anellum
538 3779 586 3828 boc
604 3781 716 3838 interest,
735 3780 805 3842 qaod
824 3779 915 3829 bellam
934 3781 999 3830 inter
1016 3789 1117 3829 exteras
1134 3789 1233 3845 gentes,
1253 3779 1368 3829 breellum
1388 3782 1453 3830 inter
1470 3782 1543 3840 ciues,

256 3847 351 3896 dictum
370 3847 440 3910 qaod
461 3846 605 3897 saellantur
626 3847 714 3912 populi
739 3849 764 3896 ia
783 3847 847 3897 duas
866 3863 941 3912 paros
961 3847 1133 3910 Gothosredua
1148 3863 1176 3912 p.
1196 3850 1323 3901 101.102
1428 3850 1543 3899 'Iistoria

257 3914 402 3980 exemplam
425 3914 533 3966 historie
555 3926 607 3974 est,
631 3915 770 3965 similitudo
788 3915 944 3980 adprobatur
962 3914 1135 3977 Gotbosredus
1150 3932 1178 3979 p.
1197 3917 1248 3964 102
1296 3961 1298 3964 .
1352 3917 1383 3968 10
1403 3919 1544 3980 praesciuor

257 3981 318 4032 lacit
368 3983 489 4033 diuinitas
508 3982 698 4048 adpetentiam
722 3984 833 4032 nominis
856 3981 963 4032 retertur
979 4010 1012 4018 —
1031 3983 1162 4047 praescias
1184 3981 1245 4031 iacit
1264 3983 1435 4046 Gotlosredas
1449 4001 1478 4049 p.
1498 3987 1543 4034 102

259 4053 289 4101 12
309 4050 349 4099 air
366 4051 459 4100 iniuria
510 4051 591 4100 airtas
611 4050 712 4100 hortare
735 4061 785 4114 est,
809 4051 849 4099 ais
874 4051 967 4100 talaria
986 4051 1159 4114 Gotdofredaa
1175 4066 1201 4114 p.
1220 4053 1285 4113 102,
1303 4053 1337 4114 es.
1356 4052 1434 4116 Iieiff.
1452 4069 1479 4116 ρ.
1498 4053 1543 4101 201

257 4121 289 4170 13
306 4119 388 4182 piram
441 4127 544 4183 paratas
563 4119 619 4183 piru
636 4117 757 4168 sacrificis
810 4132 889 4182 rogus
907 4145 940 4154 —
958 4119 1090 4168 sacrificiis
1111 4118 1282 4180 Gotdosredas
1297 4135 1325 4183 p.
1345 4121 1404 4178 102,
1423 4121 1458 4182 es.
1473 4120 1542 4184 lieiff.

254 4203 281 4250 p.
300 4187 352 4235 288
421 4186 453 4234 16
469 4185 572 4235 masilia
623 4201 693 4234 arma
711 4195 771 4236 sunt
788 4187 881 4248 quibas
899 4200 1006 4251 corpora
1025 4197 1156 4235 nostra-
1169 4185 1250 4234 iacula
1269 4185 1442 4247 Gotbofredaa
1457 4203 1485 4252 p.
1498 4188 1542 4236 102

258 4255 289 4303 18
307 4253 401 4318 speciae
470 4254 502 4304 ta
521 4262 546 4302 et
563 4255 602 4302 uir
620 4254 686 4304 iaior
704 4253 749 4314 (-·-·
767 4253 812 4302 llll
825 4254 865 4315 or)
883 4255 966 4304 modis
1018 4255 1106 4320 specie
1157 4255 1245 4318 nuptis
1297 4255 1542 4319 nirspecieiatelli-

255 4322 332 4386 gitta,
350 4319 479 4369 mascalas
496 4335 590 4385 genere
607 4331 631 4370 et
648 4323 717 4382 quod
736 4323 775 4371 uir
793 4321 873 4370 tribus
895 4323 979 4372 modis
1002 4321 1165 4386 intelligitur,
1187 4331 1278 4370 natura
1299 4323 1395 4386 nuptiis
1415 4333 1439 4372 et
1456 4324 1543 4371 uirtute

256 4415 288 4424 —
306 4399 334 4438 ut
350 4388 375 4436 in
395 4387 547 4438 animalibus
567 4389 737 4451 (baldefredus
753 4407 783 4454 p.
800 4392 860 4452 102,
877 4391 911 4454 of.
930 4391 1007 4454 Ilelff.
1024 4407 1052 4454 p.
1070 4393 1121 4438 205
1206 4391 1237 4440 21
1256 4390 1327 4453 prior
1348 4390 1456 4439 alteram
1473 4405 1540 4455 prae·

255 4457 321 4506 cedit
339 4456 436 4522 primas
456 4457 574 4506 omnibus
594 4457 765 4520 Gotdosredus
780 4473 807 4522 p.
826 4460 884 4522 102,
902 4459 938 4521 cs.
956 4458 1032 4524 Reiff.
1050 4474 1077 4522 p.
1097 4459 1150 4506 287
1217 4459 1251 4507 23
1269 4456 1403 4522 religatam
1422 4469 1446 4507 et
1464 4467 1540 4507 trans·

254 4523 344 4588 lagum
363 4524 412 4573 hoc
430 4535 469 4573 est
536 4526 570 4575 24
587 4524 737 4574 uoluntariae
760 4525 866 4586 reliquid
890 4525 948 4575 exttl
966 4527 1104 4576 damnatus
1157 4523 1277 4590 religatus
1345 4527 1379 4577 25
1396 4525 1541 4590 transfugas

255 4593 298 4654 qui
322 4592 355 4641 ad
376 4589 461 4642 ¹¹ostes
529 4590 655 4658 profugas
677 4594 752 4656 quasi
773 4592 915 4643 uoluntaria
937 4593 1079 4656 reliquerit,
1103 4593 1160 4643 exal
1183 4593 1287 4654 quidam
1312 4604 1439 4643 natas-
1457 4594 1541 4643 transit

257 4659 428 4722 Gotltofredac
444 4676 472 4724 p,
491 4662 541 4710 102
620 4661 653 4710 26
671 4661 785 4710 excisam
803 4661 852 4709 lroc
870 4673 909 4710 est
958 4663 984 4712 in
1002 4662 1135 4726 superiore
1155 4671 1228 4727 parte
1295 4663 1328 4712 27
1345 4677 1450 4724 qnamq;
1499 4661 1540 4710 de-

255 4728 329 4791 ponit
379 4726 458 4775 altum
475 4737 525 4776 tam
544 4728 570 4776 in
588 4729 746 4794 superiorem
764 4738 861 4794 partem
880 4729 972 4780 elatam
990 4729 1155 4794 intelligimus
1174 4743 1250 4792 qnam
1268 4729 1300 4778 ad
1317 4729 1540 4780 interiora—tnn-

256 4805 309 4844 tam
328 4795 499 4858 Gotdofredus
515 4812 541 4860 p.
561 4798 610 4844 102
