3390 5444
665 300 876 356 annuariam.
1358 303 1419 366 119

116 492 166 552 fax
196 491 286 560 faeis;
316 492 483 552 communia
506 490 595 552 trium
618 507 776 568 generum,
808 499 840 552 ut
862 490 910 551 hic
933 499 963 552 el
985 491 1059 552 lraec
1082 498 1112 552 et
1134 491 1190 552 hoc
1213 490 1301 552 fallax
1324 509 1416 551 uorax

113 601 276 654 contumax
299 611 390 673 rapax
412 592 506 654 audax
531 599 618 653 tenax
639 609 728 670 sagax
743 594 869 654 mendax
885 594 1040 672 perspicax
1056 593 1159 656 efficax
1176 591 1413 664 uerax;,horum

113 699 250 759 omnium
287 696 442 774 genetiuus
472 695 503 755 in
532 695 574 754 cis
606 694 793 756 terminator.
851 695 937 756 Haec
964 703 1063 756 eutem
1090 699 1213 756 nomino
1240 698 1411 756 communia

111 803 208 860 trium
235 813 380 874 generum
408 799 440 858 in
467 813 510 856 ux
538 797 708 858 desinentia
737 799 781 859 sic
808 788 1018 858 declinantur:
1059 795 1110 856 hic
1138 803 1168 856 et
1195 795 1269 857 haec
1298 805 1329 856 et
1355 795 1412 856 hoe

83 914 223 969 anerax,
248 899 335 962 huius
357 898 485 968 ueracis,
510 898 578 960 huic
600 901 718 968 ueraci,
746 898 825 959 hune
849 905 878 958 et
901 897 978 959 hane
1005 915 1142 959 ueracem
1168 905 1197 958 et
1225 896 1282 957 hoe
1310 915 1412 966 uorax,

110 1021 130 1061 n
153 1019 266 1071 nerax,
294 999 331 1061 ab
359 998 416 1061 huc
438 1005 466 1060 et
487 1000 525 1060 ab
546 1003 605 1060 lae
627 1005 656 1060 et
678 998 715 1059 ab
738 998 795 1060 hoe
817 1001 932 1070 ueraci,
961 999 993 1058 lai
1016 1008 1045 1060 et
1066 997 1122 1060 hae
1144 1017 1268 1061 ueraces
1290 1009 1319 1060 et
1341 998 1415 1059 haee

110 1105 251 1170 ueraeia,
280 1103 386 1163 horum
409 1109 439 1162 et
461 1101 566 1162 harum
589 1100 747 1162 ethorum
770 1103 937 1171 ueracium,
965 1100 1013 1161 his
1036 1100 1207 1171 ueracibus,
1230 1100 1286 1160 hos
1309 1110 1338 1160 et
1360 1101 1413 1162 has

111 1223 241 1266 ueraces
264 1212 293 1264 et
315 1203 389 1264 haec
410 1205 544 1272 ueracia,
570 1220 587 1263 o
609 1220 732 1263 ueraces
755 1212 785 1262 et
807 1222 824 1262 ο
847 1202 981 1273 ueracia,
1006 1202 1042 1264 ab
1065 1203 1111 1264 lais
1134 1200 1300 1266 ueracibus.

198 1305 231 1368 ln
261 1323 297 1366 cx
320 1312 391 1382 quot
413 1321 525 1383 genera
545 1305 759 1365 inueniuntur?
802 1304 865 1364 Hoc
888 1312 934 1366 est
955 1311 1109 1383 quattuor,
1139 1303 1301 1365 masculina
1323 1306 1411 1366 femi·

68 1422 92 1463 ιο
108 1409 182 1469 nina
205 1408 375 1469 communia
397 1407 504 1466 incerti
526 1406 658 1483 generis;
688 1403 864 1474 masculina,
890 1415 922 1466 ut
943 1405 991 1467 hic
1014 1415 1117 1468 uertex
1140 1409 1280 1476 uerticis,
1304 1415 1410 1468 uertex

108 1511 244 1579 uerticis,
268 1527 343 1588 apex
366 1504 468 1587 apicis,
492 1506 626 1586 pontifex
649 1507 805 1586 pontificis
823 1525 874 1568 rex
889 1508 976 1586 regis,
992 1525 1066 1585 grex
1082 1509 1190 1587 gregis,
1207 1526 1297 1570 senex
1313 1510 1407 1578 sonim

105 1612 271 1680 feminina,
300 1617 334 1672 ut
354 1608 428 1670 haec
450 1607 497 1668 lex
519 1607 607 1686 legis,
636 1607 710 1668 haec
731 1605 864 1689 †uertex
888 1609 1022 1678 uerticis,
1044 1607 1178 1687 supellex
1202 1609 1409 1689 supellectilis:

105 1713 278 1775 communia
308 1713 395 1773 trium
424 1728 583 1787 generum,
614 1719 645 1771 ut
674 1710 723 1769 hie
745 1718 774 1774 et
795 1709 870 1770 haec
892 1718 921 1770 et
943 1709 998 1770 hoc
1022 1710 1136 1788 opifex,
1166 1710 1214 1770 hic
1237 1719 1267 1772 et
1288 1711 1362 1772 haec
1383 1719 1413 1774 et

102 1817 164 1876 itae
188 1811 308 1893 duplex,
333 1814 377 1872 sic
400 1812 505 1891 triplex
528 1810 727 1890 quadruplum
751 1812 876 1873 duorum
900 1828 1052 1889 generum,
1076 1821 1110 1873 ut
1133 1812 1181 1872 hic
1203 1819 1233 1874 et
1254 1812 1328 1873 haec
1345 1831 1410 1873 car·

67 1933 89 1971 rs
104 1916 199 1991 nifex,
223 1915 272 1975 laic
295 1924 325 1975 et
345 1914 419 1975 haec
441 1913 567 1982 uindex;
599 1914 706 1974 incerti
728 1914 861 1992 generis,
886 1921 918 1974 ut
940 1913 988 1973 ιιι.
1010 1912 1057 1974 uel
1080 1913 1155 1973 haec
1177 1913 1265 1998 silex,
1290 1914 1339 1976 hic
1361 1913 1408 1976 uel

103 2016 182 2078 fraer.
205 2024 323 2084 cortex,
348 2013 396 2076 lric
419 2013 466 2074 uel
490 2014 562 2075 haec
586 2031 699 2082 rumex.

192 2118 226 2179 ln
254 2120 284 2178 ix
313 2125 384 2197 quot
412 2132 522 2192 genera
549 2117 764 2176 terminantur?
808 2115 893 2186 Tria,
923 2115 980 2177 hoc
1007 2125 1053 2179 est
1081 2115 1244 2178 masculina
1267 2117 1408 2177 feminina

103 2221 294 2287 communia;
320 2218 494 2285 masculina,
519 2224 551 2278 ut
573 2216 621 2278 hic
643 2214 719 2278 calix
741 2215 858 2286 calicis,
882 2220 932 2297 pix
956 2219 1044 2297 picis,
1069 2218 1150 2298 pulix
1173 2217 1292 2297 pulicis:
1323 2219 1409 2279 femi-

102 2324 189 2392 nina,
218 2329 253 2383 ut
280 2320 354 2382 haee
382 2319 465 2380 radix
495 2318 621 2386 radicis,
651 2321 793 2379 meretrix
813 2321 920 2397 ,nutrix
948 2321 1056 2380 textrix
1079 2321 1220 2387 creatrix;
1250 2338 1410 2381 commune

64 2440 89 2479 ao
102 2427 197 2486 trium
222 2439 380 2502 generum,
406 2429 438 2480 ut
459 2418 507 2480 hic
530 2428 559 2482 et
580 2418 654 2480 haec
669 2416 682 2503 ΙΙ
698 2421 718 2480 ι.
737 2417 813 2482 107·
830 2417 842 2504 ΙΙ
859 2429 888 2482 el
908 2420 966 2481 hoc
988 2420 1069 2482 felix.

191 2525 225 2586 ln
248 2543 287 2585 ox
309 2531 381 2603 (prot
403 2539 513 2600 genera
535 2523 746 2584 inueniuntur?
783 2522 862 2593 Tria,
884 2522 962 2583 idest
984 2521 1144 2584 masculina
1167 2522 1310 2586 feminina
1325 2541 1407 2584 com-

102 2627 221 2696 munia;
259 2623 436 2693 masculina,
470 2631 503 2684 ut
530 2621 578 2684 laic
606 2623 690 2684 ferox
718 2623 841 2694 ferocis,
871 2624 919 2685 iric
946 2623 1085 2686 Allobrox
1114 2622 1295 2703 Allobrogis,
1327 2626 1406 2704 quod

104 2747 216 2790 nomen
247 2745 351 2788 ursum
377 2725 536 2804 significan
566 2725 721 2796 feminina,
752 2732 786 2786 ut
807 2724 879 2786 haec
900 2743 958 2786 nox
980 2726 1091 2796 noctis,
1120 2745 1178 2788 uox
1202 2727 1297 2792 uocis;
1325 2744 1406 2788 com·

101 2833 206 2893 munia
234 2830 323 2890 trium
353 2845 512 2906 generum,
542 2834 574 2886 ut
596 2824 645 2886 hie
668 2825 793 2888 ethaeo
815 2835 844 2888 et
864 2826 920 2888 h'oc
943 2825 1030 2888 uelox
1052 2826 1179 2898 uelocis,
1209 2827 1258 2889 hic
1280 2836 1310 2889 et
1332 2827 1405 2890 haec

63 2942 131 2995 sset
155 2934 215 2994 boc
237 2939 321 2992 atrox
344 2932 453 2990 atrocis
476 2936 505 2989 et
527 2928 609 2989 ferox
633 2935 663 2989 et
685 2937 718 2989 ut
739 2927 789 2989 alii
812 2927 915 2988 dicunt
936 2975 1027 2990 .....

172 3025 223 3094 ἰιι
247 3051 285 3092 ux
309 3038 380 3110 quot
402 3047 511 3108 genera
535 3030 745 3091 inueniuntur?
789 3029 867 3100 Tria,
891 3029 1063 3102 masculina,
1086 3040 1118 3093 ut
1140 3030 1189 3092 laic
1212 3030 1314 3106 Pollux
1337 3031 1405 3094 Pol·

98 3138 185 3206 Ιιιιιι,
210 3134 288 3215 quod
312 3134 465 3214 proprium
489 3139 543 3202 est,
566 3139 595 3194 et
615 3134 842 3209 appellativum,
865 3139 899 3192 ut
920 3131 968 3192 liic
990 3133 1047 3194 dux
1071 3132 1171 3202 ducis:
1198 3133 1350 3204 feminina,
1374 3144 1406 3196 ut

100 3240 176 3300 iraec
205 3255 265 3298 nux
296 3236 394 3303 nucis,
425 3232 475 3295 lux
501 3233 593 3303 lucis,
622 3251 694 3294 crux
717 3234 827 3303 crucis;
857 3252 1015 3296 commune
1037 3235 1162 3298 duorum
1185 3253 1343 3314 generum,
1372 3247 1407 3299 ut

98 3341 145 3400 iric
170 3347 200 3400 ei
223 3337 296 3398 haec
318 3337 399 3397 frux:
424 3353 479 3414 pro
502 3334 605 3413 ‘frugi'
621 3334 762 3396 Ennius
783 3335 863 3397 ‘frux
878 3335 981 3397 homo’
1004 3338 1118 3416 posuit;
1142 3355 1299 3399 commune
1315 3341 1403 3401 trium

61 3458 262 3518 mgenerum,
287 3448 319 3498 ut
342 3437 389 3497 laic
411 3444 441 3497 et
462 3435 535 3498 liaeo
558 3445 588 3498 et
609 3436 666 3496 hoc
688 3444 756 3498 trux
779 3439 880 3500 trucis.
928 3437 1006 3500 llaec
1028 3457 1099 3516 ergo
1121 3441 1240 3500 nomina
1264 3459 1282 3500 x
1306 3439 1403 3502 littera

96 3543 259 3604 terminata
288 3541 469 3602 nominatiuo
497 3557 568 3602 casu
597 3540 726 3617 quinque
756 3537 869 3617 regulis
895 3540 1004 3601 uariari
1032 3538 1170 3601 uidentur
1193 3542 1223 3600 in
1245 3542 1402 3623 genetiuis,

96 3645 227 3706 hoc’est
249 3640 305 3703 alia
327 3643 357 3702 in
380 3641 429 3716 eis,
453 3639 509 3701 alia
532 3641 562 3700 in
586 3641 638 3718 gis,
663 3639 718 3700 alia
740 3641 772 3702 in
793 3640 838 3711 lis,
861 3641 918 3704 alia
939 3643 971 3702 in
994 3643 1049 3711 uis,
1072 3639 1128 3702 alia
1150 3643 1180 3702 in
1203 3644 1259 3704 nis.
1305 3643 1338 3704 ln
1360 3646 1403 3705 cis

97 3753 200 3808 autem
223 3743 351 3805 maxime
372 3744 537 3812 terminata,
561 3749 595 3803 ut
616 3740 675 3803 dux
697 3741 789 3814 ducis,
813 3761 872 3804 uox
895 3745 984 3814 uocis,
1009 3761 1100 3823 rapax
1121 3745 1239 3824 rapacis
1259 3751 1290 3806 et
1303 3752 1401 3808 cetera

170 3963 268 4016 fialas
337 3963 447 4012 2eflcsx
498 3963 674 4026 3genetiuum
726 3962 794 4012 Haec
805 3971 890 4012 eutem
902 3963 1219 4014 nomina-declinantur
1230 3967 1321 4016 addidi
1330 3981 1400 4018 nme

96 4037 157 4086 limat
174 4035 288 4083 focarias
305 4032 428 4082 rationem
445 4031 596 4094 respiciens.
632 4031 777 4081 Proeiewa
793 4032 819 4080 in
836 4031 925 4081 codice
941 4031 1095 4082 neelami:
1130 4034 1157 4081 ln
1176 4048 1208 4082 ex
1227 4044 1289 4095 quot
1306 4049 1401 4100 genere

95 4099 282 4152 irrueniuntur?
301 4097 355 4148 llcc
367 4107 406 4148 est
417 4107 539 4160 quattuor
550 4105 610 4148 ante
621 4097 663 4147 hic
676 4109 700 4146 et
712 4097 774 4148 haec
786 4097 871 4149 etheo
883 4113 962 4150 uerax
974 4105 1023 4154 etc.
1034 4102 1122 4165 posita
1132 4107 1200 4152 sunt.
1244 4104 1260 4152 6
1273 4112 1298 4150 et
1308 4102 1340 4152 sb
1353 4102 1400 4152 heo

96 4187 146 4224 om.
201 4167 283 4218 uersti
301 4165 337 4215 hii
354 4176 379 4216 et
394 4165 427 4215 lre
478 4166 602 4217 fueratis
654 4167 780 4216 ceretium
831 4167 975 4231 8ueratia,
994 4168 1032 4219 iis
1102 4171 1134 4219 10
1146 4167 1206 4220 med
1219 4178 1246 4218 ut
1257 4169 1299 4219 hic
1311 4180 1399 4220 uertex

97 4242 131 4298 13
148 4237 214 4287 haec
231 4245 256 4286 et
273 4233 315 4284 hic
365 4233 407 4283 hie
424 4243 449 4284 et
466 4233 529 4284 haec
546 4233 642 4300 duplex
703 4236 736 4286 14
753 4245 781 4284 ut
797 4233 839 4284 hic
857 4235 896 4285 uel
915 4235 977 4285 haec
995 4236 1061 4286 silex
1077 4235 1120 4287 hio
1137 4237 1176 4288 uel
1196 4237 1258 4288 laese
1274 4236 1341 4288 silex
1358 4239 1400 4288 hic

98 4306 139 4356 uel
163 4305 227 4354 haec
253 4301 349 4354 uindex
375 4303 465 4369 preerat
491 4304 593 4368 generis
617 4312 645 4352 ut
666 4301 707 4352 hic
731 4302 771 4353 uel
789 4303 892 4354 ethaeo
914 4302 1027 4356 carnifex
1045 4303 1087 4354 hic
1105 4314 1129 4354 et
1145 4303 1207 4355 llaec
1225 4305 1321 4356 uindex
1338 4314 1398 4371 ein,

95 4374 229 4426 uocabulis
247 4369 288 4420 uel
306 4369 368 4420 haec
385 4370 452 4420 silex
469 4396 501 4408 -
520 4371 621 4437 generis
640 4379 668 4420 ut
684 4370 727 4420 hic
743 4370 783 4424 uel
802 4372 870 4424 linea
886 4373 996 4422 induetis
1085 4373 1117 4424 15
1134 4371 1176 4422 hic
1193 4372 1234 4424 uel
1252 4372 1316 4424 haec
1332 4375 1398 4426 silex

99 4443 139 4492 iric
159 4441 199 4492 uel
218 4440 282 4490 liuec
299 4439 364 4488 silex
442 4441 475 4491 16
492 4453 597 4489 crumex
667 4441 698 4491 lt
716 4449 770 4489 tren
840 4441 871 4489 19
889 4440 1003 4490 meritrix
1070 4441 1102 4490 21
1122 4441 1192 4503 quod
1243 4443 1398 4508 ingueniun-

96 4523 146 4574 tur,
165 4525 183 4574 g
202 4523 272 4560 eras.
325 4518 379 4558 tres
446 4509 479 4558 22
497 4507 604 4558 alsbrox
622 4505 747 4558 alabrocis
815 4508 849 4558 26
867 4518 892 4557 et
908 4518 936 4557 ut
952 4507 995 4558 alii
1012 4505 1111 4573 dicunt]
1128 4509 1259 4560 Lacunam
1276 4511 1397 4562 indicaui.

95 4581 222 4631 Fortasse
240 4573 400 4626 scribendum
417 4580 472 4626 esti
488 4586 513 4625 et
530 4575 581 4626 alia
598 4589 666 4637 quas
683 4575 799 4626 similiter
816 4575 936 4626 dicuntur
1020 4577 1054 4626 26
1071 4577 1141 4640 quod
1198 4589 1251 4628 tres
1307 4577 1398 4644 pullux

96 4645 208 4712 pollucis
279 4645 312 4695 27
330 4643 555 4709 stuppellatiuum
573 4644 664 4694 addidi
731 4645 764 4694 29
781 4658 828 4708 pro
847 4641 903 4710 fugi
970 4639 1081 4711 Ennius]
1101 4646 1136 4708 ef.
1156 4646 1240 4700 Prisc,
1259 4646 1276 4695 Ι
1293 4649 1354 4710 278,
1365 4650 1397 4697 16

96 4717 129 4766 32
146 4714 198 4764 nlia
217 4715 244 4760 in
261 4707 309 4776 cis]
329 4711 379 4761 elia
396 4713 421 4762 iu
441 4712 478 4762 ιιι
530 4712 556 4761 in
570 4711 615 4784 ‘his
633 4722 717 4760 autem
802 4713 835 4764 33
853 4713 906 4762 dux
928 4711 1006 4771 lueis,
1028 4719 1057 4764 ut
1072 4713 1186 4776 fortusse
1207 4714 1320 4766 suibus:
1343 4717 1397 4768 dlix

96 4783 170 4834 ducis
188 4781 235 4831 lux
253 4779 317 4830 lncls
369 4791 394 4830 et
411 4791 493 4830 cetera
499 4817 574 4832 .....
580 4777 591 4844 ]
609 4779 763 4845 Exemplum
779 4782 843 4846 ‘gis'
861 4782 1045 4834 terndeefienis
1062 4782 1193 4834 intercidit
