3412 5452
275 361 397 412 cxxxn
661 349 711 400 DE
729 345 974 400 DISSONANTIA
993 345 1183 400 SERMONIS.

358 540 458 616 Ipitur
478 536 506 600 si
526 538 602 599 liaeo
623 535 724 598 ommia
740 536 966 614 perpendimus,
987 537 1086 608 facile
1107 534 1305 611 alaudam,
1329 543 1362 597 ut
1383 553 1443 598 aaa
1468 531 1572 599 Isido-

274 659 342 705 rum
364 650 496 710 tontum,
524 641 580 700 sed
605 643 733 701 alterum
760 643 886 716 insuper
907 639 1023 712 sautem
1045 656 1065 697 a
1085 637 1233 713 plossorii
1252 645 1377 700 auctore
1397 634 1574 699 adhibitura

274 762 337 806 esse
362 742 564 820 suspicemur:
592 759 662 803 nam
691 739 934 816 differentiarum
962 738 1068 820 istam,
1093 757 1173 816 quoe
1194 749 1337 816 uocatur,
1361 741 1573 803 collectionem

274 864 334 907 uam
357 846 489 908 omnibus
510 847 584 905 loeis
602 862 661 921 pro
684 842 799 906 Isidori
820 843 898 904 libro
921 841 1025 920 oooipi
1037 861 1125 920 posse
1140 847 1189 904 uel
1202 842 1276 905 iude
1288 845 1473 905 concludere
1486 839 1573 918 lieet,

275 951 357 1026 quod
371 946 401 1020 s.
427 944 481 1006 75ὓ
502 949 560 1008 ool.
583 951 606 1008 2
632 944 766 1022 duplicis
787 943 1003 1023 explicationis
1024 941 1125 1007 altero
1152 947 1196 1006 od
1222 949 1399 1006 ‘sermonum
1423 947 1574 1021 differen-
1624 955 1628 964 ·

273 1053 353 1127 tias,
377 1053 474 1110 oltera
496 1051 540 1109 ad
560 1046 711 1110 Isidorum
733 1048 878 1122 refertur.
924 1049 962 1108 Aa
982 1047 1122 1124 plurimis
1148 1047 1225 1109 loeis
1247 1050 1348 1109 eodem
1370 1047 1424 1109 illo
1446 1042 1577 1107 momine
1692 1053 1693 1090 3

273 1149 426 1213 Isidorum
448 1149 622 1226 sipaitieuri
644 1160 672 1211 et
692 1150 727 1212 ia
749 1149 838 1212 liuius
859 1157 1010 1212 tractulus
1036 1148 1126 1211 iuitio
1153 1151 1273 1211 abunde
1295 1146 1577 1211 demonstrauimus
1692 1147 1693 1222 Ῑ

273 1261 302 1314 et
323 1252 396 1313 iude
417 1252 569 1328 efficitur,
598 1254 679 1330 quod
695 1252 725 1326 s.
751 1250 806 1312 47¹³
833 1255 888 1314 ool.
912 1257 935 1312 2
961 1259 990 1312 et
1015 1252 1042 1326 f.
1069 1249 1124 1312 49⁶
1152 1255 1208 1313 ool.
1237 1259 1252 1311 t
1279 1254 1430 1314 alterutra
1459 1265 1576 1312 uocum
1692 1263 1693 1336 j

274 1353 410 1429 ‘asapurii
437 1363 466 1416 et
487 1353 632 1430 auspioii’
662 1353 812 1431 expositio
840 1357 883 1414 ad
909 1371 1000 1415 uuum
1029 1357 1112 1415 iliam
1141 1357 1192 1414 ‘eae
1220 1352 1414 1432 differentiis
1449 1351 1577 1413 titsdum

273 1460 504 1519 accommodato
526 1465 576 1518 est.
623 1458 689 1518 Hoc
711 1455 807 1533 ipitur
829 1455 1039 1532 samsucius,
1064 1464 1096 1517 ut
1118 1473 1219 1517 omnes
1239 1473 1291 1517 eos
1310 1460 1440 1532 plassea·
1461 1451 1578 1530 quibus
1692 1445 1693 1448 ’

164 1627 168 1636 ,
275 1561 324 1619 ‘de
346 1557 532 1636 differentiis
553 1561 733 1620 sermonum’
756 1565 827 1619 uota
846 1557 1044 1635 praescripto
1065 1567 1118 1634 est,
1143 1576 1184 1619 eu
1199 1557 1322 1619 diuerso
1337 1559 1469 1632 quodam
1483 1554 1578 1629 sorite
1692 1563 1693 1574 *

275 1663 374 1722 oliano
397 1663 434 1722 alr
457 1659 572 1722 Isidori
593 1659 674 1722 libro
693 1659 807 1738 petitas
828 1679 891 1742 esse
913 1659 1014 1730 disus,
1038 1659 1120 1736 quia,
1143 1669 1332 1736 quamquam
1345 1659 1519 1733 Isidorm,
1546 1665 1579 1717 ut
1692 1719 1693 1724 ,

273 1762 307 1824 ia
336 1761 505 1840 oripinidus
528 1763 621 1838 feeit,
655 1763 702 1824 ita
730 1761 764 1823 ia
795 1764 852 1823 doe
881 1781 998 1840 quoque
1026 1765 1169 1840 opusculo
1197 1770 1331 1824 ueterum
1359 1757 1578 1822 auctoritatem
1692 1775 1693 1832 3

274 1881 365 1941 quom
388 1863 549 1927 artissimis
578 1863 715 1940 uestipiis
731 1867 878 1941 pressisse
901 1881 968 1941 por
988 1871 1046 1939 est,
1077 1866 1110 1926 id
1137 1872 1237 1925 tomen
1265 1867 1321 1924 uim
1347 1864 1433 1924 credi
1455 1869 1576 1939 potest,
1692 1885 1693 1928 s

273 1970 362 2042 ioppe
388 1972 534 2029 maiorem
561 1969 599 2050 alr
626 1985 662 2029 eo
690 1969 932 2044 differentiarum
954 1974 1076 2044 purtem
1104 1969 1208 2027 iisdem
1231 1963 1328 2042 ’palare
1355 1964 1454 2024 uerlris
1484 1971 1577 2024 tran·
1692 1955 1693 1994 Ὗ

274 2072 434 2146 scriptam,
465 2072 540 2130 satis
566 2077 664 2130 autem
692 2072 850 2145 exipuom,
880 2073 907 2131 si
933 2085 999 2130 oum
1022 2069 1075 2128 iilo
1097 2086 1263 2148 conpares,
1292 2074 1435 2129 mutatam
1461 2065 1579 2140 fuisse.

277 2171 377 2244 Quare
398 2190 433 2233 eo
451 2175 554 2250 potius
576 2175 702 2234 inclinat
723 2175 887 2250 sententio,
910 2173 1055 2247 plossorii
1075 2179 1238 2246 auctorem
1267 2186 1335 2232 cum
1356 2171 1497 2246 inprimis
1522 2169 1581 2228 lsi-

276 2275 384 2336 dorum
405 2281 590 2351 sequeretur,
615 2277 738 2344 deiude,
766 2277 794 2335 si
813 2275 889 2350 qaid
909 2277 959 2334 ilie
981 2276 1137 2341 omisisset,
1168 2275 1260 2332 olium
1282 2272 1431 2348 quendum
1450 2269 1579 2343 sonum

276 2374 448 2451 adhiberet,
479 2380 522 2438 ad
549 2377 760 2438 ostendendum
788 2379 959 2450 orpiaaeuti
984 2376 1208 2438 similitudinem
1236 2381 1326 2450 atque
1350 2379 1581 2450 oopuatioaem,
1692 2451 1693 2460 ἵ

272 2486 365 2554 prout
386 2480 501 2553 liberet,
526 2483 630 2539 eodem
652 2481 783 2540 omatibus
805 2481 928 2540 nomino
950 2481 1123 2556 imposuisse.
1166 2479 1218 2538 Ito
1236 2477 1358 2549 suetum
1379 2481 1439 2554 est,
1465 2483 1499 2535 ut
1523 2491 1580 2535 rao-

276 2583 385 2641 miuum
408 2583 513 2657 quibus
535 2583 651 2642 diuersi
673 2581 774 2654 sontes
804 2581 1061 2649 discemereatur‚
1090 2587 1175 2640 certa
1201 2577 1424 2654 sipiificatione
1448 2577 1582 2637 sublato
1692 2627 1693 2662 ἦ

276 2699 313 2742 eo
335 2683 586 2776 quoqueridori
607 2686 723 2744 momine
745 2689 933 2758 notarentur,
958 2699 1038 2760 quae
1064 2701 1105 2744 ex
1131 2684 1193 2742 alio
1221 2688 1327 2742 auctor
1345 2680 1434 2754 faute
1453 2681 1581 2756 petiue—
1692 2741 1693 2754 ¹

276 2781 379 2866 rat.*)
426 2785 505 2846 Hine
527 2793 556 2845 et
577 2787 655 2846 illud
675 2788 861 2862 explicatur,
891 2787 973 2860 quod
995 2784 1100 2866 ΜΨ
1121 2787 1176 2844 col.
1204 2790 1220 2842 2
1244 2785 1304 2844 duo
1326 2783 1386 2844 loci
1405 2797 1445 2842 ex
1467 2781 1582 2842 eodem

194 2935 197 2942 ,
276 2887 392 2948 Isidori
418 2886 664 2970 differentiarum
697 2889 774 2948 libro
804 2905 836 2963 p.
869 2894 943 2954 744,
975 2894 1029 2956 62;
1060 2905 1094 2964 p.
1128 2893 1163 2945 10
1188 2885 1243 2946 Ar.
1272 2893 1301 2946 et
1321 2902 1356 2961 p.
1388 2889 1463 2956 748,
1497 2889 1582 2950 134,·

276 3006 310 3065 p.
341 2995 375 3047 19
403 2991 457 3048 Ar.
481 2987 584 3065 petiti,
615 3007 797 3065 quamquam
827 2991 905 3050 alter
938 2991 1065 3049 alterum
1097 2991 1196 3049 statim
1229 2989 1357 3063 excipit,
1392 2991 1492 3045 tamen
1528 2985 1585 3043 laic

279 3070 403 3160 esuis,
434 3088 487 3150 ille
509 3091 571 3151 ‘Em
593 3093 774 3169 differentiis
795 3090 908 3152 sermi'
932 3094 962 3151 in
981 3091 1088 3163 fronte
1109 3088 1256 3165 seriptum
1278 3090 1380 3157 aaoet,
1403 3087 1486 3162 quod
1503 3088 1586 3158 fieri
1692 3097 1693 3160 ξ

278 3209 337 3253 riou
356 3196 510 3270 potuisset,
534 3190 594 3253 nisi
613 3191 759 3266 plossorii
779 3201 886 3255 auctor
907 3195 970 3270 ipse
992 3194 1047 3252 itta
1069 3194 1191 3253 aomina
1212 3189 1246 3254 iu
1266 3187 1438 3266 promiscuo
1454 3205 1584 3264 ponere
1692 3211 1693 3242 s

277 3311 376 3355 secum
403 3297 562 3356 statuisset.
609 3295 691 3366 (luae
719 3313 786 3357 cum
813 3297 856 3356 ito
877 3298 941 3356 siue
962 3297 1021 3356 siat
1047 3297 1111 3356 siue
1131 3311 1194 3354 esse
1215 3295 1392 3360 uideantur,
1420 3297 1464 3350 est
1491 3291 1585 3364 quod
1692 3277 1693 3300 ¹

284 3399 411 3458 Vseaeri
435 3400 608 3457 seutentiam
636 3398 825 3472 addubitem,
855 3415 916 3473 quo
944 3399 994 3458 ille
1020 3395 1054 3458 im
1081 3413 1154 3458 mus.
1184 3396 1280 3458 Illum.
1312 3393 1394 3454 XXI
1401 3393 1426 3451 V
1449 3409 1482 3467 p.
1516 3398 1582 3450 385

277 3507 339 3560 not.
365 3507 384 3558 t
407 3497 542 3561 auctoris
562 3501 703 3559 lemmata
725 3497 891 3561 maximum
912 3505 995 3561 certe
1011 3505 1132 3575 portem
1154 3513 1221 3559 eum
1236 3494 1399 3572 ddipeater
1421 3501 1482 3554 tum
1497 3495 1581 3566 fide·
1692 3489 1693 3556 i

277 3603 348 3662 liter
370 3602 511 3679 adposito
532 3619 596 3662 esse
617 3600 780 3663 contendit.
1692 3607 1693 3624 ¹

844 3853 926 3920 aas.
949 3853 1013 3920 III.

456 3972 515 4037 DE
538 3971 748 4038 TERENTII
771 3971 1053 4039 GRAMMATICI
1075 3969 1392 4038 DIFI'ERENTIIS.

362 4115 401 4174 Ia
423 4115 527 4175 codiee
550 4115 736 4176 Eiusidlensi
758 4121 796 4174 32
815 4131 894 4176 saec.
919 4113 1052 4192 X—Xl‚
1076 4116 1130 4188 pur·
1149 4115 1279 4174 eontinet
1298 4114 1414 4188 plossos
1437 4113 1583 4174 Priscia-

278 4232 366 4292 ueos,
386 4235 422 4294 p.
447 4223 504 4276 206
526 4217 585 4278 liae
617 4218 777 4278 uerborum
812 4215 1003 4290 differentiae
1030 4218 1227 4293 praescripto
1257 4213 1413 4274 Terenti
1418 4216 1431 4274 i
1457 4217 1585 4275 nomino
1692 4193 1693 4234 ³

276 4329 508 4395 proponuntur:

240 4634 246 4644 ἱ
344 4571 373 4638 *)
391 4573 483 4626 Isidori
502 4574 604 4623 nomine
622 4584 709 4625 notata
727 4573 805 4624 multa
823 4575 849 4624 in
867 4573 944 4624 huius
963 4573 1083 4640 glossarii
1102 4573 1227 4624 lemmatis
1250 4573 1375 4640 proponi,
1400 4586 1501 4634 quasa
1520 4571 1586 4623 uul-

277 4653 337 4708 gata
359 4644 488 4703 codicum,
516 4652 642 4706 quotquot
665 4643 876 4708 etymologiarum
900 4643 976 4692 libros'
1000 4643 1144 4703 continent,
1170 4643 1246 4708 piane
1272 4641 1379 4703 absunt,
1404 4640 1583 4691 mulierarium

278 4711 408 4762 admirans
426 4711 609 4776 animaduerii3
628 4713 718 4762 eodem
736 4711 847 4762 fortasse
865 4710 1037 4770 referendum,
1057 4711 1127 4774 qaod
1145 4713 1170 4760 in
1189 4711 1309 4776 glossarii
1328 4709 1415 4759 codice
1428 4708 1587 4762 Monacensi

277 4779 368 4828 isidori
386 4779 418 4828 de
435 4782 503 4830 notis
522 4790 599 4844 caput
617 4781 691 4830 nouis
711 4780 809 4844 aliquot
827 4779 1006 4830 additamentis
1025 4791 1127 4832 assotum
1146 4784 1197 4842 ssi,
1217 4778 1249 4828 ci.
1263 4779 1374 4829 liettaeri
1392 4792 1482 4844 progr.
1496 4779 1586 4829 Rosa·
1692 4837 1693 4848 γ

278 4847 375 4902 labeas.
395 4847 460 4900 1868
478 4863 503 4914 p.
514 4851 547 4899 33
560 4863 613 4912 seq.
