3394 5448
292 289 437 338 ccxxx„
578 271 628 321 uu
646 267 798 322 rumano
817 265 1014 320 recurauo
1033 225 1276 316 errarruuarreo⁸

293 467 379 525 ‘cum
402 470 487 543 patre
510 462 605 530 mco’,
628 461 715 518 ‘cum
739 457 860 518 domino
883 473 949 515 meo
973 462 1109 514 montana
1132 437 1367 517 conscenderit&
1396 465 1449 526 per
1470 467 1486 508 c
1505 450 1570 508 scri·

296 549 446 623 bendum,
475 564 532 608 uon
556 563 610 625 por
632 563 666 624 q;
696 541 813 620 quando
836 550 934 602 autern
959 538 1083 600 uerbum
1106 536 1294 600 subsecutum
1318 533 1420 602 luerit,
1444 541 1569 612 utputa:
1669 586 1671 595 .

294 639 373 696 ‘cum
396 633 513 695 uenerit
536 628 725 710 paracletus',
750 629 807 688 erit
829 623 1002 687 aduerbium
1027 630 1057 684 et
1078 641 1132 703 per
1154 642 1172 702 q
1196 618 1395 682 scribendum.

816 865 863 927 DE
892 863 1068 926 SYLLABA.

352 1038 398 1122 111.
421 1037 484 1100 49a
500 1038 511 1121 11
529 1040 569 1101 Da
592 1039 643 1099 ubi
666 1058 700 1099 ae
724 1037 794 1097 lacit
816 1035 1030 1115 diphthongon.
1584 1063 1594 1101 5

465 1126 558 1185 llaec
583 1123 668 1193 tibi,
692 1140 756 1182 rex
779 1139 930 1188 summe,
954 1121 1057 1180 iussu
1080 1117 1281 1196 conpulsus
1307 1116 1406 1178 erili.

296 1213 329 1272 Vt
352 1221 421 1290 puta
445 1213 551 1270 ‘anima
577 1209 662 1269 lraec’
686 1209 784 1267 ‘huius
806 1209 942 1267 enimae'.
984 1207 1023 1265 Da
1046 1203 1164 1264 ubine.

464 1295 675 1357 Diuidimus
698 1311 821 1353 muros
844 1299 881 1352 et
903 1291 1046 1351 moenia
1069 1289 1266 1368 pandimus
1289 1287 1402 1349 urbis.

300 1384 334 1444 Vt
356 1389 425 1461 puta
449 1379 534 1441 ‘baec
558 1382 674 1457 poeua'.
714 1377 754 1438 na
777 1378 841 1437 eius
863 1374 1030 1456 exemplum

464 1465 584 1525 Poena
609 1465 701 1524 mori
724 1460 890 1522 crudelis
913 1469 1005 1528 crat,
1030 1459 1093 1522 sed
1118 1461 1250 1520 uiuere
1274 1459 1387 1536 peius.
1588 1487 1606 1523 n

297 1550 482 1612 llauhiau.

375 1662 378 1670 ·
464 1639 642 1708 dirroram
666 1635 734 1694 iam
759 1641 894 1710 quarta
917 1630 997 1693 dies
1020 1631 1270 1710 praemiserat
1293 1626 1417 1690 undis.

297 1720 479 1783 Daubieu.

466 1805 603 1882 Eugeui
628 1802 773 1864 miselle
796 1802 916 1882 plora.
941 1799 1099 1880 languor
1122 1804 1242 1861 instat
1263 1798 1455 1880 inprobus.
1511 1869 1514 1881 Ι

298 1891 473 1952 liaubiei.
783 1949 792 1962 ,
1390 1909 1393 1915 ¹
1590 1911 1610 1950 u

469 1975 508 2036 Ei
531 1974 620 2035 mihi
645 1993 713 2036 uae
736 1977 889 2044 misero,
912 1974 973 2051 qui
996 1991 1140 2052 semper
1162 1971 1286 2032 lessus
1307 1967 1447 2030 anhelo.

383 2143 395 2228 11
411 2146 431 2206 1.
447 2141 510 2205 49δ
527 2141 538 2225 11
555 2144 678 2217 Quando
690 2143 790 2205 breuis
802 2106 912 2224 syllaba
926 2151 1039 2223 partem
1053 2143 1259 2204 termiuauerit
1271 2143 1425 2210 orationis,
1442 2143 1515 2202 sicut
1526 2147 1579 2199 est:

671 2229 753 2290 Nam
778 2229 865 2298 tibi,
889 2228 1084 2307 'Ihyurbre
1109 2234 1233 2306 caput,

299 2318 466 2376 communis
489 2321 542 2375 est.
589 2312 759 2383 Quomodo?
802 2315 841 2375 Si·
857 2332 978 2374 necesse
1001 2320 1059 2384 est,
1089 2320 1121 2372 ut
1148 2313 1185 2372 sit
1208 2311 1322 2382 breuis,
1346 2311 1430 2371 dico:
1460 2309 1580 2370 finalium

299 2402 413 2461 ratione
438 2398 539 2459 breuis
562 2407 615 2460 est.
661 2399 693 2461 Si
723 2417 845 2460 necesse
873 2409 931 2469 est,
956 2406 988 2459 ut
1009 2401 1048 2459 sit
1070 2397 1173 2476 longa,
1203 2396 1285 2474 dico:
1314 2403 1428 2476 partem
1451 2396 1580 2456 terminat
1594 2405 1614 2442 ιι·

300 2485 449 2546 orationis.
496 2485 536 2544 Da
561 2483 673 2546 ubisit
696 2484 869 2563 prolonga.

391 2613 399 2627 .
469 2569 551 2630 Nam
575 2569 659 2640 tibi,
684 2569 881 2648 Thymbre,
905 2577 1014 2650 caput
1035 2568 1249 2629 Euandrius
1271 2565 1434 2628 abstulit
1455 2565 1558 2626 ensis.

301 2655 341 2717 Ila
364 2655 415 2716 ubi
438 2657 476 2716 sit
504 2653 614 2716 breuis.

470 2739 582 2811 Quem
607 2745 739 2820 partus
761 2738 835 2800 alui
858 2737 1061 2818 uirgiualis
1084 2736 1256 2819 protulit.

388 2907 399 2992 11
416 2911 435 2970 i.
451 2907 511 2970 50³
529 2906 539 2990 11
557 2911 613 2970 Αυι
636 2928 702 2969 cum
730 2870 895 2989 pronomen
924 2929 940 2970 c
969 2872 1066 2970 littera
1096 2909 1271 2970 terminatur
1302 2917 1331 2968 et
1359 2907 1469 2970 uocalis
1495 2908 1615 2968 suumn

301 2995 502 3075 subsequitur,
526 2993 675 3055 adialorus
699 3003 750 3064 est,
774 2993 850 3056 idest
873 2997 1047 3062 communis,
1071 2995 1148 3072 quia,
1174 2993 1224 3055 ubi
1241 3012 1363 3055 necesse
1387 3000 1445 3061 est.
1469 2991 1586 3054 babetur

302 3132 482 3140 --ι--.,.--
506 3133 514 3136 κ

305 3213 532 3252 srulnrnvntaes.

388 3286 562 3344 oraremus
586 3305 616 3359 p.
643 3291 693 3344 lt:
726 3288 760 3344 lia
788 3287 834 3345 ubi
862 3305 893 3344 ae
917 3288 997 3345 iaciat
1019 3287 1219 3363 diphthongon.
1263 3283 1352 3344 ‘llaec
1379 3287 1428 3344 uhi
1450 3301 1496 3343 rer
1517 3288 1586 3342 iussu

302 3372 461 3446 compulsus
488 3371 571 3428 erili!
617 3373 652 3428 lla
683 3372 729 3429 ubi
757 3390 799 3430 oe.
844 3371 1004 3430 ‘Diuidiruus
1031 3389 1125 3430 muros
1151 3382 1179 3430 et
1201 3373 1305 3430 moenia
1327 3373 1471 3447 pandimus
1496 3370 1585 3428 urbis!

303 3460 336 3514 lia
360 3457 405 3514 ubi
428 3474 471 3514 au.
515 3462 646 3514 Auroram
669 3487 711 3498 -
734 3456 795 3514 ‘liei
819 3459 884 3514 milri
907 3475 956 3515 uae
979 3459 1095 3532 misero,
1119 3457 1165 3533 qui
1189 3474 1297 3531 semper
1319 3457 1409 3514 lessus
1432 3457 1549 3515 arrheto!

369 3542 406 3598 17
429 3542 563 3598 Iulianos
582 3559 611 3613 p.
634 3547 684 3599 12.-
706 3541 818 3612 Quaudo
842 3543 931 3600 breuis
954 3542 1056 3617 syllaba
1079 3551 1183 3618 partem
1207 3544 1333 3600 terminat
1355 3546 1498 3615 orationis,
1517 3552 1543 3599 et
1563 3543 1584 3596 in

303 3645 383 3684 unam
405 3627 528 3699 desierit,
551 3629 703 3684 eommunis
726 3637 767 3685 est
790 3627 901 3703 syllaba.
939 3627 1098 3696 Quomodo?
1134 3628 1162 3685 Si
1184 3645 1295 3685 necesse
1318 3637 1370 3699 est,
1392 3638 1422 3684 ut
1445 3626 1585 3701 longasi,

303 3713 380 3786 dico,
408 3713 470 3787 quia
495 3721 597 3786 partem
623 3713 749 3770 terminat
772 3715 919 3786 orationis,
948 3723 976 3770 et
998 3711 1079 3786 longa
1102 3722 1159 3782 est3
1189 3716 1212 3769 si
1236 3730 1346 3770 necesse
1369 3722 1427 3784 est,
1451 3723 1482 3769 ut
1502 3708 1585 3769 'breuis

303 3798 354 3870 sit,
377 3797 453 3869 (lico,
485 3799 546 3870 quia
570 3797 673 3855 uocalis
696 3798 887 3874 subsequitur,
915 3806 942 3854 et
965 3807 1008 3855 est
1029 3798 1128 3855 breuis.
1173 3799 1207 3855 lta
1231 3798 1289 3855 eius
1312 3797 1473 3873 erernplum.
1518 3798 1584 3854 ‘llam

306 3883 370 3954 tibi,
394 3881 526 3957 Tymbro‚
549 3890 631 3958 caput
653 3883 804 3940 Euandrius
827 3883 940 3940 abstulit
961 3883 1057 3940 ensis'

369 3966 408 4024 24
438 3967 571 4024 Iulianus
596 3985 626 4040 p.
661 3971 709 4024 12:
752 3967 864 4035 Quando
893 3985 1042 4044 pronomen
1073 3987 1089 4025 c
1115 3969 1194 4026 litera
1225 3971 1400 4039 terminatur,
1435 3977 1462 4024 et
1492 3967 1585 4026 uocalis
1675 3961 1676 4012 i

305 4055 396 4110 statim
419 4053 564 4108 subsecuta
594 4053 691 4124 luerit,
719 4046 870 4110 communis
893 4063 935 4110 est
958 4053 1077 4128 syllaba,
1106 4057 1167 4128 quia
1188 4062 1215 4110 et
1237 4071 1288 4127 pro
1311 4053 1393 4129 longa
1416 4055 1545 4130 accipitur
1563 4061 1585 4108 et

306 4187 438 4194 -..u—-n
446 4185 532 4192 -..ι-.-

305 4266 417 4303 coorcrs
435 4266 592 4303 caunensis
611 4255 661 4304 207
679 4267 828 4306 varrenas.

374 4328 582 4417 lqlumdomiuo
635 4370 712 4410 eom.
782 4359 896 4418 2qorn.
966 4359 1091 4418 3qonr.
1160 4356 1339 4422 bdiptongou
1408 4355 1583 4426 dllaecJEu·
1675 4351 1676 4416 ζ

302 4423 372 4488 penti
388 4423 414 4472 in
432 4423 597 4473 Dracontium
615 4425 732 4488 epimetri
748 4443 772 4478 u.
793 4427 827 4474 31
845 4427 902 4475 eoll.
923 4425 1028 4474 Petrum
1046 4425 1129 4490 Lapat.
1147 4431 1204 4476 tom.
1222 4424 1267 4474 IX
1284 4442 1310 4489 p.
1325 4429 1376 4476 731
1395 4428 1419 4476 A
1489 4429 1504 4478 8
1522 4427 1583 4476 llini-

305 4487 374 4556 mus]
398 4491 476 4556 Verp.
495 4492 561 4541 Aen.
579 4491 613 4542 II
631 4495 686 4543 234
790 4495 821 4544 10
839 4489 936 4559 Poeno]
960 4494 1097 4544 lirecontii
1116 4493 1232 4544 hexaem.
1253 4496 1304 4544 370
1321 4496 1361 4544 ed.
1386 4496 1478 4545 Waltz.
1557 4499 1583 4544 tt

304 4556 407 4624 aurora]
429 4559 564 4610 Dracontii
586 4560 701 4611 ledaea.
720 4563 752 4610 89
776 4557 902 4625 (Aurorae
919 4562 970 4610 iem
989 4573 1079 4626 quarta
1096 4563 1151 4612 dies
1169 4573 1344 4628 permanserat
1363 4565 1444 4613 sirudis
1462 4563 1583 4622 Weitzluol

306 4627 337 4676 14
354 4626 392 4676 Eu
414 4624 466 4691 eni]
480 4627 589 4692 Eapeaii
606 4645 682 4678 earm.
695 4629 773 4680 XIII
792 4635 807 4678 7
824 4633 880 4680 coll.
892 4630 997 4680 Petrum
1011 4630 1092 4694 Lepti.
1110 4637 1168 4682 tons.
1182 4630 1243 4679 XII
1255 4647 1281 4694 p.
1296 4633 1348 4681 347
1360 4632 1384 4680 D
1438 4632 1469 4680 16
1487 4632 1513 4680 Ei
1530 4633 1581 4680 mibi

305 4643 413 4761 miserol
425 4695 534 4758 Eupenri
551 4712 627 4746 earm.
647 4696 692 4746 XI
706 4699 798 4762 pair
812 4697 833 4748 G
850 4699 986 4762 adlapsi.
1039 4698 1112 4748 euelo
1166 4695 1291 4762 mnam]
1316 4699 1581 4763 claustrenses

305 4765 337 4811 24
356 4759 448 4830 Quern]
469 4765 603 4815 Prudentii
620 4765 685 4816 eutii.
709 4765 768 4815 VII
786 4769 802 4814 2
871 4767 903 4816 26
921 4764 1051 4815 adialorus
1070 4777 1108 4816 est
1126 4766 1192 4816 idest
1209 4767 1275 4830 idest
