3394 5448
534 338 574 390 m
592 335 678 390 non.
696 338 822 390 aaran
841 337 1022 392 muonuu.
1365 337 1428 402 215

126 529 243 608 antiqui
273 526 412 590 dicebant
444 529 564 590 moenio
594 545 648 607 per
676 545 711 589 oe
741 526 955 607 diphthongon.
1006 527 1077 589 lndc
1106 536 1136 588 et
1163 530 1280 590 moenia
1307 545 1362 606 per
1391 545 1427 586 oe

126 630 206 710 apud
228 647 284 692 nos
306 629 456 692 scribitur.
500 629 601 690 lnlra
623 635 779 700 tectum,
803 629 941 691 'sedemus
971 631 1000 690 ·i·
1027 630 1121 698 intus:
1146 637 1255 692 tectum
1279 629 1387 690 dicitnr
1411 639 1490 691 atet.
1504 642 1529 682 1⁹

127 731 266 811 tegendo.
422 729 577 792 Macellum
606 730 715 792 dicitur
742 751 758 792 a
789 730 972 793 macerandis
1000 730 1155 800 cornibus,
1189 731 1240 793 ubi
1274 731 1367 792 boues
1398 740 1428 792 ει

126 837 212 915 porci
233 839 423 896 macerantur
435 814 669 896 ·i·occidnntur:
692 832 764 895 binc
778 833 940 895 macellarii
964 833 1113 895 dicuntur.
1144 834 1193 896 0b
1215 834 1425 912 augurium,

99 939 171 997 ⁵·i·
195 945 320 1019 propter
342 937 504 1013 nnaninm
533 936 617 997 diues
646 941 692 996 est
718 933 778 997 ille.
829 937 992 1014 Augurium
1021 935 1129 996 dicitur
1157 936 1314 1005 diuinatio,
1343 937 1426 1016 quasi

126 1041 325 1118 auigarrium,
351 1041 380 1100 ·i·
405 1057 420 1098 a
444 1038 557 1117 garritu
580 1039 695 1108 auium,
720 1036 767 1098 uel
791 1039 876 1116 quasi
898 1039 1078 1116 auigcrium.
1106 1056 1141 1098 co
1163 1038 1242 1119 quod
1266 1039 1328 1119 ipsa
1352 1036 1425 1098 dini·

126 1143 207 1202 natic
235 1141 265 1201 in
295 1139 418 1201 uocibus
445 1146 566 1218 geratur
599 1141 710 1200 auium.
764 1140 860 1201 Pone
890 1138 1073 1210 tribunal,
1105 1139 1190 1201 sedet
1218 1139 1318 1210 lictor,
1350 1138 1427 1202 idest

125 1243 257 1322 uirgiler.
303 1239 446 1303 Tribunal
469 1240 578 1304 dicitur
600 1241 687 1302 sedes
708 1240 829 1303 tribuni.
875 1239 951 1303 Olim
975 1250 1039 1302 erat
1061 1241 1213 1313 tribunus,
1242 1245 1292 1320 qui
1321 1243 1425 1303 tertiae

125 1346 204 1424 parti
226 1345 337 1405 Romae
361 1352 507 1424 praeerat.
552 1343 639 1405 blodo
663 1341 847 1404 millenarius
870 1343 978 1405 dicitur
1000 1343 1152 1413 tribunus,
1176 1347 1226 1424 qul
1249 1343 1328 1405 milla
1352 1345 1426 1406 uiris

86 1457 111 1498 ¹⁰
125 1455 254 1527 praeest
288 1446 361 1508 lnde
377 1444 506 1508 tribunal
522 1445 632 1507 dieitur
647 1443 734 1508 sedes
749 1445 912 1515 iudiciaria,
936 1447 985 1506 cui
1001 1446 1166 1507 iudicantes
1182 1445 1285 1508 sedent
1300 1442 1424 1508 iudices.

239 1547 340 1610 Paries
363 1549 471 1610 dicitur
495 1566 509 1607 a
534 1545 697 1627 parilitate,
723 1549 752 1606 ·i·
776 1547 812 1608 ab
835 1547 1017 1628 aequalitate.
1062 1547 1223 1626 Propter
1246 1545 1425 1628 discipli-

125 1669 221 1722 nam,
245 1652 365 1712 uenisti.
404 1649 564 1730 Disciplina
593 1649 702 1711 dicitur·
730 1650 931 1726 magisterium
955 1667 970 1709 a
993 1648 1148 1720 discendo,
1178 1670 1213 1711 eo
1229 1649 1313 1730 quod
1337 1648 1423 1728 plena

123 1753 272 1823 discatur;
301 1751 371 1812 hinc
394 1759 424 1812 et
445 1749 607 1831 discipulus
630 1769 645 1810 a
668 1751 832 1830 disciplina.
963 1751 1105 1812 Fenestra
1128 1751 1249 1822 dicitur,
1279 1771 1314 1812 eo
1344 1749 1423 1831 quod

122 1857 204 1918 intus
219 1853 296 1916 ierat
311 1853 422 1914 lucem:
439 1852 484 1913 los
500 1854 578 1912 enim
595 1853 707 1914 Graece
723 1851 772 1913 lux
788 1851 903 1914 Latine.
934 1853 1144 1914 Secundum
1168 1853 1285 1922 iores,
1309 1851 1417 1912 scribo.
1432 1872 1455 1915 r·
1468 1861 1518 1913 ⁸⁶⁵,
1532 1863 1558 1903 ²⁰

84 1965 108 2006 ¹⁵
123 1956 293 2018 Secundum
318 1962 348 2016 et
369 1949 509 2016 accuset
530 1956 609 2017 iuxta
633 1954 713 2015 idem
735 1962 814 2015 sunt.
852 1954 944 2015 Fores
966 1953 1121 2034 pluraliter
1144 1966 1213 2017 sunt
1235 1957 1305 2017 ostia
1323 1955 1425 2015 domo·

121 2076 206 2128 rum,
235 2075 310 2136 quaa
332 2059 521 2118 extrinsecus
536 2052 548 2138 ΙΙ
567 2051 626 2117 133
642 2052 654 2138 ΙΙ
670 2057 861 2135 aperiuntur,
891 2054 996 2117 ualuae
1020 2075 1108 2128 uero,
1136 2077 1211 2138 quae
1233 2059 1423 2124 intrinsecus,

122 2179 139 2221 a
162 2159 305 2229 uelandc,
328 2176 364 2220 eo
387 2158 466 2238 qnod
491 2159 601 2220 celant.
646 2158 735 2218 Post
757 2168 918 2236 tergum,
941 2159 1073 2238 respexit
1088 2177 1163 2219 uror
1177 2158 1263 2220 Lotlr.
1292 2159 1422 2237 'largum

120 2265 152 2342 gi
176 2261 314 2331 dorsum,
342 2270 445 2338 tergus
468 2263 597 2338 tergoris
621 2261 660 2320 ·i·
685 2261 808 2321 corium.
855 2259 976 2320 Trans
1004 2261 1138 2339 ripam,
1168 2261 1251 2322 iaeio.
1295 2259 1423 2340 Ripaei

121 2382 175 2426 cra
199 2370 229 2425 et
250 2380 353 2441 margo
374 2361 453 2423 idem
469 2371 524 2424 cst.
569 2361 673 2423 Vltra
696 2357 808 2431 lines,
833 2362 963 2422 ciuitatis
985 2363 1083 2440 pergit
1099 2362 1270 2442 episcopus,
1296 2364 1326 2422 ·i·
1342 2361 1558 2424 ultraneum

81 2479 107 2520 eo
122 2466 279 2526 terminos.
325 2465 479 2526 Praeter
501 2462 684 2534 oliicium,
708 2461 822 2524 laborat
843 2465 917 2542 ipse.
962 2461 1097 2525 Officium
1120 2463 1227 2524 dicitnr
1243 2463 1280 2524 ab
1303 2463 1420 2532 ellectu,

120 2569 208 2648 quasi
225 2567 386 2640 ‘elicium',
405 2583 473 2641 non,
491 2577 523 2627 ut
538 2564 684 2646 quidam
707 2572 820 2645 putant,
844 2564 881 2626 ab
904 2565 1025 2626 ‘ollicio'
1048 2566 1150 2636 uerbo,
1175 2563 1253 2647 quod
1276 2565 1422 2644 significat

119 2687 232 2740 nocco,
264 2667 359 2730 cilicio
382 2686 455 2728 uero
478 2674 522 2728 cst
545 2668 667 2748 particio
695 2664 742 2728 uel
774 2667 898 2746 impleo:
927 2666 997 2728 inde
1026 2668 1153 2729 osticium
1183 2667 1290 2730 dicittu
1313 2685 1329 2728 a
1352 2683 1420 2746 pcr-

119 2769 261 2832 licicndo.
306 2770 422 2849 Supra
445 2768 586 2838 caelos,
611 2768 695 2831 sedet
717 2768 863 2836 dominus.
909 2767 1028 2830 Caelum
1043 2769 1152 2831 dicitur
1167 2771 1278 2850 pictum
1293 2787 1308 2830 a
1325 2767 1420 2830 uerbo

119 2871 205 2934 caelo
227 2889 259 2932 as
284 2873 326 2931 ·i·
350 2872 453 2951 sculpo
476 2872 522 2952 pis
544 2871 591 2932 nel
613 2873 705 2952 pingo
727 2873 780 2951 gis.
824 2869 943 2934 Caelum
972 2872 1051 2931 enim
1074 2870 1167 2933 stellis
1190 2880 1236 2933 est
1257 2869 1419 2950 depictum.

78 2989 104 3028 rs
120 2976 244 3052 Vsque
266 2972 466 3044 Oceanum,
496 2971 644 3052 gubernat
666 2974 812 3035 dominus.
860 2973 936 3054 Ocys
959 2973 1073 3034 Graece
1097 2972 1182 3034 uelox
1206 2973 1323 3035 Latine:
1347 2972 1419 3034 inde

118 3077 260 3139 Oceanus
282 3075 392 3137 dicitnr
416 3093 497 3136 mare
520 3093 659 3154 magnum
683 3093 698 3136 a
722 3075 880 3137 uelocitate
909 3074 1070 3146 undarum,
1101 3093 1160 3156 quo
1180 3077 1312 3155 cingitur
1333 3093 1418 3136 mun·
1450 3137 1452 3142 ,

25 3225 28 3230 .
118 3179 186 3239 ritu.
233 3176 397 3239 Circitcr
425 3194 556 3245 annos,
586 3175 665 3236 XXX
693 3176 783 3239 babet
809 3176 858 3238 illc
887 3183 1022 3238 aetatem.
1074 3178 1201 3240 Circiter
1229 3178 1264 3239 ad
1292 3184 1418 3239 aetatem

116 3281 261 3360 pertinet
306 3278 425 3340 Penes
447 3277 623 3346 arbitros,
647 3278 746 3339 sedeo.
784 3279 1068 3360 ‘Penes'et‘apud’
1092 3279 1169 3340 idem
1193 3286 1271 3342 sunt.
1308 3277 1419 3340 Arbitri

116 3383 262 3444 dicuntur
288 3381 414 3452 iudices,
443 3383 495 3461 qui
523 3398 577 3441 suo
605 3380 729 3442 arbitrio
759 3399 862 3444 causas
888 3379 1030 3441 iudicant.
1081 3380 1243 3443 Arbitrium
1273 3398 1345 3440 narn
1375 3386 1419 3442 cst

76 3493 102 3534 ³⁰
116 3483 215 3546 libera
238 3490 367 3564 potestas
388 3481 437 3544 uel
460 3483 605 3545 uoluntas.

206 3583 365 3648 Sciendum
394 3591 452 3654 cst,
487 3583 564 3663 apud
593 3584 724 3646 Graecos
751 3583 778 3644 X
805 3593 835 3648 et
856 3583 918 3645 Vlll
953 3601 1019 3645 esse
1052 3585 1303 3664 praepositiones.
1338 3584 1416 3663 apud

114 3690 242 3752 Latinos
270 3705 342 3748 uero
369 3685 461 3747 multo
493 3684 605 3765 plures.
651 3685 709 3748 Sed
741 3685 798 3746 hoc
830 3685 900 3746 lacit
930 3683 1080 3767 polysema
1115 3685 1289 3764 significatio
1322 3703 1417 3764 paene

115 3789 258 3854 omnibus
280 3789 402 3851 Graccis
423 3788 695 3868 praepositionibus
717 3786 820 3849 indita.
865 3787 955 3850 Verbi
977 3791 1072 3867 gratia
1095 3786 1176 3868 napi
1195 3788 1307 3849 Graeca
1331 3806 1416 3866 prac-

113 3893 228 3975 positio
256 3889 382 3952 diuersis
409 3887 548 3950 sensibus
577 3887 734 3968 accipitur:
780 3885 952 3970 περιφέρω
987 3892 1064 3952 enim
1094 3890 1288 3960 circumiere,
1323 3889 1414 3972 περί-

74 4007 101 4049 ss
116 4005 246 4076 φρασις
267 3991 505 4062 circumlocutio,
528 3983 665 4072 περὶτὰ
689 3983 767 4071 ὄρος
789 3992 867 4053 circa
890 3999 1021 4064 montes,
1046 3987 1123 4074 περὶ
1138 3984 1252 4073 ἀρχῶν
1273 3989 1310 4052 de
1332 3993 1416 4072 prin·

115 4097 220 4178 cipiis,
246 4092 258 4178 ΙΙ
276 4091 336 4157 134
357 4090 368 4174 ΙΙ
391 4091 630 4174 περισσολογία
659 4110 842 4173 superuacua
871 4093 1006 4156 adiectio.
1051 4093 1115 4158 lloc
1143 4093 1231 4154 modo
1261 4101 1289 4154 ct
1316 4086 1415 4156 nacci:

114 4247 350 4262 μ

189 4353 202 4399 1
221 4349 373 4414 dyptongon
392 4347 477 4398 indetl
554 4351 569 4400 3
590 4348 685 4400 Donati
701 4352 799 4399 lemma:
823 4348 895 4398 iuxta
913 4347 1045 4402 macellum
1064 4365 1115 4400 nnc
1132 4365 1186 4400 cnm
1203 4350 1417 4414 interpretatione

114 4421 235 4472 misena
255 4423 301 4467 est.
387 4417 526 4483 bpropter
543 4416 617 4467 diues
635 4428 674 4466 cst
759 4415 947 4482 bauiga'rium
1035 4419 1067 4468 10
1085 4414 1184 4483 sedent]
1207 4419 1263 4468 An:
1286 4418 1415 4468 insident?

114 4489 184 4539 Post
201 4485 300 4536 iudices
319 4485 415 4535 Donati
431 4487 530 4536 ternuc:
558 4499 604 4550 per
622 4485 744 4549 parietem
760 4486 891 4536 intercidit
908 4487 1011 4551 εἰωᾳιιε
1028 4487 1168 4550 εωροειιίο.
1257 4487 1287 4535 tl
1310 4486 1417 4550 Propter

114 4549 295 4619 disciplinam]
315 4553 349 4616 cs.
367 4553 436 4604 Bon.
453 4569 480 4619 p.
501 4555 562 4618 365,
581 4555 615 4602 20
632 4568 686 4602 nnn
703 4554 868 4604 mecledone
886 4553 974 4606 Keilii.
1045 4555 1076 4605 ta
1095 4555 1192 4604 Donati
1208 4556 1309 4604 lemma:
1334 4567 1415 4617 prope

113 4623 256 4674 fenestram
275 4622 414 4672 intercidit.
502 4622 533 4672 lb
555 4619 641 4683 ljostia
728 4623 760 4671 1⁷
782 4631 842 4686 post
864 4621 961 4686 largum
1047 4624 1081 4672 25
1098 4621 1169 4673 oclris
1255 4623 1288 4670 27
1310 4617 1416 4670 Cir-citer

114 4687 212 4756 annos]
231 4689 266 4754 cf.
286 4689 591 4754 conparandam
608 4689 697 4741 adnot.
715 4688 750 4741 K.
821 4690 854 4740 29
871 4685 1001 4754 dicuutur]
1020 4689 1117 4740 domini
1191 4690 1224 4740 32
1241 4687 1381 4754 polissemn

113 4773 184 4826 pene
253 4759 288 4809 33
306 4758 388 4822 grecis
456 4753 536 4809 ΠΕΡΙ
555 4771 632 4823 greca
716 4759 750 4809 34
767 4754 877 4822 periiero
948 4757 1081 4823 perilrcsis
1171 4759 1205 4808 33
1222 4756 1304 4822 perito
1323 4771 1380 4806 oros

113 4825 270 4896 periarchon
339 4827 372 4877 33
389 4821 543 4893 perl⁸ologia
597 4833 654 4875 cata

1591 4753 1599 4782 Ι
