3412 5452
508 349 653 404 conuns
671 351 874 404 annuamus
892 355 934 405 ss.
1318 367 1361 416 ov

161 539 252 601 Boetii
270 542 355 602 locus
377 543 490 602 consol.
508 543 587 618 plait.
612 541 698 618 Ipr.
723 550 752 616 5,
776 543 830 602 lin.
856 547 894 601 38
916 544 963 602 ea.
987 542 1109 618 Perperi
1128 545 1248 618 lenitur.

161 641 256 704 Restat
284 645 323 702 cle
350 644 506 704 Audace
533 646 663 719 quodam
695 648 943 718 prammatico
976 647 1073 717 iocus,
1109 661 1195 720 quern
1223 662 1291 705 7777
1320 646 1363 704 aa

94 753 174 806 notun
192 747 272 805 777777
287 747 440 806 Audacem
455 762 523 806 cum
539 747 672 806 Maximi
692 747 842 806 Victorini
860 749 982 822 scriptis
1003 750 1152 807 artissime
1172 749 1362 808 coniunctum

92 847 190 922 rescire
210 848 378 920 debeamus,
403 849 545 908 dubitare
565 850 649 921 licet,
678 865 860 924 quamquam
887 855 920 908 nt
944 864 1004 908 non
1026 850 1190 922 adfirmari
1209 848 1286 908 illati
1300 865 1362 925 pro

91 957 165 1024 certo,
184 952 225 1009 ita
246 967 283 1010 ne
304 953 417 1025 777777
435 952 555 1026 quidem
572 959 687 1026 potest:

159 1050 175 1114 l.
194 1046 255 1112 68b
283 1051 357 1112 item
382 1053 455 1112 deus
477 1053 528 1130 qui
550 1052 697 1120 iustificat,
719 1053 790 1113 item
814 1060 848 1112 nt
869 1053 907 1112 sit
929 1053 993 1130 ipse
1016 1049 1089 1112 deus
1110 1053 1207 1113 iustas
1230 1062 1259 1112 et
1272 1033 1362 1113 ‘iusti-

91 1155 173 1214 isans.
212 1153 294 1215 Vnde
317 1154 476 1216 Sanctus
498 1156 743 1233 Augustinus,
768 1171 835 1214 cum
859 1171 926 1214 eum
953 1152 1073 1230 quidam
1097 1155 1361 1231 grammaticus

91 1254 194 1315 Audax
216 1257 335 1316 nomine
357 1264 537 1318 sacratorem
560 1255 656 1336 plebis
677 1255 725 1317 dai
747 1257 942 1316 nominasset:
967 1253 1079 1326 ‘Quia’
1103 1256 1206 1332 inquit,
1230 1257 1291 1314 ‘me
1313 1273 1360 1316 sa-

91 1366 214 1416 cratonem
225 1355 321 1436 plebis
333 1355 381 1416 dei
396 1359 503 1418 uocas?
529 1359 571 1419 Da
584 1359 700 1420 ueniam
714 1357 836 1418 multam
850 1356 1009 1435 (multum):
1024 1358 1071 1418 cui
1084 1355 1214 1434 loquaris
1228 1353 1231 1438 7
1246 1357 1266 1416 7.
1280 1352 1342 1417 69²
1356 1353 1359 1438 7

91 1461 197 1536 ignoras,
220 1461 266 1520 cui
289 1469 438 1520 sacratum
461 1478 526 1520 esse
549 1477 688 1537 magnam
711 1461 777 1524 est?
823 1459 898 1520 Hinc
920 1459 1009 1519 etiam
1032 1457 1128 1519 alius
1156 1456 1287 1518 doctor
1309 1460 1360 1529 ait,

90 1560 154 1640 quod
179 1559 261 1620 electi
288 1560 488 1640 dei'gratiam
517 1563 612 1622 sancti
639 1563 762 1641 spiritus
795 1562 930 1640 accipere
961 1559 1074 1629 sciunt,
1109 1560 1179 1621 dare
1213 1561 1359 1625 nesciunt.

90 1663 142 1722 lion
168 1661 263 1723 debuit
290 1662 390 1723 dicere
419 1662 565 1725 ullatenus
593 1672 695 1724 sancto
723 1663 855 1741 Remigio
888 1663 919 1721 iu
947 1660 1100 1723 columbae
1129 1660 1228 1742 specie
1256 1664 1362 1726 crisma

94 1763 238 1843 crismatis]
262 1765 446 1825 ministrasse
468 1765 606 1844 spiritum
628 1773 773 1834 sanctum,
797 1767 848 1845 qui
870 1765 958 1824 etiam
983 1764 1064 1826 uelat
1086 1765 1122 1824 tle
1138 1765 1274 1826 crismate
1296 1766 1362 1844 ipso

91 1865 183 1943 ¹ipsos)
204 1864 341 1946 reliquias
357 1865 438 1926 dedit
458 1868 522 1945 regi
546 1866 794 1931 Hlatlouuico.
832 1866 912 1927 Deus
928 1873 973 1926 ost
989 1868 1038 1944 qui
1054 1867 1226 1935 sanctificat,
1242 1877 1360 1928 sanctus

92 1985 151 2026 uero
171 1965 288 2046 quilibet
310 1985 423 2046 egenus
445 1971 534 2048 inops
555 1968 593 2030 ab
615 1971 681 2049 ipso
703 1969 879 2030 sanctificari
902 1987 933 2030 ss
956 1976 1149 2045 caeterosque
1171 1966 1327 2048 supplicat.

627 2219 709 2289 aur.
734 2219 816 2286 ΙΙΙΙ.

118 2335 168 2400 DE
195 2335 287 2404 001).
317 2339 359 2404 83
386 2337 703 2414 QVAESTIONVM
731 2337 1123 2404 GRAMMATICARVM
1152 2335 1335 2404 ORIGINE

539 2439 687 2516 ATQVE
715 2439 900 2506 AETATE.

162 2579 225 2639 Iam
245 2598 302 2654 quo
321 2584 507 2656 potissimum
529 2589 663 2658 ternpore
685 2585 785 2642 omnia
812 2583 889 2642 77777
910 2584 1026 2657 scripta
1044 2581 1164 2653 fuerint
1185 2584 1362 2656 requirenti-

90 2681 133 2740 tus
151 2683 230 2742 777777
250 2682 390 2743 Α777777777
411 2683 565 2744 Einlrardi
585 2683 753 2759 8777777777
773 2687 895 2744 nomina
917 2692 1007 2759 77777
1029 2685 1106 2743 adeo
1128 2685 1240 2743 Karoli
1252 2684 1366 2758 7777777

90 2791 112 2840 et
130 2783 307 2844 Hlaaauuici
327 2801 432 2859 777777
454 2787 538 2844 77777
559 2787 750 2846 saeculoram
772 2790 846 2846 noni
865 2783 1032 2859 decimiana
1051 2787 1128 2856 rinos
1142 2787 1361 2846 consistentium

92 2901 142 2944 esse
161 2887 381 2946 demmntrant:
402 2903 473 2946 nam
495 2890 651 2962 quominus
674 2891 755 2949 ultra
779 2888 1020 2963 proprediamur
1046 2893 1228 2964 temporam,
1256 2889 1363 2961 paitrus

90 2989 172 3048 77777
190 2990 318 3064 scriptus
339 2991 379 3049 sit
400 3004 519 3050 necesse
540 2997 589 3062 est,
615 2991 730 3065 inpedit
751 2989 854 3050 77777777
876 2993 968 3050 77777.

159 3089 218 3149 Seri
236 3093 273 3150 tie
292 3092 360 3151 loco
381 3094 455 3151 satis
475 3099 607 3166 constat,
637 3094 665 3150 si
684 3093 802 3166 quitiam
825 3096 856 3152 in
873 3095 1046 3168 primarum
1065 3093 1252 3167 popinarum
1277 3088 1311 3149 p
1332 3097 1361 3152 ct

92 3197 119 3246 t·
137 3193 313 3265 narpinilrus
334 3193 533 3266 inferioribus
553 3197 669 3270 scripta
691 3201 760 3254 sant
774 3211 865 3254 mana
887 3197 1012 3268 antiqua
1033 3210 1113 3253 saec.
1130 3193 1177 3252 X:
1200 3173 1362 3253 LlEFilss

90 3289 239 3353 iunonis
268 3293 370 3354 770Νο
398 3293 611 3356 TEVTBOLDI
635 3292 641 3377 1
666 3295 714 3356 ΑΙ)
742 3293 954 3364 oasnoku
983 3275 1050 3356 SET
1069 3294 1212 3356 niutau
1240 3296 1360 3374 scripsit

90 3392 124 3452 illi
144 3396 243 3473 partim
264 3396 293 3456 fr
315 3398 458 3457 uncrinus
477 3397 482 3472 Ι
501 3399 609 3476 partim
626 3397 792 3458 heruardus
808 3399 880 3473 (sic)
904 3395 1038 3456 clericus.
1077 3397 1176 3457 Porro
1185 3415 1221 3473 p.
1238 3403 1304 3470 tta,
1323 3403 1361 3455 30

91 3496 148 3556 77777
169 3499 295 3573 scriptor
321 3515 354 3560 se
379 3515 506 3574 suosque
534 3501 701 3576 populares
736 3507 842 3576 aperte
869 3501 1009 3560 distinxit
1035 3497 1073 3557 ab
1102 3496 1190 3570 Afris
1217 3499 1362 3559 Romanis

93 3597 292 3661 lienauatanr's
314 3601 404 3662 Italis
425 3601 568 3662 amnibus.
615 3602 728 3662 Eodem
746 3599 842 3675 facit,
872 3601 954 3676 quoa
971 3619 1004 3676 p.
1031 3606 1101 3674 778,
1129 3606 1145 3658 7
1167 3599 1192 3659 S
1193 3603 1364 3676 parnasi

93 3703 208 3779 uillae,
234 3720 313 3778 7777
340 3719 360 3762 a
393 3712 515 3764 nostrae
548 3707 657 3763 aetatis
688 3705 853 3764 nominibus
882 3702 1062 3780 Epernap
1089 3710 1236 3774 uocatur,
1272 3710 1362 3778 atque

96 3801 207 3864 Troiae
227 3805 372 3881 oppidi,
396 3821 456 3880 quo
478 3807 598 3865 nomine
620 3804 762 3883 Troyes
783 3807 885 3866 urbem
907 3807 1079 3880 siqniricari
1095 3803 1271 3879 Wiispiinas
1287 3821 1360 3880 pro

93 3904 211 3966 iaiititer
234 3909 309 3968 mini
333 3909 534 3983 7777777777,
569 3910 679 3967 mentio
704 3910 739 3978 fit
770 3924 824 3966 nec
857 3924 917 3967 non
951 3906 1137 3967 Carteiae
1170 3906 1360 3986 coenobii.

94 4005 185 4067 Eodem
204 4011 268 4072 loco
290 4010 560 4086 praenominatur
577 4011 765 4086 palatium
789 4011 1024 4086 (7777777777,
1047 4024 1112 4068 esse
1134 4009 1282 4068 aniersi
1302 4025 1361 4070 non

93 4109 165 4183 77777
184 4112 219 4171 ab
238 4113 301 4186 liis,
331 4108 408 4187 quas
430 4114 512 4185 77777,
545 4112 666 4185 arbitrans
693 4117 837 4172 remotam
862 4112 1111 4171 Winlralmannus
1138 4110 1254 4185 7777777
1280 4128 1362 4172 naeus

95 4209 197 4285 7777777
214 4231 259 4274 me
279 4215 411 4275 edocuit.
447 4215 515 4274 Iam
529 4217 622 4285 cella,
647 4215 728 4289 quod
749 4216 869 4274 Altum
892 4215 1035 4274 uillare
1056 4218 1259 4287 principaretur,
1284 4231 1363 4288 quaa

95 4313 186 4374 troius
204 4317 275 4377 locis
292 4334 327 4392 p.
355 4322 420 4391 778,
447 4323 463 4375 7
485 4323 513 4376 77
530 4333 564 4393 p.
593 4322 658 4389 787,
684 4323 721 4375 35
744 4333 805 4389 sap.
830 4319 872 4376 ita
894 4320 1150 4387 commemoratur,
1176 4319 1208 4372 ut
1228 4317 1294 4390 ipso
1309 4317 1361 4376 7777

95 4415 146 4474 loca
163 4417 235 4478 lunc
254 4419 369 4479 7777777·
386 4423 530 4494 scriptam
550 4417 647 4489 fuisse
665 4423 786 4494 pateat,
817 4417 903 4476 77777
927 4418 1036 4492 procat
1063 4433 1082 4474 a
1104 4415 1213 4475 Sancti
1233 4415 1364 4492 Remipii

96 4518 152 4576 7777
170 4521 268 4581 aberat
287 4537 384 4598 propa
401 4525 528 4596 77777777
557 4524 610 4594 777
634 4528 764 4580 uocatur
791 4518 914 4592 Marna,
948 4521 979 4577 in
1006 4520 1078 4592 ipsas
1106 4516 1264 4593 Sparnaci
1285 4522 1364 4594 7777

96 4619 183 4684 aaron
201 4627 368 4695 constituta,
393 4626 444 4682 cui
456 4623 546 4683 7777777
561 4637 665 4683 amnon
681 4630 726 4680 est
745 4620 778 4678 H
782 4627 845 4680 aat
851 4623 890 4680 77
894 4623 940 4680 777
944 4636 1020 4696 ers,
1035 4617 1080 4691 cs.
1099 4618 1255 4680 Mannerti
1267 4621 1360 4681 lexic.

98 4725 237 4799 aemrapi.
260 4726 282 4786 I
296 4742 330 4800 p.
354 4731 419 4785 897.
464 4723 527 4785 Sati
547 4727 654 4784 mirum
677 4729 721 4783 est
736 4741 772 4800 p.
800 4729 870 4796 787,
897 4729 934 4781 26
963 4725 1167 4796 7777777777
1197 4723 1359 4782 Graeco-

98 4837 156 4880 rum
175 4823 394 4888 Latinitatis
416 4829 634 4903 innaroram
662 4843 812 4902 personas
833 4813 950 4898 induci,
981 4827 1034 4900 777
1054 4825 1202 4899 quonoao
1223 4825 1298 4900 quial
1318 4827 1361 4886 77-
