3394 5448
278 398 385 447 ocvm
571 383 621 434 on
639 382 789 435 mmnno
808 365 1005 433 ronnrano
1025 380 1265 433 annnnnmco

278 574 350 634 ‘bic'
370 575 535 650 pertinent.
573 573 690 632 Dande
712 573 940 632 animaduertes
962 586 1083 646 quaeso,
1108 570 1278 646 Pompeium
1294 569 1451 630 alatiano
1466 568 1574 628 ordene
1678 576 1682 587 ·

279 693 427 753 peruersa
448 675 591 752 laudari,
620 675 658 734 ab
686 671 871 749 artiprapbo
899 672 1050 733 Beruensi
1074 673 1176 732 eodem
1205 672 1324 748 ordine,
1352 689 1411 746 qno
1439 671 1576 746 Pompeii
1679 664 1683 675 ¹

276 782 360 839 locas
381 780 412 836 iu
433 778 520 836 libris
541 778 755 851 manuscriptis
776 777 897 849 lapiton
921 774 965 847 cs.
984 777 1085 852 Pomp.
1105 791 1138 850 p.
1157 781 1221 848 tat,
1242 779 1359 832 29-34
1376 775 1414 833 K.
1450 773 1572 848 Itaque,

277 881 397 940 etiamsi
427 895 611 938 communem
641 879 761 952 utrique
792 879 938 952 scriptori
964 876 1082 949 sontem
1109 882 1237 952 praesto
1264 874 1363 947 fnisse
1393 882 1572 946 statuamus,

277 982 459 1041 Bernensem
488 987 571 1040 certe
598 981 820 1055 artiprapbum'
840 979 934 1039 muita
960 981 1064 1039 melius
1098 986 1190 1054 atque
1222 979 1398 1038 accuratius
1425 993 1461 1036 eo
1487 993 1574 1036 aaran

276 1100 338 1144 esse
360 1084 502 1142 dicetnus.
549 1082 744 1158 Quapropter
763 1097 858 1154 nemo,
881 1083 998 1156 opinor,
1023 1097 1069 1138 me
1090 1080 1270 1154 increpabit,
1294 1081 1375 1156 qnod
1395 1077 1473 1138 artr's
1493 1077 1573 1137 Ber-

276 1187 376 1245 nensis
407 1192 436 1244 et
468 1186 641 1259 scripturae
672 1185 895 1259 discrepantias
931 1190 959 1242 et
987 1185 1151 1256 proniores
1183 1180 1440 1241 dissimilitudines
1465 1181 1573 1240 sedada

275 1288 469 1347 adnotandas
490 1289 610 1361 suscepi
636 1289 838 1361 maiorumque
864 1263 910 1344 itii
935 1301 1024 1359 quom
1046 1283 1168 1344 Iuliano
1192 1283 1283 1356 fidem
1310 1282 1479 1342 babendum
1510 1297 1574 1340 esse
1680 1292 1684 1303 ·

274 1389 434 1450 contendo.

359 1489 495 1566 Sequens
516 1487 613 1550 Keilii
633 1497 810 1567 excerptum
832 1490 918 1566 apud
941 1491 1121 1565 scriptorem
1145 1486 1326 1548 Beruensem
1353 1484 1398 1548 sic
1424 1503 1456 1545 se
1482 1485 1575 1545 babet

293 1639 301 1653 .
327 1588 397 1652 28⁶:

270 1593 295 1666 f
360 1691 498 1773 Quisquis
520 1693 602 1755 cuitus
625 1694 735 1772 figurae
759 1693 820 1753 esti
863 1694 1040 1772 Conpositae
1063 1709 1097 1751 ax
1130 1689 1245 1752 dnobus
1272 1691 1396 1766 integris
1418 1688 1574 1770 pronomi-

280 1795 375 1856 nibus.
421 1795 561 1866 Ouisnam
585 1795 729 1856 similiter.
774 1794 845 1865 Quis
866 1813 1033 1874 pronomen
1057 1803 1115 1863 est,
1139 1811 1208 1855 nam
1232 1793 1415 1853 coniunctio:
1440 1809 1477 1850 ex
1498 1789 1573 1850 dua·
1685 1797 1686 1804 ’

279 1898 335 1960 isus
357 1897 489 1978 partibus
517 1916 608 1958 unum
637 1897 764 1958 efficitur
786 1915 952 1976 pronomen
980 1898 1177 1977 conpositum.
1228 1895 1316 1956 Cuius
1347 1893 1471 1970 generis
1494 1892 1574 1952 ¹esti

277 2004 355 2080 Aput
378 2017 432 2060 nos
450 1998 621 2077 masculini:
646 2001 793 2078 ‘quisnam
816 2001 862 2061 uir
885 2001 968 2061 tacis'
992 2009 1022 2060 et
1043 1999 1200 2076 ‘quaenam
1224 1994 1350 2057 mulier'.
1387 1996 1466 2072 Aput
1487 2003 1574 2054 uete-

275 2120 324 2162 res
353 2120 425 2162 uero
455 2104 619 2162 communis
649 2100 707 2180 (-ni
729 2101 807 2182 cad.)
837 2103 953 2180 generis
982 2099 1155 2162 habebatur.
1213 2098 1252 2158 Da
1291 2098 1352 2158 eius
1390 2095 1573 2174 exemptum.

178 2215 181 2222 ’
276 2201 418 2274 Quisnam
447 2222 478 2264 es
507 2212 536 2265 tu
566 2203 751 2284 mulierque
779 2212 904 2265 emetam
934 2205 1107 2264 inconsueto
1130 2217 1283 2280 nuncupas
1306 2200 1435 2262 nomine.
1480 2198 1571 2269 Quis·

277 2306 355 2383 piam
384 2305 526 2367 eiusdem.
577 2304 657 2375 Quae
686 2307 778 2384 figura
807 2307 869 2368 esti
913 2306 1082 2386 Conposita:
1111 2307 1179 2384 quis
1205 2319 1369 2381 pronomen
1398 2308 1457 2370 est,
1486 2302 1570 2380 piam

277 2424 384 2467 nomen
408 2416 463 2468 est.
509 2407 597 2468 Cuius
625 2411 743 2486 generis
770 2409 831 2469 est?
875 2407 1055 2469 Communis.
1101 2403 1273 2477 Quomodo?
1317 2403 1479 2483 ‘Quispiam
1508 2405 1572 2462 uir’

276 2519 306 2570 et
329 2511 486 2588 ‘quispiam
510 2509 638 2580 mutier'‚
663 2520 692 2570 et
714 2529 768 2590 pro
791 2517 898 2570 neutro
921 2511 1090 2588 ‘quodpiam
1113 2507 1314 2586 mancipium'.

364 2610 519 2683 Quomodo
535 2611 709 2674 declinanda
726 2623 795 2673 siant
810 2615 864 2673 ista
881 2614 1057 2690 pronomina
1073 2609 1243 2691 conposita?
1266 2605 1389 2678 Quando
1405 2626 1441 2666 ex
1456 2605 1576 2666 duobus

276 2716 471 2776 nominatiuis
486 2712 567 2794 (bis)
584 2717 738 2792 conposita
754 2713 875 2784 inerint,
899 2714 987 2775 ambo
1008 2715 1183 2774 nominatiui
1202 2710 1272 2792 (ὼί)
1296 2708 1467 2770 inflectendi
1489 2717 1573 2777 sunt,

276 2825 309 2877 ut
331 2817 464 2896 quisquis
487 2819 656 2877 cuiuscuius
679 2823 750 2886 etc„
780 2815 898 2896 quando
926 2833 998 2878 uero
1028 2835 1063 2876 ex
1091 2813 1275 2874 nominatius
1305 2820 1335 2871 et
1356 2809 1491 2892 quolibet
1512 2809 1574 2870 aiio

276 2935 347 2979 casu
370 2921 526 2997 conposita
548 2919 667 2987 inerint,
691 2919 739 2979 ilie
763 2920 965 2980 nominatiuus
981 2919 1037 2978 erit
1055 2915 1060 2996 Ι
1080 2917 1100 2976 i.
1123 2913 1184 2976 29(Ι
1204 2912 1208 2994 t
1229 2922 1341 2975 tantum
1364 2911 1574 2980 inflectendus,

276 3028 308 3080 ut
329 3019 474 3100 quispiam
497 3022 659 3100 cuiuspiam
683 3027 739 3081 ete.
784 3019 816 3081 In
840 3017 1161 3100 quibus'qualitatibns
1184 3025 1252 3084 etc..
1276 3015 1321 3089 cs.
1343 3031 1450 3092 snpra.

361 3123 411 3182 Ex
432 3124 492 3183 bac
513 3127 608 3198 ipitur
630 3125 707 3183 artis
728 3126 910 3201 recursione,
933 3130 966 3183 ut
987 3125 1052 3182 alia
1075 3128 1202 3192 taceam,
1227 3139 1256 3178 a.
1277 3116 1454 3178 3311diani
1475 3119 1574 3177 uerba

274 3226 395 3285 restitui
408 3233 552 3300 possunt,
582 3242 659 3301 quae
687 3243 707 3284 a
734 3227 870 3285 librariis
896 3225 1089 3286 oscitantibus
1111 3225 1218 3283 misere
1238 3228 1387 3297 corrupta
1407 3227 1493 3281 sunt:
1520 3221 1574 3278 de-

274 3329 355 3403 lapsi
381 3334 450 3386 sunt
477 3329 554 3387 enim
581 3344 684 3388 eorum
712 3331 795 3388 oculi
814 3329 858 3388 ad
877 3344 930 3400 ea,
961 3343 1040 3402 quae
1066 3343 1096 3386 u.
1123 3332 1159 3382 215³
1187 3331 1216 3383 et
1246 3330 1280 3382 29
1307 3326 1460 3398 tepenter.
1509 3321 1576 3380 Sed

274 3438 375 3490 utrum
396 3436 534 3489 extrema
556 3447 673 3505 qnoque
695 3431 845 3490 uocabula
867 3430 994 3504 ‘aliquid
1015 3435 1044 3488 et
1066 3429 1178 3488 eetera'
1208 3443 1228 3484 a
1256 3427 1395 3485 librariis
1422 3431 1573 3502 corrupta

274 3535 343 3605 sint,
368 3549 408 3591 an
432 3531 570 3591 Iulianus
591 3533 656 3607 ipse
677 3534 732 3592 isto
756 3533 802 3591 ‘et
822 3535 942 3592 eetera’
971 3531 1111 3606 adposito
1138 3547 1169 3588 se
1196 3530 1314 3603 reliqna
1335 3528 1449 3586 lubenti
1469 3529 1572 3586 aniano

271 3637 510 3711 praetermisisse
530 3637 703 3708 sipnilicaru
725 3636 865 3707 nutrierit,
890 3634 974 3694 baud
994 3637 1039 3693 ita
1060 3639 1143 3692 certo
1165 3633 1288 3703 definiri
1303 3637 1413 3705 potest.

359 3755 388 3815 p.
421 3733 542 3805 320,1
577 3736 649 3797 item
678 3754 735 3796 om.
802 3736 873 3814 quid
901 3735 1007 3795 accidit
1070 3729 1091 3793 3
1119 3733 1285 3793 interiectio
1314 3728 1471 3790 exultantis
1539 3737 1572 3788 ut

274 3838 334 3899 beu
363 3837 441 3915 quod
471 3846 516 3897 est
578 3819 824 3916 aquitanii
860 3834 881 3898 5
909 3845 1021 3896 metum
1050 3843 1083 3896 ut
1111 3843 1182 3893 attat
1210 3832 1357 3912 quomodo
1386 3833 1428 3892 sic
1450 3829 1569 3892 solitum

276 3949 321 4000 est
348 3940 491 4000 intantum
520 3941 651 4000 nutrices
680 3943 793 4001 minare
821 3947 896 4000 totto
969 3936 986 3998 t
1018 3947 1047 3997 et
1075 3953 1150 4015 quae
1179 3944 1248 3996 sunt
1274 3934 1381 3995 similia
1409 3951 1466 3994 om.
1535 3933 1571 3992 ad

277 4043 506 4120 significationes
529 4043 621 4120 parus
644 4043 727 4101 istius
749 4043 877 4121 pertinet
900 4039 1098 4102 discernenda
1120 4048 1188 4099 sunt
1210 4041 1258 4098 ita.

359 4143 583 4204 Inter-iectionis
605 4145 703 4204 ‘totto’
726 4143 918 4218 Smorupdus
940 4159 1057 4219 qaoque
1078 4143 1210 4201 meminit
1226 4139 1285 4213 sot.
1309 4138 1382 4199 111⁶
1399 4138 1574 4213 srapmenti

276 4248 448 4322 Bernensis,
473 4249 555 4323 quad
576 4245 665 4319 infra
681 4263 871 4322 proponam:
895 4243 1083 4305 Prohibentis
1100 4251 1131 4303 nt
1153 4245 1258 4310 ‘tuto';
1281 4243 1325 4302 sie
1348 4241 1425 4301 enim
1448 4241 1571 4301 intanti·

275 4348 332 4410 bus
355 4350 561 4409 comminatur.
607 4348 680 4408 Nam
705 4351 785 4407 etin
809 4346 954 4408 Tcodisca
977 4345 1077 4424 lingua
1101 4344 1172 4405 illud
1196 4345 1294 4404 ‘totto'
1317 4341 1504 4423 prohibentis
1520 4341 1571 4402 ba·

276 4451 327 4511 bet
348 4448 528 4511 intellectum
555 4485 602 4520 -,
626 4451 681 4510 sed
702 4452 760 4524 ita,
786 4457 818 4510 ut
840 4467 880 4510 ex
902 4451 965 4510 olio
987 4448 1117 4524 quodam
1138 4445 1226 4521 sonte
1247 4449 1301 4506 illa
1317 4449 1440 4522 petiisse
1457 4452 1572 4521 putan-

275 4555 332 4615 dus
352 4557 399 4614 sit.
445 4553 523 4612 Nam
551 4562 579 4612 et
605 4554 691 4628 apud
717 4554 870 4612 Iulianum
897 4559 926 4612 et
953 4553 1039 4627 apud
1065 4550 1279 4626 artiprapitum
1302 4548 1486 4608 Banernem
1505 4555 1574 4623 post

275 4659 376 4716 ‘attat’
404 4659 551 4716 nonnulla
590 4651 781 4714 intercidisse
808 4655 967 4732 uidentur,
1002 4670 1081 4729 qnae
1107 4653 1193 4728 apud
1220 4651 1423 4726 Smarapdnm
1449 4653 1572 4725 intepra

276 4759 381 4840 adesse
402 4759 496 4817 uides.
541 4757 658 4838 Canens
680 4763 794 4830 autem,
824 4757 1035 4816 notationum
1058 4757 1094 4815 ob
1116 4755 1150 4813 id
1164 4756 1305 4829 pleniore
1325 4753 1457 4830 quodam
1479 4769 1572 4828 qaam

277 4866 430 4920 auctorem
453 4858 635 4918 Beruensem
653 4859 745 4932 sonte
766 4875 852 4920 mum
874 4877 937 4919 esse
959 4859 1082 4932 credas,
1112 4859 1194 4932 quod
1217 4855 1289 4917 illa:
1312 4855 1446 4935 ‘quando
1469 4855 1570 4935 probi·
