3368 5440
635 392 839 446 EXOERP'I'A.
1324 391 1385 456 195

89 582 165 660 quod
189 583 300 644 dieitur
322 585 402 661 ‘ego'
425 589 455 642 et
477 599 531 644 our
554 581 712 643 dissimiles
733 590 803 644 sunt
825 585 872 644 sui
893 580 1007 659 obliqui
1030 599 1115 642 casus
1138 591 1240 643 contra
1263 584 1313 643 sel
1350 584 1387 644 Vt

89 684 273 764 Virgilius
296 684 380 745 dicit:
414 685 547 746 Primum
569 687 601 745 in
623 683 728 746 ordine
751 702 917 764 pronomen
938 685 1054 745 finitum
1078 691 1122 745 est
1144 687 1243 763 ‘ego',
1267 685 1305 746 de
1328 704 1386 766 quo

89 797 145 848 tem
168 784 253 847 multi
275 788 449 848 innumeros
471 784 653 848 uentilabent
675 789 879 868 quaestiones,
903 785 1052 865 quomodo
1068 795 1097 847 et
1112 803 1169 864 qua
1190 787 1303 848 ratione
1327 793 1385 848 tam

88 887 279 950 dissimilibus
306 887 413 949 litteris
441 887 521 950 idem
543 907 709 968 pronomen
733 891 916 968 conpositum
938 888 991 956 sit,
1015 893 1048 947 ut
1071 885 1188 948 dicatur
1210 889 1284 964 ‘ego
1308 889 1385 948 mei'

68 989 226 1070 tquodqae
248 991 381 1068 iurgium
403 991 440 1050 ita
463 989 601 1052 doctores
623 990 729 1051 sedare
751 989 907 1060 uolebant,
932 997 964 1050 ut
985 989 1190 1060 adfirmarent,
1213 989 1293 1067 ‘ego'
1308 991 1387 1051 inter

90 1099 261 1171 monoptota
283 1091 394 1152 debere
417 1109 534 1171 semper
558 1091 701 1161 adscribi,
725 1099 758 1152 ut
779 1093 810 1152 in
832 1093 913 1152 omni
935 1109 1063 1152 numero
1085 1101 1114 1153 et
1130 1109 1241 1170 genere
1264 1099 1294 1152 et
1314 1111 1386 1154 casu

88 1196 178 1272 ‘ego’
200 1192 391 1272 singulariter
413 1191 574 1255 diceretur.
619 1193 821 1254 Terentius
853 1194 944 1272 ‘ego’
976 1194 1055 1253 inter
1085 1192 1233 1254 delectiua
1261 1193 1388 1255 eredidit

89 1293 292 1363 iudicandum,
322 1301 354 1356 ut
380 1293 494 1356 scilicet
521 1302 646 1374 excepto
674 1294 739 1355 solo
767 1295 950 1356 nominatiuo
980 1292 1093 1355 nullum
1122 1312 1223 1355 casum
1246 1294 1385 1364 haberem

89 1400 207 1478 utrique
223 1405 322 1458 tamen
338 1397 478 1458 concordi
494 1396 663 1458 hortamine
685 1395 807 1458 delinito
822 1396 918 1458 edicto
933 1395 1087 1465 dicebant,
1112 1413 1166 1475 pro
1183 1398 1264 1474 ‘ego'
1281 1399 1385 1458 ‘mius'

58 1511 79 1550 10
90 1497 293 1579 accipiendum
317 1517 381 1559 csse
405 1508 435 1559 et
456 1500 499 1559 sic
522 1497 744 1559 declinandum:
768 1500 860 1559 ‘mins
876 1500 935 1558 mei
949 1492 996 1558 uel
1013 1499 1070 1558 ruis
1085 1495 1157 1558 milri
1172 1515 1220 1558 me
1243 1517 1292 1559 oa
1315 1501 1386 1560 me’.

90 1601 203 1672 Quibus
226 1599 415 1678 Galbungi
443 1599 593 1661 auditores
616 1619 632 1660 e
655 1600 774 1661 diuerso
802 1601 974 1663 resistentes
1002 1601 1153 1664 dicebant:
1191 1599 1223 1660 Si
1250 1602 1304 1671 ita,
1335 1619 1388 1661 cur

90 1721 146 1762 non
170 1703 259 1762 etiam
283 1699 391 1780 plureli
415 1719 539 1762 numero
562 1701 727 1762 litterarum
756 1709 895 1763 seruatur
924 1702 1013 1774 ordo,
1048 1705 1103 1764 sed
1132 1705 1176 1764 sic
1206 1700 1387 1764 declinatur:

89 1805 154 1865 ‘nos
177 1804 345 1864 nostrum’?
381 1802 520 1883 Alioquin
543 1800 634 1864 multa
658 1802 819 1864 admodum
841 1807 1099 1882 sumomonte,
1121 1822 1196 1885 quae
1219 1823 1286 1866 cum
1310 1803 1389 1864 litte·

90 1923 189 1966 rerum
212 1905 349 1966 ordinem
373 1921 433 1966 non
455 1911 594 1984 seruent,
624 1921 715 1966 sensu
745 1913 843 1967 temen
867 1907 1074 1985 sententiaque
1097 1906 1305 1968 conuenientia
1328 1923 1387 1966 non

59 2019 80 2058 ¹⁵
91 2006 262 2068 dubitantur
285 2024 362 2067 esse.
408 2004 504 2066 Simili
532 2025 603 2085 ergo
632 2007 721 2067 modo
749 2006 967 2068 defendendum
991 2016 1035 2068 est
1063 2008 1120 2069 boo
1147 2024 1329 2088 pronomen,
1357 2016 1390 2067 ut

90 2110 125 2169 sit
148 2109 204 2169 rite
225 2106 451 2176 declinandum,
479 2109 556 2168 sicut
584 2107 703 2187 plurimi
734 2116 912 2189 receperunt
940 2112 1013 2187 ‘ego
1036 2111 1113 2170 mei'
1137 2119 1167 2170 et
1189 2108 1296 2190 plurali
1318 2112 1390 2168 ‘nos

91 2216 249 2270 nostrum'.
293 2207 388 2279 Quem
411 2211 614 2288 quaestionem
639 2227 705 2270 curn
723 2210 759 2269 ad
775 2229 874 2271 meum
890 2212 1047 2272 Aeneam
1070 2211 1236 2272 retulissem
1253 2217 1282 2270 et
1298 2209 1388 2271 multa

90 2329 123 2371 ac
146 2310 259 2372 diutina
283 2312 344 2371 dici
365 2357 372 2372 .
391 2357 399 2370 .
418 2357 426 2372 .
447 2357 453 2372 .
475 2310 587 2389 grande
610 2310 647 2370 de
670 2311 726 2371 hac
749 2311 851 2372 eadem
875 2311 1073 2382 uoluerimus
1097 2314 1135 2374 ed
1157 2320 1324 2373 extremum
1348 2313 1388 2371 ita

89 2412 200 2484 intulit,
224 2411 304 2493 quod
327 2410 492 2473 secundum
516 2411 563 2473 Ga
574 2411 705 2491 lbungi
728 2411 774 2474 uel
791 2431 913 2474 suorum
930 2415 1108 2475 sententiam
1125 2415 1216 2475 ‘mins
1230 2415 1287 2474 mei
1305 2413 1388 2494 mibi’

55 2515 254 2577 mestissime
277 2512 429 2574 scribitur.

174 2614 188 2700 {l
205 2618 226 2676 i.
242 2611 303 2677 20¹³
320 2613 333 2697 ll
357 2616 394 2675 Vt
416 2613 600 2691 Virgilius
623 2615 708 2678 dicit:
734 2615 874 2677 Nonnulli
897 2617 1096 2692 contendunt,
1121 2619 1210 2696 ‘qui'
1233 2618 1314 2677 omni
1336 2634 1387 2694 ge·

91 2737 163 2780 nere
185 2719 317 2798 coaptari
340 2735 442 2797 posse,
466 2717 576 2797 quippe
600 2735 666 2778 cum
689 2719 720 2776 in
743 2716 873 2779 oblatiun
896 2719 1029 2780 dicemus
1051 2719 1085 2778 ‘a
1108 2719 1160 2798 qui
1183 2719 1265 2778 uiro'
1290 2718 1341 2778 uel
1360 2721 1389 2780 ‘a

88 2823 139 2899 qui
162 2820 298 2881 muliere'
320 2818 353 2879 ‘a
371 2823 425 2896 qui
438 2823 556 2896 opere’:
579 2821 693 2881 siomo
707 2820 814 2881 torum
828 2823 977 2881 sententio
999 2820 1058 2880 diei
1081 2817 1218 2889 deberet,
1244 2821 1318 2900 ‘qui’
1335 2838 1390 2900 per

88 2941 207 2984 omnem
230 2939 390 2983 numerum
417 2939 595 3000 amnemque
618 2939 719 2983 casum
744 2929 914 3002 monoptota
939 2921 1064 3000 quadam
1088 2920 1286 2983 declinatione
1308 2920 1388 2982 irue-

54 3031 187 3094 eretur,
217 3032 250 3084 ut
271 3023 342 3104 ‘qui
363 3025 429 3084 uir'
452 3025 520 3103 ‘qai
542 3023 616 3082 uirl'
640 3025 710 3102 ‘qui
732 3024 816 3083 uiro'
845 3023 914 3101 ‘qui
937 3025 1052 3084 uirurn'
1081 3023 1150 3102 ‘qui
1173 3023 1298 3084 mulier’
1321 3024 1390 3104 ‘qui

89 3125 235 3188 mulieris’
260 3133 291 3186 et
313 3127 376 3204 ‘qui
399 3124 553 3186 mulieres'
577 3125 641 3205 ‘qui
656 3122 838 3195 mulierum,
862 3125 929 3201 ‘qur'
941 3133 1060 3187 nomen'
1082 3127 1146 3203 ‘qui
1162 3126 1301 3186 nominis’
1326 3126 1390 3204 ‘qui

88 3229 220 3289 nomina’
244 3227 308 3308 ‘qui
331 3229 498 3289 nominum’
521 3235 552 3287 et
573 3235 672 3288 cetera
694 3225 872 3287 huiusmodi.

174 3327 188 3411 ΙΙ
206 3330 227 3390 l.
243 3325 332 3412 21·q
362 3330 398 3389 Vt
425 3327 610 3407 Virgilius
637 3328 724 3388 dicit:
764 3327 943 3389 Pronominn
982 3330 1153 3408 quantitatis
1183 3341 1213 3391 et
1241 3328 1390 3410 qualitatis

87 3429 318 3493 declinationem
341 3433 387 3492 sui
412 3448 471 3491 non
494 3430 658 3492 secundum
682 3429 816 3508 regulam
838 3430 1053 3491 ilectendorurn
1082 3433 1307 3510 pronominum,
1337 3430 1388 3491 sed

51 3533 254 3594 sesecundum
285 3531 508 3594 similitudinem
543 3531 728 3592 adiectorum
762 3531 930 3603 babebunt,
965 3540 998 3592 ut
1026 3531 1140 3611 ‘qualis
1168 3530 1233 3594 talis
1261 3542 1390 3612 quantus

160 3806 217 3855 iet
235 3800 368 3870 uirgilius]
388 3821 414 3868 p.
433 3806 467 3853 22
487 3803 546 3854 Mai
613 3806 629 3853 2
650 3801 748 3853 linitum
772 3812 812 3854 est
833 3818 891 3869 ego.
929 3802 995 3854 Sunt
1011 3803 1084 3853 multi
1102 3804 1146 3867 qui
1164 3805 1311 3860 innumerus
1330 3819 1390 3853 ucu-

87 3872 163 3922 tileut
179 3873 268 3925 Maius
335 3875 352 3923 3
370 3873 518 3934 questiones
537 3871 608 3934 quod
626 3871 712 3934 ulique
730 3868 851 3938 retionell
863 3872 1029 3921 inscrntnndo
1049 3873 1180 3934 quomodo
1193 3880 1279 3934 etqua
1292 3873 1391 3920 mtloue

86 3941 176 3990 Maius
261 3941 364 3991 ⁴lidest
381 3954 523 4006 pronomen
609 3936 776 4005 bqnodque]
796 3935 1008 4006 quaquellquod
1028 3939 1091 4005 pleri
1109 3939 1196 3990 Maius
1264 3939 1299 3989 ita
1316 3940 1391 3989 docte

86 4009 177 4059 Maius
245 4010 307 4058 dut
324 4009 350 4057 in
369 4009 501 4057 nominum
521 4017 608 4057 nostro
676 4009 858 4067 Vterrentius,
875 4011 966 4072 priore
983 4025 998 4057 r
1015 4023 1092 4058 eraso
1160 4007 1293 4060 9dillnito
1345 4008 1390 4056 de-

86 4075 212 4138 unitoque
231 4076 319 4127 Maius
404 4078 437 4127 10
454 4091 511 4124 meo
530 4089 545 4124 a
563 4089 603 4124 me
673 4077 704 4124 12
724 4075 805 4124 littera
824 4085 942 4126 seruatur
960 4076 1023 4126 ordo
1043 4071 1073 4141 llll
1093 4075 1131 4124 sic
1148 4075 1289 4126 declinetur
1360 4078 1390 4126 13

85 4154 148 4194 sunt
166 4159 232 4207 quae
250 4159 307 4192 euna
326 4143 422 4193 litterae
441 4143 555 4194 ordinem
608 4139 744 4210 uocabula]
765 4143 811 4194 Ero
828 4143 902 4196 Maio
918 4147 1044 4210 suppleri.
1106 4153 1165 4193 sunt
1182 4143 1307 4194 uocabula
1325 4159 1391 4206 quse

85 4225 276 4274 quemcumque
293 4211 433 4261 litterarum
453 4211 568 4261 ordinem
587 4220 690 4260 seruent
706 4212 792 4262 Maius
862 4213 893 4262 15
912 4226 1038 4262 essenon
1057 4211 1204 4262 dubitantur
1217 4211 1303 4262 Maius
1342 4212 1391 4261 laoc

84 4293 232 4345 pronomen
251 4281 316 4330 trine
335 4279 415 4329 uideri
433 4279 612 4329 declinandum
631 4278 718 4329 Meim
791 4281 823 4331 16
841 4281 987 4346 reciperunt
1004 4293 1053 4345 ego
1071 4281 1121 4328 mei
1139 4279 1201 4328 mibi
1219 4291 1244 4329 et
1260 4279 1391 4345 pluraliter

86 4363 134 4398 nos
154 4358 273 4398 nostrum
291 4347 365 4397 uobis
385 4347 470 4398 Maius
541 4347 573 4398 tt
590 4362 649 4409 qne,
667 4362 825 4412 remquam
844 4365 874 4397 m.
888 4347 923 4398 11
974 4347 1008 4397 ad
1027 4347 1076 4396 mm
1094 4362 1182 4397 ensem
1236 4347 1390 4398 rettulissem

84 4431 115 4463 ac
133 4415 257 4465 diuturne
279 4416 330 4465 diei
353 4425 425 4480 parte
447 4416 479 4464 de
500 4409 548 4464 hcc
572 4415 660 4464 eadem
679 4415 758 4464 multu
778 4415 933 4465 uoluerimus
952 4417 1042 4467 Maius
1128 4417 1160 4467 18
1177 4413 1240 4480 diei]
1260 4415 1391 4466 [ιασιιιιαιιι

83 4536 209 4585 indicaui.
262 4533 295 4583 de
312 4530 356 4583 luc
402 4483 557 4596 {dulmen
575 4549 645 4586 corr.
662 4533 741 4587 ιιι.Ιὶ
811 4534 843 4584 19
860 4549 926 4595 qnae
944 4533 1084 4583 secuudum
1138 4534 1177 4583 uel
1196 4549 1302 4584 snorum
1321 4533 1390 4596 quod

119 4603 157 4652 ita
176 4615 335 4665 suorumque
353 4601 439 4653 Malus
490 4604 540 4652 -sl
559 4597 697 4667 Virgilius]
716 4618 744 4666 p.
764 4603 800 4651 34
817 4601 876 4651 Mai
943 4604 976 4652 22
997 4603 1133 4666 quoapteri
1151 4602 1239 4653 Maius
1306 4601 1390 4651 dicum

118 4671 162 4720 uel
181 4685 229 4719 om.
248 4669 335 4720 Maius
403 4671 437 4722 23
455 4671 532 4733 a.qui
551 4669 657 4720 muliere
673 4670 723 4718 dici
741 4669 816 4719 debet
875 4669 952 4731 oqui
972 4683 1061 4734 opere:
1081 4669 1137 4718 siue
1154 4669 1246 4719 harum
1265 4671 1390 4720 sententia

84 4749 156 4788 stare
174 4737 250 4786 debet
267 4737 354 4788 Maias
420 4739 454 4788 24
473 4735 543 4800 qnde't
635 4739 669 4787 ‘to
686 4735 780 4786 irueret
800 4734 811 4804 ΙΙ
831 4735 929 4786 lrnetur
947 4735 1034 4788 Maior
1118 4739 1151 4788 26
1169 4739 1213 4800 qui
1233 4752 1325 4789 nonren
1343 4755 1391 4792 ont.

83 4808 154 4864 cod„
175 4807 237 4886 add.
256 4807 342 4856 Molos
427 4807 461 4856 28
478 4802 617 4871 Virgilius]
638 4805 695 4856 Non
713 4811 787 4856 extat
805 4807 877 4870 opud
894 4806 1003 4869 Maium,
1020 4805 1118 4868 sedes.
1135 4823 1163 4872 p.
1184 4809 1221 4857 33
1240 4807 1279 4860 M.
1358 4808 1392 4858 29

84 4887 242 4943 pronomine

1134 4957 1186 5012 13*
