3394 5448
307 343 370 409 218
710 345 1206 400 ccumnnrvunmsrnnnnsn

308 538 454 598 iormatur
477 537 652 598 interiectio.
696 536 790 614 lgitur
812 537 991 606 interiectio,
1016 555 1091 617 quae
1107 537 1221 599 Graece
1242 532 1447 616 παρένθεσις
1467 545 1598 608 uocetur,

308 639 345 702 ab
368 638 581 700 interiaeiendc
605 656 713 699 nomen
736 639 839 699 sortita
863 646 921 714 est,
944 639 1028 718 quia,
1052 657 1120 700 cum
1144 639 1181 699 de
1204 639 1268 700 aliis
1283 637 1419 718 partibus
1441 638 1597 719 loquimur,

308 743 406 804 subito
434 743 585 803 intereas
613 741 794 822 proferimus
822 741 1070 802 interiectionem.
1116 741 1197 802 Vnde
1224 749 1255 804 et
1283 741 1358 802 aliae
1385 749 1502 821 partes,
1530 759 1599 821 quae

307 844 403 906 subita
426 863 500 906 uoce
524 842 728 923 proferuntur,
751 844 950 904 interiectioni
965 845 1156 924 deputantur,
1180 850 1214 906 nt
1227 844 1295 924 ‘pro
1310 843 1409 905 dolor'
1424 846 1495 923 ‘pre
1511 843 1598 908 nelas’

308 946 381 1008 ‘deo
403 945 543 1025 gratias’.
588 945 702 1006 Dicitur
726 947 829 1017 etiam,
859 955 892 1007 ut
914 947 1009 1017 aiunt,
1038 947 1207 1008 interiectio
1230 948 1311 1027 quasi
1334 946 1484 1007 ‘interius
1506 945 1600 1006 iacens

307 1050 406 1121 ratic’,
436 1048 506 1108 dum
529 1065 586 1108 nox
611 1045 785 1128 plerumque
808 1047 1094 1128 impraemeditatiue
1117 1049 1247 1110 exterius
1271 1049 1403 1126 emergit
1448 1044 1620 1119 Ouidana

307 1150 383 1212 hanc
422 1147 596 1230 particulam
637 1149 780 1212 aduerbio
815 1151 987 1213 consociare
1021 1151 1188 1212 uoluerunt.
1246 1152 1305 1213 Cur
1341 1152 1435 1228 igitur
1473 1148 1601 1211 Donatus

307 1251 419 1314 noluit?
448 1252 593 1324 Quoniam
617 1249 707 1313 habet
728 1270 810 1313 snam
834 1255 1061 1333 proprietatem,
1085 1253 1162 1314 sicut
1185 1261 1303 1314 ceterae
1325 1259 1439 1332 partes,
1464 1249 1602 1312 uidelicet

308 1357 416 1416 mentis
439 1355 575 1416 allectum
598 1353 766 1415 ostendere.
811 1353 848 1415 Et
869 1354 1040 1422 sciendum,
1070 1353 1147 1432 qrrod
1170 1355 1209 1416 ita
1233 1353 1354 1415 manent
1381 1353 1602 1414 interiectiones

289 1457 384 1537 -apud
408 1455 572 1525 Hebraeos,
597 1458 673 1517 sicut
695 1464 725 1517 et
747 1455 824 1534 apud
848 1456 983 1526 Latinos,
1013 1465 1043 1517 ct
1065 1475 1123 1517 non
1146 1464 1297 1517 mutantur
1319 1458 1351 1515 in
1373 1454 1439 1515 aliis
1460 1452 1601 1535 partibus,

307 1569 339 1620 ut
362 1558 476 1620 ‘racha'
500 1559 668 1620 interiectio
690 1556 818 1620 dolentis
840 1567 885 1619 est
907 1557 984 1636 apud
1013 1557 1165 1620 Hebraeos
1194 1559 1378 1634 significans,
1413 1557 1454 1616 ·i·
1481 1556 1600 1617 demon·

306 1670 419 1731 strare,
449 1663 556 1721 mentis
586 1661 737 1731 allectum,
770 1663 811 1720 ·i·
835 1660 1027 1722 intellectum.
1072 1659 1218 1740 Quicquid
1246 1661 1326 1721 enim
1356 1667 1459 1720 noster
1490 1661 1602 1720 animus

167 1785 189 1826 r·
203 1774 253 1823 ³⁶⁶.
269 1775 293 1814 1⁴
307 1764 394 1834 uelit,
417 1765 483 1823 siue
506 1770 681 1841 erumpente
703 1762 811 1840 gaudio
834 1779 885 1823 scu
908 1760 1026 1831 dolore,
1050 1763 1258 1823 interiectione
1280 1761 1419 1823 ostendit.
1468 1760 1601 1822 incuu-

169 1874 253 1927 1166,
268 1865 384 1926 redita
407 1883 514 1934 uoce,
539 1867 579 1925 ·i·
602 1862 613 1946 ΙΙ
632 1861 692 1926 138
708 1861 720 1946 ΙΙ
740 1865 907 1926 informata.
937 1863 1052 1933 Euan.
1076 1865 1246 1926 interiectio
1268 1873 1315 1926 est
1335 1862 1507 1943 gaudentia,
1531 1865 1603 1923 sicut

307 1974 336 2028 et
358 1984 449 2046 coge,
474 1969 565 2028 utin
588 1967 802 2045 euangelio:
825 1966 922 2044 Euge
945 1984 1054 2027 seruc
1078 1965 1187 2036 bono,
1213 1969 1243 2027 ·i·
1267 1965 1389 2028 laetare.
1434 1965 1531 2026 ‘Heu’
1555 1965 1631 2025 ali-u

307 2068 425 2148 quando
447 2067 626 2148 duplicatur,
649 2066 901 2149 utl'irgiiius:

392 2170 468 2231 lieu
490 2170 559 2231 heu
581 2186 685 2249 quam
708 2172 840 2249 pingui
864 2188 984 2232 macer
1007 2177 1062 2230 est
1084 2170 1175 2231 mihi
1198 2178 1329 2232 taurus
1350 2173 1387 2231 in
1412 2188 1516 2230 eruo.

307 2273 340 2334 ln
361 2270 631 2340 interiectionibus,
656 2277 688 2330 ut
710 2274 752 2331 ait
774 2271 951 2342 Donatus,
976 2271 1050 2333 nulli
1074 2274 1150 2332 certi
1172 2280 1244 2333 sunt
1264 2281 1419 2338 accentus:
1452 2279 1509 2333 aut
1531 2271 1602 2332 eninr

307 2374 388 2435 dicas
415 2375 491 2435 euax
519 2381 605 2434 acuto
632 2373 816 2451 paenultima
844 2374 890 2434 uel
919 2375 993 2435 euaix
1022 2373 1126 2434 ultimo
1155 2383 1257 2445 acuto,
1288 2374 1368 2436 idem
1396 2380 1453 2436 cst.
1503 2373 1553 2434 Sic
1579 2381 1605 2432 et
1675 2425 1676 2454 3

307 2476 364 2536 heu
382 2484 411 2536 et
426 2493 501 2553 euge
517 2484 545 2537 et
561 2493 662 2554 papae.
703 2473 793 2536 ‘ileu’
817 2484 916 2536 autem
938 2476 1089 2538 interdum
1114 2475 1350 2558 monosyllabum
1373 2482 1497 2537 estant
1519 2474 1633 2554 ‹lieri-o

306 2578 421 2646 labum,
446 2579 523 2638 sicut
538 2580 627 2638 metri
645 2580 806 2638 necessitas
822 2578 964 2656 coegerit.
1008 2579 1130 2658 ‘Papae'
1154 2579 1266 2640 Graeca
1289 2579 1465 2640 interiectio
1491 2586 1539 2639 est
1559 2577 1604 2637 ad-

307 2682 457 2749 mirantis,
488 2677 565 2740 unde
588 2687 617 2739 et
640 2697 715 2758 papa
744 2677 853 2741 dicitur
879 2678 1058 2758 apostolicus
1086 2690 1116 2742 et
1142 2682 1356 2760 interpretatur
1382 2678 1603 2742 ‘admirabilis’

306 2783 355 2844 uel
378 2783 475 2861 ‘pater
497 2785 638 2859 patrum'.

493 2881 630 2933 LITORA
650 2881 851 2934 SERMONVM
869 2882 1018 2936 LINGVIS
1037 2883 1276 2937 comronmvs
1294 2882 1398 2936 ISTIG.

307 3018 535 3030 .-...—-—·-—-

1613 1523 1631 1562 lt

376 3137 536 3202 iparntesis
606 3141 637 3189 10
656 3135 762 3186 hebreos
835 3138 990 3188 tineamus
1061 3140 1092 3189 12
1105 3139 1171 3188 enim
1183 3154 1264 3205 cupra
1276 3139 1318 3188 lin.
1389 3139 1423 3189 15
1443 3135 1604 3204 euuangelio}

307 3205 400 3256 Maera.
416 3205 497 3254 XXV
509 3206 542 3253 21
613 3207 644 3257 16
662 3202 799 3271 Virgilius]
820 3207 876 3259 Eat.
891 3206 942 3256 III
961 3209 1009 3257 100
1079 3207 1199 3257 turnichi
1269 3207 1301 3258 18
1313 3204 1445 3273 Donatus]
1466 3223 1495 3272 p.
1504 3209 1563 3268 3⁷1,
1576 3209 1604 3254 11

308 3275 340 3324 19
357 3273 498 3339 penultimo
567 3271 642 3340 euax]
665 3273 805 3340 Vtrobt'que
823 3281 943 3325 accentus
959 3277 1033 3340 ciana
1050 3277 1143 3326 omisca
1160 3283 1226 3327 cunt.
1295 3277 1329 3326 20
1347 3289 1417 3340 pope
1491 3277 1525 3326 21
1545 3289 1604 3342 pepe

307 3389 381 3440 greco
451 3375 484 3424 24
500 3362 661 3427 sentiunt
679 3347 790 3429 ninvrs
