3420 5450
611 371 695 426 001).
713 371 818 424 BERN.
840 375 896 424 123.
1287 385 1403 434 XXXIII

188 567 236 625 ca
268 566 389 639 reliquo
421 569 491 623 orte
520 562 598 623 boec
630 579 797 639 excerpere
822 563 958 638 placuit,
993 577 1073 636 quae
1099 578 1119 620 a
1146 562 1265 623 Donato
1287 563 1404 637 possim

117 668 260 728 recedunt:

186 765 273 850 1532*
292 764 305 848 {i
331 769 466 846 Numquid
490 771 561 827 alind
584 770 682 828 accidit
704 769 758 826 illis
782 767 832 846 (sc.
855 769 1025 843 uocalibus)?
1056 769 1160 845 Vtique.
1190 768 1277 837 Quid?
1307 770 1405 844 ther

118 875 139 914 se
158 855 282 930 syllabam
306 855 417 912 iaciant.
450 853 612 922 Quomodo?
641 857 694 911 Ara
718 873 802 928 egens
826 857 1063 930 ituropusunus.
1101 855 1404 912 Acciditnebisaliud?

119 942 205 998 decidit
227 940 363 1016 equidem.
410 938 498 1007 Quid?
522 940 556 996 Vt
579 940 635 997 siut
656 940 802 998 dichronae
827 935 969 1016 (dicione),
993 941 1063 996 idest
1085 941 1219 1014 ancipites
1243 935 1404 1016 (accipites).

119 1026 261 1094 Quomodo?
283 1025 350 1083 Nam
373 1035 401 1082 ct
423 1025 525 1100 corripi
548 1034 576 1081 et
596 1025 713 1100 produci
727 1034 853 1100 possunt.
887 1025 922 1081 [ta
938 1023 1068 1099 exempla.
1106 1025 1153 1082 Est
1169 1027 1241 1082 enim
1264 1043 1279 1082 a
1301 1025 1405 1094 breuis,

121 1121 141 1168 ut
160 1111 287 1183 †abmo,
316 1111 398 1184 longa
422 1119 546 1181 tuarum,
571 1111 611 1167 sic
632 1110 721 1183 eregit
743 1111 812 1183 erit,
845 1108 1003 1181 iimitem,
1032 1127 1111 1166 omen
1141 1127 1227 1185 opus,
1256 1127 1327 1166 nnus
1350 1110 1405 1167 ubi.

120 1197 230 1252 Pomanus
259 1194 363 1272 aliquid
390 1194 453 1270 plns
482 1195 604 1253 accidere
627 1189 723 1270 (acce-i
753 1194 913 1252 uocalibus?
957 1195 1072 1252 Putatur
1100 1193 1219 1270 quidem.
1263 1195 1334 1263 Quid
1362 1203 1405 1250 ost

122 1281 190 1338 illud?
230 1278 307 1348 Quod
331 1279 407 1355 (quo)
431 1281 475 1336 his
497 1279 565 1337 solis
587 1282 702 1354 aspirari
725 1297 807 1356 posse
831 1289 957 1354 putamus
980 1275 1162 1356 (possemus),
1191 1288 1222 1337 ut
1245 1281 1323 1337 basta
1345 1281 1405 1336 beri
1452 1315 1454 1318 -

122 1369 197 1424 hircus
218 1367 299 1422 homo
322 1366 429 1422 liumus.
473 1366 654 1440 dspicatnrne
677 1365 910 1423 consonantibus?
954 1367 1099 1440 dspiratur
1120 1365 1239 1441 quidem,
1262 1364 1309 1421 sed
1333 1381 1405 1421 raro.

122 1449 322 1524 inexemplum.
366 1449 498 1524 Trachia,
520 1450 649 1508 thronos.

191 1620 256 1690 Quid
285 1637 386 1677 nomen
415 1620 542 1676 litterae?
585 1619 645 1688 Quo
674 1627 805 1690 uocatur,
828 1628 859 1676 ut
880 1619 1029 1677 abode.
1073 1619 1157 1677 Cuius
1185 1629 1250 1677 sunt
1279 1619 1405 1694 generis?

122 1707 209 1762 b'eutri.
238 1705 320 1762 Cuius
342 1713 407 1762 suot
429 1705 553 1762 lormae?
580 1705 701 1762 Casualis
724 1714 843 1780 aptotae.
889 1705 1086 1762 diciturenim
1109 1706 1162 1762 hoe
1183 1723 1215 1777 a,
1238 1705 1319 1762 buius
1341 1723 1356 1762 a
1378 1714 1407 1762 et

123 1791 220 1866 reliqua.
261 1789 335 1858 Quae
359 1799 402 1847 est
423 1790 512 1860 ligura
535 1789 707 1865 (figurarum)
730 1791 901 1847 litterarum?
937 1790 1091 1863 caractere,
1115 1790 1214 1864 quibus
1237 1790 1406 1862 scribuntur,

123 1885 148 1932 ut
166 1869 198 1948 Λ,
219 1879 263 1950 qui
285 1883 334 1932 aut
356 1875 460 1933 uocalis
483 1885 530 1933 aul
552 1877 738 1934 consonantis.
783 1875 852 1945 Quid
876 1884 920 1932 est
942 1878 1015 1932 inter
1037 1876 1170 1932 elementa
1192 1874 1262 1949 (eli)
1285 1885 1312 1933 et
1334 1874 1407 1931 litte·

126 1978 173 2017 ram
198 1959 262 2032 (·a)?
304 1960 473 2018 Elementum
502 1978 587 2018 sonus
616 1963 662 2037 qui
690 1977 740 2037 per
770 1960 878 2017 litteras
907 1962 1094 2035 cognoscitur.
1144 1957 1214 2027 Quid
1242 1955 1310 2035 (qui)
1339 1978 1406 2034 ergo

125 2061 194 2110 erunt
213 2053 336 2110 litterae?
373 2052 442 2110 Nota
466 2071 519 2127 qua
541 2071 627 2112 sonus
650 2055 819 2130 exprimitur.
860 2045 1052 2117 hactemus
1073 2046 1115 2116 be
1135 2046 1267 2116 littettts
1289 2065 1408 2116 ΝυΝί

126 2149 160 2217 δε
176 2147 325 2319 siml}
338 2242 393 2304 32ι
414 2247 452 2305 de
465 2247 671 2308 communibus
685 2249 808 2326 syllabis
822 2249 976 2317 dicuntur,
999 2251 1143 2322 leputatur
1163 2249 1273 2307 eisdem
1295 2248 1409 2307 additis

124 2351 254 2424 cecropiis
274 2349 361 2424 opud
382 2345 500 2408 Bedam
516 2364 552 2423 p.
577 2355 655 2408 2352
675 2366 737 2424 seq.
761 2351 796 2410 P.

200 2462 211 2548 b
229 2469 246 2526 i.
262 2463 324 2526 3⁴?b
342 2463 355 2547 Q
380 2467 430 2542 (cf.
446 2468 520 2527 Don.
532 2487 565 2543 p.
582 2473 646 2542 371,
666 2469 722 2543 25).
767 2469 839 2537 Quot
860 2488 907 2529 res
930 2469 1095 2529 conturbant
1117 2470 1206 2545 legem
1229 2473 1408 2529 accentuum?

122 2554 158 2610 ill.
192 2553 278 2622 Quae?
314 2555 463 2611 bistinctio
485 2555 675 2629 pronuntiatio
704 2555 842 2613 discretio.
887 2557 1032 2614 bistinctio
1061 2557 1198 2631 quomodo
1222 2556 1332 2613 turbat?
1376 2555 1408 2611 Vt

122 2641 201 2713 siquis
223 2640 292 2696 dicct
313 2640 466 2696 malesanus
495 2657 545 2715 pro
574 2639 744 2712 malesanus,
773 2642 878 2700 interea
905 2643 957 2699 loci
985 2658 1037 2716 pro
1065 2643 1196 2698 inteream
1219 2640 1272 2714 (=
1293 2639 1407 2717 interea)

123 2724 179 2780 loci.
220 2723 410 2782 Pronuntiatio
433 2725 590 2798 quomodo?
619 2725 652 2780 Vt
673 2741 734 2781 oum
758 2726 849 2783 dicere
872 2726 1017 2784 debeamus
1040 2725 1158 2783 latebras
1181 2721 1314 2799 (lateras),
1337 2726 1407 2782 dica·

120 2825 174 2866 mus
194 2809 328 2883 latebras,
350 2818 382 2866 ut
404 2809 541 2884 quidam
564 2809 591 2866 io
616 2825 714 2867 uersu:

486 2895 674 2968 Argolicas
696 2895 844 2952 loedere
866 2895 1024 2955 latebras

117 2979 151 3052 (io
174 2997 241 3038 oesu
263 2978 398 3056 argolicas
422 2979 560 3053 federare,
590 2979 673 3053 Vero.
690 2981 815 3037 Aemi]
833 2980 884 3054 55)
905 3023 1090 3040 ......
1119 2980 1166 3036 Est
1187 2981 1240 3038 alia
1262 2998 1317 3054 res,
1340 2999 1409 3056 quae

118 3065 179 3122 banc
200 3068 288 3140 legem
311 3065 418 3122 uiolet?
446 3065 516 3122 Sunt
537 3065 662 3140 equidem
685 3065 728 3122 lili
750 3065 915 3140 particulae,
939 3083 1006 3140 quas
1030 3066 1168 3140 quidam
1190 3068 1410 3141 pronuntiationi

115 3151 262 3225 applicant,
285 3150 356 3207 idest
379 3166 434 3225 que
456 3167 491 3207 ne
513 3166 547 3207 ne
569 3167 610 3208 ce.
654 3148 815 3217 Quomodo?
858 3151 967 3225 Cogunt
989 3146 1099 3226 (cogun)
1124 3154 1195 3208 enim
1218 3161 1360 3209 accentum
1383 3153 1409 3208 in

116 3235 232 3292 ultimam
248 3244 344 3293 contra
360 3235 448 3309 legem
465 3237 581 3292 transire
596 3253 656 3293 eum
673 3235 744 3309 (cnm
760 3235 826 3309 om.)
842 3235 1035 3295 subsecuntur.
1073 3237 1107 3293 lla
1131 3236 1262 3312 exempla.
1307 3237 1411 3293 [lictus-

115 3337 163 3393 que
184 3322 321 3378 doctnsue
343 3321 478 3378 doetusne
501 3321 639 3378 doetnsce.

190 3485 205 3567 ΙΙ
225 3483 352 3568 [35'11
376 3490 517 3549 distinctio
540 3490 586 3547 ubi
609 3493 734 3566 ponenda
757 3492 818 3548 est?
855 3491 882 3546 ln
907 3491 959 3548 line
982 3494 1144 3549 sententiae.
1189 3493 1224 3548 ba
1247 3491 1408 3565 exemplum.

260 3577 374 3632 Corde
395 3576 511 3650 patris
535 3579 692 3649 genitum
715 3586 812 3634 creat
834 3585 868 3633 et
891 3579 985 3651 regit
1007 3579 1122 3634 omnia
1145 3577 1297 3634 uerbum.

188 3746 342 3819 llucusque
365 3746 399 3801 de
422 3745 564 3819 posituris.
600 3746 676 3803 Nune
698 3748 731 3803 de
754 3748 901 3822 gramatice
924 3747 1052 3803 dicamus.
1091 3747 1240 3804 GramatIca
1264 3745 1328 3820 quid
1351 3749 1411 3804 est?

108 3830 219 3888 Scientia
250 3838 330 3887 recte
360 3830 491 3912 loquendi
514 3841 542 3887 et
565 3833 644 3906 origo
667 3849 699 3888 ac
721 3832 923 3888 fondamentum
952 3830 1103 3888 liberalium
1125 3829 1222 3908 (libr.·)
1246 3833 1408 3889 litterarum.

106 3913 273 3974 [ledoiturne
290 3916 391 3973 aliter?
414 3915 543 3972 belioitur
559 3915 662 3974 scilicet
685 3917 718 3973 ab
741 3917 841 3974 oliicio.
875 3915 1036 3985 Quomodo?
1059 3917 1210 3975 Gramatica
1232 3925 1275 3974 est
1296 3917 1410 3974 scientia

106 4001 307 4075 interpretandi
335 4007 434 4076 poetas
462 4009 542 4074 atque
571 4003 704 4059 celoricos
732 4013 760 4059 et
788 4011 861 4059 recte
890 4001 1026 4058 scribendi
1054 4001 1239 4077 loquendique
1267 4003 1337 4058 ratio
1360 4001 1410 4074 (cf.

105 4083 226 4144 Mummi
247 4085 397 4144 Victorini
415 4101 538 4158 prunam.
559 4103 590 4158 p.
613 4089 681 4142 1937
699 4087 727 4142 Ρ
746 4094 773 4143 et
798 4085 947 4144 Clementis
970 4085 1049 4143 Scoii
1066 4087 1179 4159 praefi,
1201 4088 1294 4159 qualis
1316 4090 1410 4143 estin

103 4173 194 4229 codice
210 4173 436 4246 Bamberpensi
455 4171 580 4228 olleilio
601 4175 632 4228 in
653 4187 755 4245 propr.
770 4173 891 4245 Erinny.
908 4173 1000 4244 edito,
1019 4189 1052 4245 p.
1070 4176 1116 4243 13,
1133 4177 1171 4228 26
1186 4169 1265 4247 sep).
1296 4170 1410 4240 Quando

103 4268 203 4332 reperta
227 4259 295 4316 est?
342 4257 441 4314 Statim
469 4265 533 4331 post
561 4256 669 4314 litteras
697 4273 854 4315 communes
877 4256 1040 4331 (commune)
1069 4265 1100 4314 ut
1121 4259 1174 4314 iam
1198 4257 1244 4332 qui
1267 4257 1411 4315 didicerint

103 4343 181 4417 (ded-J
210 4345 348 4414 litteras,
376 4359 507 4416 peream
531 4338 583 4419 (ea)
606 4350 680 4400 recte
708 4342 838 4417 loquendi
866 4345 999 4400 rationem
1022 4341 1072 4415 (-e)
1100 4343 1202 4400 selrent
1230 4341 1281 4415 (cf.
1304 4343 1413 4399 Isidori

102 4429 165 4501 arip.
187 4427 269 4503 15,
298 4428 340 4501 l).
385 4426 459 4484 Vnde
481 4443 581 4485 nomen
604 4429 708 4502 aceepit
730 4428 906 4501 grammatica
928 4426 1089 4504 (gramma)?
1116 4428 1410 4502 blitteris‚quoniam
1497 4447 1500 4452 ¹

103 4513 143 4569 bas
164 4515 265 4572 Graeci
290 4521 422 4588 gramata
443 4513 538 4571 dicunt
559 4512 610 4587 (cf.
632 4511 701 4571 Keil
721 4514 739 4569 l.
763 4514 782 4569 t.
808 4517 858 4584 13,
882 4512 938 4586 30).
984 4517 1035 4569 Ars
1063 4520 1153 4570 autem
1181 4514 1251 4570 uode
1277 4513 1410 4569 uocatur?

102 4597 161 4664 Quia
189 4601 263 4657 artis
294 4597 459 4674 praeceptis
486 4599 645 4674 regulisque
669 4591 805 4656 consistit.
849 4597 994 4672 Disciplina
1017 4594 1064 4674 (o)
1088 4607 1178 4656 autem
1201 4599 1272 4655 unde
1294 4598 1410 4655 dicitur?

102 4687 272 4758 admodo,
306 4685 377 4759 quia
407 4701 487 4740 nemo
515 4692 641 4741 nostrum
668 4686 719 4741 scit
742 4683 800 4756 (sit)
823 4682 877 4739 nisi
900 4683 947 4758 qui
970 4683 1058 4739 discit.
1102 4683 1177 4740 Inter
1198 4691 1284 4739 artem
1307 4691 1335 4740 et
1357 4685 1412 4739 dis·

103 4771 221 4845 eiplinam
238 4770 294 4844 (·a)
313 4770 385 4845 quid
409 4767 511 4825 distat?
532 4771 584 4826 Ars
607 4771 678 4826 enim
699 4777 743 4826 est
764 4772 792 4827 in
815 4768 876 4843 his,
898 4783 967 4842 quae
988 4785 1018 4823 se
1041 4777 1069 4824 et
1090 4768 1170 4825 aliter
1192 4766 1293 4824 babere
1316 4765 1411 4843 (aberi)

102 4867 228 4932 possunt,
258 4854 418 4930 disciplina
440 4869 507 4910 uero
531 4853 586 4930 (ue)
608 4854 641 4911 do
663 4854 706 4910 bis
729 4855 786 4928 agit
808 4853 907 4928 (aget),
938 4870 1007 4928 quae
1035 4853 1115 4910 aliter
1137 4855 1246 4910 euenire
1269 4869 1323 4908 ιιοιι
1346 4871 1410 4926 pos-

172 4963 271 5004 Gun.
288 4971 351 5002 m.
365 4960 451 5002 Suram.
1192 4967 1206 5001 0
