3394 5448
277 410 283 420 .
324 363 427 412 GOLIV
490 351 540 401 DE
559 350 772 403 MAXIMIANO
792 349 974 402 PAPERINO
993 349 1211 404 HIERONYMO
1230 348 1447 403 AVGVSTINO.

407 539 427 600 i.
450 535 513 600 27¹³
539 537 791 618 Hieronymus
814 556 892 600 nouo
913 555 1023 616 genere
1046 537 1164 600 dicendi
1187 540 1241 600 ait:
1271 537 1343 600 nem
1367 546 1400 599 ut
1423 545 1521 598 notum
1542 555 1600 597 sen·

324 660 389 703 sum
412 659 466 720 por
489 643 620 719 ignotum
642 639 786 709 ostendat,
809 647 843 701 ut
865 648 922 701 est:
947 643 1072 702 ‘nomon
1097 639 1208 701 dictum
1232 647 1278 702 est
1298 632 1382 722 quusi
1404 641 1556 701 notamen'
1576 651 1601 700 et

322 743 449 819 reliqua.

391 927 495 980 lhiero
544 931 645 980 dicendi
663 940 691 980 ut
709 925 730 982 ii
783 931 966 980 iosteuolntnr
1016 930 1111 980 dietum
1130 926 1179 996 est]
1204 931 1314 982 Videtur
1330 929 1363 980 de
1381 929 1517 992 destruendi
1531 931 1556 978 ni
1570 937 1601 978 nt·

324 1001 489 1065 quaeratione
507 1001 562 1064 opi,
580 999 615 1062 ef.
635 1014 680 1049 ore
698 1013 822 1065 anonymo
840 997 920 1050 Bern.
939 1015 966 1063 p.
985 1001 1027 1061 ⁶4,
1046 1001 1062 1048 6

407 1172 488 1232 Huic
508 1171 686 1244 wotonpcm
702 1170 776 1232 dnos
799 1171 826 1230 Α
830 1172 961 1245 opusc·
964 1173 1003 1230 ni
1023 1173 1115 1240 locos,
1140 1185 1267 1245 quorum
1281 1171 1361 1228 niter
1375 1170 1407 1229 in
1422 1169 1524 1228 eaden
1539 1169 1600 1240 oep-

322 1275 444 1334 nitionis
465 1274 671 1350 explicandae
690 1277 819 1334 materia
840 1278 992 1346 uersatur,
1013 1270 1042 1344 s.
1066 1279 1103 1329 8⁰
1124 1279 1153 1332 et
1171 1270 1201 1344 s.
1226 1275 1297 1330 14⁶:

407 1373 428 1434 i.
451 1369 492 1434 8·
520 1374 556 1434 Vt
582 1373 815 1452 Augustinus
843 1373 927 1434 dicit:
957 1373 1011 1436 Vbi
1037 1373 1205 1436 inuenimus
1227 1372 1347 1434 ‘dictus’
1371 1369 1420 1432 uei
1442 1371 1539 1433 ‘dicte‘
1560 1370 1601 1432 uei

321 1475 468 1545 ‘dictum',
492 1492 552 1536 non
575 1483 679 1538 nature
706 1474 747 1537 ibi
775 1475 926 1547 deiinitur,
954 1476 1005 1537 sed
1028 1475 1106 1556 quod
1129 1493 1184 1537 usu
1206 1473 1255 1535 uel
1277 1475 1452 1535 auctoritate
1473 1471 1519 1534 uei
1540 1491 1600 1532 con·

322 1576 479 1638 suetudine
507 1578 555 1646 iit;
585 1576 635 1638 uhi
663 1596 736 1638 uero
764 1577 915 1640 inuenitur
942 1576 1082 1646 uerbum,
1111 1576 1190 1656 quod
1216 1575 1323 1637 dicitur
1345 1577 1423 1645 ‘est'‚
1447 1574 1486 1636 ibi
1508 1582 1600 1637 natura

322 1696 428 1740 sensus
450 1677 499 1741 uei
522 1680 604 1740 uocis
625 1677 674 1741 uei
696 1695 800 1741 sensus
822 1687 852 1740 et
871 1681 956 1742 uocis
977 1679 1124 1742 definitur.

407 1779 426 1841 i.
446 1777 504 1842 15³
527 1779 564 1841 Et
584 1781 816 1859 Augustinus
838 1781 921 1844 dicit:
944 1781 1087 1844 Neutrum
1103 1781 1216 1843 dictum
1232 1789 1278 1843 est
1299 1799 1334 1842 ex
1352 1781 1524 1842 necessitate
1538 1797 1620 1840 ususe

322 1884 354 1944 in
376 1881 553 1962 quibusdem
576 1882 759 1954 mortalibus,
783 1899 859 1961 quae
881 1899 937 1944 nec
958 1891 1119 1963 potuerunt
1141 1884 1199 1945 dici
1221 1882 1381 1944 masculine
1398 1899 1459 1945 ‚noc
1475 1881 1600 1942 feminino

323 2001 378 2047 nec
400 1983 510 2065 aliquid
534 1993 678 2063 generent
698 2003 754 2046 nec
776 2005 792 2047 a
815 1984 942 2063 quodem
964 1987 1136 2065 gignuntur.
1181 1985 1252 2046 inde
1274 1984 1472 2047 orticuieritec
1494 1991 1600 2044 nature·

323 2086 450 2166 litesque
472 2084 648 2148 mortelibus
668 2088 839 2166 iunguntur.

391 2276 404 2323 1
423 2283 452 2322 ut
468 2270 614 2340 agustinus]
633 2274 669 2338 cs.
687 2290 732 2324 ors
750 2291 876 2340 anonymo
893 2275 974 2326 Becn.
990 2291 1017 2340 p.
1037 2278 1080 2340 64,
1100 2277 1167 2326 2-8
1235 2278 1251 2324 2
1269 2276 1304 2324 ibi
1321 2271 1355 2324 de
1371 2275 1467 2324 dinitur
1531 2275 1602 2322 ‘inec

324 2337 394 2390 eliud
412 2339 559 2406 significent

412 2497 501 2558 Vides
526 2499 604 2557 miro
632 2499 713 2557 inter
738 2515 770 2556 sc
795 2505 944 2560 concentu
972 2498 1151 2576 Hieronymi
1175 2507 1204 2559 et
1225 2500 1387 2573 Aupustini
1412 2499 1493 2558 locos
1518 2497 1601 2556 conti·

321 2601 399 2675 neri,
422 2599 505 2673 quod
524 2598 610 2660 houd
629 2616 704 2660 cocu
721 2599 842 2673 sectum
864 2617 927 2661 csse
949 2601 1078 2675 uidetur,
1103 2602 1155 2660 sed
1177 2601 1324 2676 quomodo
1346 2602 1380 2660 ici
1399 2597 1544 2660 occidisse
1563 2599 1601 2658 di·

321 2715 400 2777 cam,
423 2701 570 2776 expedire
590 2718 650 2762 non
672 2703 768 2762 καίεο.

412 2802 521 2863 Vltimo
542 2805 608 2862 loco
626 2819 797 2879 proponam
819 2810 994 2880 excerptum
1016 2806 1054 2864 de
1073 2807 1330 2881 praepositionwn
1352 2801 1601 2866 occusotinocosu

320 2901 494 2966 iunctorum
517 2903 686 2980 quontc'tote
706 2903 863 2967 metricum
884 2915 1052 2968 memorato
1074 2905 1290 2982 dionissimum,
1313 2909 1344 2968 in
1360 2923 1420 2981 quo
1435 2908 1468 2967 id
1487 2919 1600 2966 ummo-

316 3021 394 3081 pere
420 3008 605 3082 querendum
629 3015 690 3080 est,
719 3009 801 3083 quod
830 3006 967 3070 auctoris
995 3025 1101 3068 nomen
1129 3009 1257 3069 dimidia
1284 3025 1325 3068 ex
1340 3015 1434 3085 porte
1450 3006 1601 3084 petrense

320 3105 464 3168 euanuit:
612 3177 616 3188 ‚

405 3207 426 3269 i.
450 3206 490 3271 3²
518 3209 588 3271 item
699 3228 817 3272 nouus
840 3210 923 3271 dicit:
948 3211 1186 3292 Praepositiooes
1201 3213 1400 3274 accusatione:
1425 3211 1485 3271 ‘ed'
1502 3209 1599 3276 breuis,

320 3311 414 3390 ‘aput'
437 3311 541 3372 ambae
567 3311 687 3382 breues,
711 3313 814 3373 ‘ente’
837 3311 941 3373 ambae
964 3312 1073 3375 breues
1095 3321 1177 3385 sunt,
1202 3313 1395 3376 ‘aduersum’
1419 3331 1520 3374 omnes
1540 3311 1599 3372 bre·

322 3429 384 3484 uos,
408 3413 475 3475 ‘cis'
498 3413 594 3492 longe,
619 3413 717 3476 ‘citra'
740 3417 767 3476 ci
783 3413 884 3476 breuis
904 3423 949 3475 tre
965 3413 1060 3494 ionga,
1085 3416 1223 3478 ‘circum’
1246 3415 1350 3478 ambae
1365 3415 1483 3487 breues,
1507 3414 1599 3474 ‘eirca’

321 3519 364 3577 cir
386 3515 486 3578 breuis
516 3534 549 3577 ce
579 3515 680 3596 ionga,
711 3518 838 3578 ‘contra’
867 3534 923 3578 con
953 3515 1054 3578 breuis
1076 3526 1120 3577 tce
1143 3516 1245 3596 ionga,
1279 3518 1373 3595 ‘erga’
1397 3536 1430 3578 eo
1455 3517 1550 3579 breuis
1568 3531 1599 3592 gn

322 3617 418 3698 ionga,
442 3619 550 3680 ‘extre’
574 3637 610 3678 cx
633 3618 732 3680 breuis
754 3627 798 3680 ten
821 3619 917 3698 ionga,
943 3619 1045 3681 ‘inter’
1068 3618 1172 3680 ambae
1195 3618 1310 3690 breues,
1333 3620 1437 3681 ‘intre’
1460 3621 1489 3680 in
1511 3617 1619 3678 broune

320 3727 365 3781 tre
388 3717 489 3799 longe,
519 3719 621 3781 ‘inira’
643 3721 674 3782 in
698 3720 798 3782 breuis
820 3722 864 3783 irs
887 3721 990 3799 ionga,
1018 3722 1127 3782 ‘iuxta'
1149 3723 1231 3801 prior
1254 3721 1355 3783 breuis
1376 3729 1405 3781 to
1428 3719 1523 3798 longe,
1545 3716 1598 3777 ‘ob'

321 3822 427 3893 breuis,
452 3823 568 3903 ‘penes'
591 3822 695 3884 ambae
719 3822 840 3894 breues,
863 3823 941 3903 ‘per’
964 3823 1079 3894 breuis,
1103 3824 1233 3903 ‘prope’
1255 3822 1359 3884 ambae
1383 3823 1505 3892 breues,
1528 3824 1598 3899 tpro·
1679 3881 1680 3922 1

320 3929 398 4006 pter'
430 3923 534 3986 ambae
557 3924 680 3996 breues,
711 3928 852 4004 ‘praeter'
874 3943 947 4004 pree
969 3923 1056 4003 longe
1086 3935 1131 3988 ter
1159 3926 1273 4002 breuis,
1303 3927 1393 4004 ‘post'
1418 3923 1529 3992 breuis,
1554 3920 1597 3982 sei
1679 3923 1680 4000 t

320 4026 406 4106 ionga
429 4029 584 4107 positione.

390 4218 402 4263 1
422 4214 623 4280 praepositionis
641 4215 787 4264 necessatiue
804 4214 846 4263 edi
858 4212 967 4267 tersenisN
1017 4215 1140 4264 tamisae
1163 4215 1293 4280 hiemante
1310 4217 1385 4284 ambe
1404 4217 1493 4264 breues
1511 4227 1547 4264 est
1562 4211 1597 4260 aii·
1679 4219 1680 4260 i

321 4297 422 4332 euersum
490 4283 562 4332 ieie·
581 4281 767 4342 iuvenescere.
786 4283 870 4332 breuis
923 4298 983 4348 ergo
1001 4283 1144 4336 perbreuis
1213 4283 1325 4346 ipeues
1344 4284 1478 4334 ambrones

408 4455 478 4526 Ques
499 4455 550 4515 ille
570 4457 609 4515 sit
631 4460 754 4529 unctor,
778 4451 895 4530 nescio,
919 4455 973 4514 secl
994 4456 1157 4514 decadem
1179 4471 1213 4515 re
1234 4459 1447 4517 tractoucrnnt
1467 4453 1599 4527 [Ρνοὺιιε]
1679 4419 1680 4432 ἶ

320 4557 358 4616 de
379 4558 491 4618 tdtimis
511 4555 635 4633 syllabis·
652 4573 686 4632 p.
711 4562 784 4630 253,
811 4562 849 4614 28
874 4562 904 4616 et
925 4555 1052 4618 Seuius
1074 4557 1113 4617 de
1131 4555 1276 4628 finalibus
1292 4575 1327 4634 p.
1351 4565 1424 4631 454,
1450 4563 1502 4631 27,
1531 4563 1599 4616 uter·
1679 4551 1680 4626 ς

320 4674 378 4731 quc
405 4675 480 4718 uero
508 4660 571 4733 ita,
600 4665 634 4719 ut
661 4675 680 4716 c
708 4665 811 4719 nosco
832 4659 946 4733 procul
972 4656 1133 4734 discrepet.
1180 4658 1268 4719 Beda
1290 4677 1407 4734 quoqne
1430 4675 1463 4734 p.
1492 4654 1603 4718 2363P

319 4757 397 4818 nitet
417 4757 524 4819 iorum
546 4757 644 4820 omne
659 4762 799 4834 protulit.
