3420 5450
222 1458 269 1540 ln
292 1473 359 1536 hoc
381 1473 668 1538 anecdotorum
690 1447 992 1536 Helueticorum
1015 1471 1055 1536 ad
1077 1475 1179 1537 artem
1201 1476 1443 1558 grammaticam

138 1587 356 1672 spectantium
384 1586 549 1678 uolumine
577 1585 791 1671 conficiendo,
825 1583 912 1670 quod
940 1586 1224 1669 grammaticorum
1250 1587 1441 1654 Latinorum

140 1697 271 1763 editioni
300 1719 409 1762 nouae
439 1697 529 1782 quasi
557 1696 815 1782 supplementum
841 1693 923 1760 adici
945 1694 1051 1760 uoluit
1071 1695 1232 1762 Teubneri
1254 1699 1442 1765 amicorum-
1518 1729 1521 1736 ¹

139 1831 197 1893 que
216 1808 392 1874 doctorum
414 1808 599 1892 prudentia,
622 1807 781 1891 duplicem
803 1807 963 1871 rationem
985 1809 1112 1871 secutus
1134 1830 1219 1892 sum,
1242 1811 1280 1873 ut
1301 1812 1334 1874 et
1355 1810 1442 1875 colli-

139 1939 244 2008 gerem
260 1941 524 2004 excerperemue,
548 1940 630 2003 quae
644 1917 799 1982 hactenus
814 1917 982 2002 incognita
996 1917 1031 1981 in
1045 1916 1250 1983 bibliothecis
1265 1919 1442 1986 Helueticis

139 2029 351 2094 Turicensi
372 2029 626 2094 Einsidlensi
647 2027 848 2093 Beruensi
876 2026 1052 2112 latuerant,
1081 2011 1129 2112 c't,
1158 2029 1185 2092 si
1214 2030 1291 2114 quid
1318 2030 1358 2095 ad
1386 2054 1441 2096 eos

138 2141 249 2224 libros,
279 2140 340 2224 qui
369 2141 434 2204 iam
462 2142 574 2204 extant
600 2139 636 2202 in
662 2161 750 2203 noua
771 2137 905 2202 chrici
932 2137 1031 2202 Keilii
1057 2137 1198 2204 editione
1227 2139 1267 2204 ad
1294 2139 1440 2206 codicum

138 2250 229 2315 fidem
264 2249 443 2336 recogniti,
476 2249 684 2314 illustrandos
717 2248 881 2313 uideretur
914 2269 953 2312 ex
985 2248 1098 2314 iisdem
1125 2249 1271 2315 fontibus
1301 2251 1441 2316 deriuari

138 2383 241 2444 posse,
265 2383 367 2445 quam
391 2359 625 2425 accuratissime
648 2381 863 2444 congererem.
900 2359 1028 2444 Itaque,
1051 2381 1093 2423 ne
1115 2363 1267 2443 proteruo
1289 2360 1370 2445 pede
1392 2362 1441 2426 in-

138 2493 297 2536 currerem
319 2472 356 2536 in
386 2471 508 2536 alienos
536 2470 662 2534 labores
688 2469 833 2535 nondum
860 2469 900 2533 ad
927 2471 1025 2534 finem
1052 2468 1238 2554 perductos,
1267 2472 1376 2536 omnia
1403 2495 1441 2537 ea

138 2583 252 2665 scripta
281 2582 433 2646 consulto
467 2581 682 2665 praetermisi,
718 2601 814 2663 quae,
849 2579 936 2664 quod
965 2582 1014 2644 est
1041 2581 1103 2644 uiri
1131 2580 1307 2646 doctissimi
1333 2603 1439 2647 nouae

137 2692 286 2757 editionis
311 2691 452 2756 auctoris
475 2677 570 2775 atque
593 2692 731 2775 auspicis
753 2691 939 2774 consilium,
961 2690 1117 2775 proximis
1137 2689 1223 2754 haud
1238 2691 1333 2755 dubie
1348 2692 1439 2756 uolu-
1503 2767 1507 2774 ¹

136 2803 274 2867 minibus
297 2801 372 2866 luce
394 2801 614 2884 donabuntur,
642 2823 778 2886 quorum
800 2802 835 2866 in
857 2822 992 2866 numere
1016 2801 1228 2886 orthographi
1250 2801 1439 2885 praesertim

136 2917 166 2977 et
184 2914 232 2978 rei
255 2913 413 2978 metrime
436 2913 607 2996 scriptores
630 2914 732 2977 amnt.
771 2910 833 2978 Sed
855 2912 1060 2997 praecipuam
1083 2933 1213 2996 operam
1235 2912 1269 2975 in
1286 2934 1324 2976 eo
1341 2912 1439 2978 collo-

136 3024 219 3108 caui,
255 3027 294 3088 ut
322 3022 460 3108 primam
487 3044 636 3107 operum,
673 3026 834 3108 quotquot
860 3023 1055 3109 inuestigare
1084 3023 1190 3106 potui,
1222 3021 1327 3087 medio
1356 3045 1436 3089 aeuo

18 3186 23 3195 .
134 3135 329 3218 scriptorum
351 3134 501 3198 notitiam
522 3134 724 3218 praeberem,
751 3134 815 3198 alia
836 3134 976 3220 integra,
1004 3139 1041 3198 ut
1063 3136 1169 3217 erant,
1199 3132 1263 3197 alia
1285 3155 1324 3199 ex
1345 3137 1437 3218 parte

14 3284 20 3311 .·
135 3243 349 3310 describerem
371 3245 423 3309 uel
446 3245 630 3309 summatim
651 3265 879 3328 percurrerem.

214 3354 344 3431 Quibus
372 3355 413 3438 si,
443 3355 519 3439 quia
546 3355 632 3420 intra
658 3353 827 3421 Heluetiae
859 3356 940 3420 fines
968 3355 1170 3437 inuenerem,
1205 3354 1437 3421 anecdotorum

130 3465 379 3532 Helueticorum
400 3447 520 3532 nomen
541 3463 658 3549 indidi,
684 3487 752 3532 non
774 3487 903 3549 uereor,
930 3487 988 3550 ne,
1018 3464 1073 3550 qui
1096 3445 1209 3529 ceteris
1231 3465 1436 3532 bibliothecis

130 3577 195 3640 eius
216 3576 352 3661 generis
375 3576 567 3660 scriptorum
589 3576 815 3641 seruatricibus
838 3577 890 3641 uel
913 3575 1078 3641 Pcrisinae
1099 3575 1152 3641 uel
1174 3576 1361 3642 Monacensi
1383 3577 1433 3642 uel

129 3686 280 3752 Leidensi
306 3687 359 3751 uel
383 3686 514 3752 cuilibet
542 3687 598 3751 clii
625 3690 792 3771 praesunt,
823 3687 849 3751 si
872 3687 956 3752 forte
981 3686 1090 3752 eadem
1112 3687 1165 3751 uel
1187 3687 1238 3752 his
1261 3687 1379 3754 similia
1399 3688 1434 3754 in

131 3798 193 3862 suis
208 3819 345 3883 quoque
361 3797 522 3862 codicibus
538 3797 677 3862 inueniri
692 3797 838 3882 uideant,
862 3801 1007 3882 creptum
1023 3798 1084 3863 sibi
1098 3820 1218 3864 nomen
1232 3798 1311 3882 ipsis
1325 3799 1434 3882 potius

129 3908 273 3974 debitum
297 3911 483 3993 querantur.
523 3906 600 3983 Quis
623 3909 709 3972 enim
725 3907 868 3974 Orameri
890 3908 1046 3974 anecdota
1061 3907 1258 3974 Oxoniensia
1279 3909 1331 3973 uel
1345 3907 1434 3974 Pari-

127 4018 196 4084 sina
216 4017 446 4084 Parisinorum
472 4018 696 4083 tantummodo
724 3999 777 4083 uel
800 4017 1032 4084 Oxoniensium
1058 4019 1216 4084 librorum
1242 4019 1432 4085 auctoritate

127 4135 157 4193 et
182 4127 350 4194 beneficio
380 4128 419 4193 ad
445 4133 590 4194 nostram
618 4132 755 4194 aetatem
783 4132 966 4214 peruenisse
995 4128 1191 4195 contendat?
1232 4127 1432 4214 Quamquam

125 4238 366 4304 anecdotorum
381 4238 621 4305 Helueticorum
644 4261 764 4306 nomen
787 4242 829 4305 ob
850 4240 935 4307 hanc
956 4241 1094 4306 maxime
1116 4262 1244 4304 causam
1266 4241 1431 4325 amplexus

124 4371 209 4434 snm,
240 4349 417 4434 quoniam,
445 4373 517 4414 cum
544 4371 586 4415 ne
614 4372 679 4414 una
706 4350 835 4434 quidem
862 4352 983 4438 pagina
1003 4351 1246 4416 Helueticorum
1274 4351 1431 4418 librorum

123 4461 324 4526 anctoritate
354 4464 472 4544 careat,
501 4464 570 4526 tum
599 4461 696 4546 longe
725 4463 865 4526 maxima
891 4463 965 4527 libri
992 4484 1081 4547 pars,
1111 4465 1269 4546 quatenus
1290 4465 1431 4548 peregri-

122 4593 240 4637 norum
257 4593 279 4635 a
295 4569 380 4634 uiris
398 4571 496 4636 doctis
519 4576 841 4639 commemoratorum
862 4573 980 4639 notitia
1000 4573 1081 4638 mibi
1103 4573 1246 4660 patebat,
1270 4595 1289 4638 a
1310 4574 1429 4640 nestris

122 4682 197 4746 solis
232 4679 418 4765 repetenda
448 4686 502 4748 est.
557 4681 661 4748 Immo
694 4683 729 4748 in
762 4705 800 4748 co
833 4685 941 4768 potius
973 4684 1202 4770 reprehendar,
1240 4685 1326 4769 quod
1361 4707 1429 4750 non
