3432 5444
434 361 624 416 AVOTORES
641 362 808 416 Anonuur
825 361 875 415 DE
894 363 1072 416 LITTERIS.
1240 377 1401 426 cmm

111 569 156 612 ars
182 551 338 613 hominurn
367 552 441 612 tecit
468 553 512 611 ire
542 551 742 622 concorditer,
766 553 796 611 in
819 551 929 632 quibus
951 550 1024 613 tides
1045 569 1144 614 rerum
1170 559 1249 614 tanta
1273 556 1401 616 ueritate

111 653 262 725 consistit,
290 660 339 724 ut.
368 652 447 734 qued
476 651 514 714 ab
542 655 678 735 utrisque
705 655 831 732 geritur,
860 671 914 732 per
941 655 1142 716 internuntios
1169 655 1309 719 aestimes
1336 673 1401 718 esse

111 758 309 818 constitutum.

190 857 272 920 llaec
302 875 374 937 erge
396 867 556 938 procurata
579 865 662 927 sunt,
692 865 724 917 ut
753 858 863 918 milites
885 857 995 919 Christi
1025 859 1203 921 certissimis
1230 861 1323 938 signis
1351 859 1400 920 ad·

90 961 213 1022 smonin
236 960 273 1022 ad
296 977 372 1040 opus
395 960 596 1022 exercendum
625 959 762 1021 diuinum
784 961 869 1040 quasi
893 958 974 1021 tubis
995 959 1202 1048 elangentibus
1224 969 1397 1024 enecentur.

122 1149 248 1265 dlars
261 1147 380 1264 Ahuunmu
398 1145 418 1196 Β
439 1147 559 1199 Geretius
644 1147 823 1198 testimesli
879 1145 1041 1198 esseem.B
1110 1147 1315 1199 lemmenitiB
1384 1149 1400 1198 s

110 1227 242 1266 eacemm

636 1421 871 1432 ————--

663 1715 841 1798 XIII.
892 1747 896 1757 ·

265 1893 556 1980 AVCTORES
577 1895 661 1978 AN
662 1896 852 1980 ONYMI
874 1893 950 1977 DE
971 1893 1237 1980 LITTERIS.

189 2202 378 2266 Litterarum
405 2203 625 2281 explicationes
657 2208 803 2282 quasdam
836 2207 978 2284 mysticas
1004 2205 1054 2265 nel
1081 2210 1152 2264 ante
1180 2205 1286 2282 medii,
1320 2205 1403 2278 quod

111 2315 232 2376 noenu,
261 2309 333 2367 aeui
352 2313 489 2382 tempera
510 2309 541 2368 in
562 2325 619 2369 reu
639 2309 758 2370 deditas
779 2325 842 2368 esse
862 2308 1001 2368 Isidorum
1022 2305 1210 2382 Hispalensis
1230 2313 1339 2368 eucter
1359 2312 1403 2366 est

111 2411 303 2477 efficicimus,
331 2411 417 2470 euius
445 2411 482 2470 de
508 2426 547 2469 ee
574 2427 608 2470 re
635 2412 729 2472 uerba
756 2412 798 2471 ad
815 2411 1144 2487 praestantissimorum
1165 2409 1300 2468 codicum
1323 2408 1400 2468 Ber-

112 2513 242 2572 uensium
261 2512 352 2583 fidem
375 2519 466 2586 atque
487 2515 696 2572 anctoritatem
719 2518 864 2574 reuocata
885 2512 961 2570 daec
982 2517 1053 2572 snat
1073 2511 1150 2585 erip.
1173 2509 1193 2569 I
1214 2516 1240 2583 3,
1270 2516 1356 2584 7-9,
1380 2528 1401 2570 a

112 2613 198 2673 Perre
221 2627 337 2687 quoque
362 2611 495 2674 diacono
523 2616 553 2674 in
582 2621 723 2676 aeterum
743 2612 941 2690 praefatione
960 2627 1088 2688 prnmm.
1113 2611 1181 2672 Lat.
1203 2611 1256 2672 IV
1270 2629 1305 2687 p.
1330 2618 1398 2682 334,

114 2721 206 2773 9—21
227 2729 383 2789 expressa.

175 2811 255 2894 ,Μ
279 2815 302 2875 Y
325 2814 455 2876 litteram
471 2816 653 2897 Pythagoras
676 2817 793 2879 Samius
815 2817 850 2878 ad
874 2814 1041 2896 exemplum
1065 2814 1144 2874 uitae
1167 2813 1313 2875 hnmanae
1336 2815 1399 2895 pri·

113 2935 172 2978 mus
195 2916 353 2985 formauit,
383 2917 467 2977 euius
494 2919 611 2997 uirgula
634 2918 789 2981 subterior
810 2921 938 2998 primam
961 2925 1087 2978 aetatem
1110 2917 1272 2994 signifieat,
1300 2917 1399 2977 ineer-

114 3027 167 3080 tem
197 3019 308 3100 quippe
332 3026 363 3078 et
389 3037 466 3098 quae
494 3019 590 3082 adhuc
618 3039 649 3081 se
678 3039 732 3083 nee
760 3023 843 3082 uitiis
870 3039 925 3080 nec
953 3018 1116 3080 uirtutibus
1143 3018 1235 3078 dedit.
1280 3017 1400 3079 Biuinrn

114 3127 223 3190 autem,
246 3119 326 3200 qued
349 3129 500 3200 superest,
524 3122 562 3182 ab
585 3121 787 3208 adnleseentia
815 3123 934 3202 incipit,
964 3123 1049 3182 cuius
1077 3119 1182 3181 dextra
1210 3137 1280 3198 pars
1307 3119 1399 3181 ardua

92 3231 169 3290 nest,
192 3221 244 3283 sed
268 3221 304 3282 ad
328 3219 445 3283 beatam
468 3225 559 3284 uitam
584 3225 723 3287 tendens:
747 3226 868 3286 sinistra
891 3223 1016 3293 facilior,
1040 3222 1090 3284 sed
1114 3221 1150 3283 ad
1173 3220 1270 3282 labem
1293 3224 1399 3283 interi·

114 3333 230 3404 tumque
252 3322 413 3384 deducens.
458 3323 499 3385 lie
522 3345 579 3406 qua
603 3329 646 3388 sie
669 3327 823 3388 Persius
846 3328 903 3388 ait:

309 3423 352 3485 Et
374 3425 441 3487 tibi
465 3445 555 3508 quae
579 3427 721 3490 Samios
743 3427 893 3489 diduxit
914 3427 1046 3487 littera
1070 3443 1205 3493 rames,

310 3527 532 3606 Surgentem
555 3530 690 3592 dentre
713 3530 938 3592 monstrauit
959 3527 1081 3589 limite
1103 3526 1246 3588 callem.

192 3631 221 3709 ξ.
244 3627 264 3691 8
287 3627 424 3712 Quinque
447 3639 544 3693 autem
567 3651 633 3693 esse
656 3633 733 3713 apud
758 3632 887 3694 Graecos
915 3631 1054 3709 mysticas
1077 3629 1204 3690 litteras.
1248 3627 1348 3688 Prima
1371 3645 1398 3706 y,

85 3751 185 3812 requae
207 3733 367 3794 humanam
389 3735 482 3794 uitam
506 3735 668 3812 signifieat,
693 3733 729 3794 de
751 3752 809 3814 qua
831 3749 911 3794 nunc
934 3731 1074 3793 diximus.
1112 3728 1284 3792 Oseeunda
1307 3729 1399 3797 theta,

117 3850 183 3910 quae
205 3840 344 3896 mortem.
388 3833 461 3896 Nam
490 3835 604 3897 iudices
632 3835 757 3897 eandem
786 3836 916 3899 litteram
944 3833 1055 3895 ilretam
1079 3831 1269 3912 adpenebant
1290 3830 1327 3891 ad
1349 3848 1400 3891 ee·

178 4055 237 4106 cod.
258 4057 311 4106 221
328 4069 396 4105 nnec.
416 4055 442 4105 Χ
458 4077 492 4098 ==
511 4057 548 4113 A,·
570 4058 604 4108 30
621 4070 690 4106 caer.
709 4055 736 4105 X
747 4077 780 4100 =
792 4056 833 4113 B:
852 4059 900 4106 101
917 4071 985 4107 nnec.
1004 4053 1032 4104 X
1047 4075 1081 4096 ε
1100 4053 1134 4110 e,·
1151 4055 1184 4104 95
1201 4068 1269 4104 saec.
1289 4051 1350 4102 XII
1366 4069 1401 4095 =

119 4121 152 4177 0,·
168 4127 214 4173 150
229 4137 298 4173 naec.
318 4121 397 4172 XIII
413 4143 447 4166 ε
466 4123 504 4180 E:
528 4127 578 4174 129
594 4139 664 4175 enee.
682 4123 869 4174 XIII-XIV
884 4145 918 4166 =
936 4125 965 4173 F.

178 4193 341 4258 lpitageras
359 4190 467 4241 Ancus
484 4190 675 4257 plrimgorssE
727 4194 794 4242 uitae
813 4193 938 4241 hnmanae
955 4189 1045 4242 ABCD
1070 4188 1074 4254 Ι
1099 4191 1150 4239 uite
1168 4189 1278 4238 lrumnne
1296 4183 1399 4252 Ellru-

119 4271 184 4308 mane
200 4259 287 4309 uitel'
338 4259 353 4308 2
371 4259 496 4321 subtilior,
515 4276 583 4312 corr.
595 4260 730 4310 seuerior
748 4259 768 4310 E
840 4271 930 4311 etatem
949 4257 1013 4308 DEl‘
1098 4261 1114 4310 3
1132 4269 1156 4307 et
1173 4273 1223 4320 que
1241 4255 1303 4306 Bur
1371 4271 1399 4306 se

119 4341 227 4394 uince
295 4344 407 4393 uiciisF
474 4317 612 4396 britann
681 4343 888 4395 indolescenda
905 4339 991 4395 cunr
1034 4341 1176 4392 dextereF
1245 4340 1312 4392 lind
1330 4341 1402 4390 leire-

120 4411 202 4460 cumr
257 4414 273 4462 6
292 4412 330 4463 sic
347 4413 449 4478 persius
468 4415 503 4464 ait
523 4411 628 4462 ABCDF
643 4411 648 4478 Ι
663 4413 701 4462 sic
718 4414 820 4478 persius
838 4413 875 4462 sic
893 4414 928 4462 nit
946 4411 966 4460 E
982 4412 986 4472 Ι
1002 4410 1104 4460 Persius
1123 4409 1160 4460 sic
1178 4410 1215 4458 ait
1233 4407 1290 4460 Otto
1341 4409 1399 4458 Per-

119 4473 178 4544 sius]
197 4479 245 4530 111
263 4483 297 4531 50
374 4483 457 4544 'lqna
476 4479 561 4532 nBcn
577 4479 581 4546 Ι
597 4497 657 4545 qrru,
676 4497 743 4532 corr.
763 4495 828 4542 clune
845 4480 866 4528 D
883 4479 887 4542 Ι
903 4495 967 4543 qune
987 4479 1004 4528 l'
1056 4479 1153 4528 samius
1174 4474 1257 4526 ABGE
1273 4475 1278 4538 Ι
1293 4478 1398 4534 semius,

119 4559 178 4596 cerr.
191 4549 287 4598 semies
301 4545 321 4596 D
337 4544 342 4614 Ι
356 4551 454 4599 samius
473 4550 491 4599 F
542 4549 650 4600 deduxit
669 4547 776 4598 ABGDE
793 4545 797 4614 Ι
811 4548 927 4614 deduxit,
947 4549 1063 4597 eiures.
1076 4546 1093 4594 l*
1162 4546 1177 4596 Β
1196 4545 1275 4594 limite
1293 4545 1398 4608 enudans

120 4613 233 4664 callemll
301 4618 393 4667 iesse
410 4617 480 4684 apud
500 4615 711 4684 nennrrapud
730 4615 840 4668 Graecos
859 4613 1021 4666 esseBOtte
1072 4629 1162 4680 grecos
1182 4611 1266 4664 GDEF
1318 4612 1400 4662 misti-

120 4681 253 4732 ceslililll'
323 4685 502 4749 toquentur
554 4685 684 4751 signillent
700 4686 786 4750 codd,
800 4701 845 4738 om.
860 4683 917 4735 Otto
966 4680 1194 4734 Oseeundetlrete
1208 4678 1401 4746 ABlsecunda

121 4744 204 4834 Otheta
221 4752 481 4852 Clothemseennde
499 4787 520 4836 D
536 4789 540 4850 Ι
556 4787 668 4838 secunda
686 4785 709 4837 θ
729 4787 769 4835 EF
788 4785 846 4838 Otto
916 4786 945 4838 11
964 4786 1015 4847 qire
1032 4783 1073 4834 nn
1110 4795 1213 4836 mertem
1233 4782 1362 4847 signidem
1381 4781 1400 4829 B

124 4847 155 4896 ΒΡ
172 4851 224 4905 Otto
275 4856 389 4906 tctamF
441 4856 606 4922 apponebant
622 4854 687 4904 unt*
