3394 5448
578 342 626 391 Dr}
645 340 795 392 IVLIANO
814 339 1010 392 'l'OLE'PANO
1030 342 1271 393 GRAMMATICO

809 530 858 592 DE
880 529 1034 593 NOMINE.

364 701 424 760 Ars
437 702 503 762 cod.
522 702 615 762 Bern.
632 702 652 761 l.
671 697 729 762 19b
751 701 990 778 Reprelrenditur
1006 721 1020 761 a
1037 701 1257 782 quibusdam
1276 701 1454 767 Donatus.
1477 716 1556 776 quare

278 787 519 863 conparationem
541 787 619 845 inter
641 783 696 846 alia
720 786 881 847 accidentia
906 787 1145 854 adnumerasset,
1172 804 1239 846 rum
1263 805 1321 845 nori
1345 803 1434 863 saepe
1456 785 1556 844 accidat

280 871 401 930 nomini.
448 869 553 931 Sciens
574 871 720 940 Donatus,
752 873 818 948 quia
849 873 1025 950 quandoque
1054 869 1188 932 accidere
1217 871 1319 932 debuit
1347 871 1472 937 nomini,
1499 869 1556 928 ideo

251 953 356 1026 ¹illam
379 955 586 1016 adnumerauit
607 957 685 1017 iuter
712 956 766 1016 alia
791 957 964 1018 accidentia.
1010 957 1150 1036 Culpatur
1173 977 1188 1018 a
1211 955 1448 1037 quibusdam,
1476 972 1556 1033 quare

278 1039 448 1100 tantundem
477 1059 529 1100 sex
556 1041 717 1102 accidentia
742 1042 947 1103 adnumerauit
969 1043 1115 1110 Donatus,
1145 1060 1211 1103 cum
1235 1041 1282 1102 alii
1306 1040 1406 1120 plures
1428 1039 1578 1099 adnume·s

173 1163 178 1168 -
276 1133 400 1186 rassent.
454 1124 597 1196 Donatus,
629 1126 708 1202 quod
737 1146 791 1187 suo
820 1129 938 1204 ingenio
966 1130 1103 1190 inuenire
1132 1127 1240 1206 potuit,
1269 1125 1326 1186 boc
1353 1125 1556 1190 adnumerant,

276 1209 348 1270 illud
378 1229 466 1280 uero,
495 1211 572 1290 quod
602 1210 773 1273 naturaliter
801 1212 909 1272 accidit
936 1215 1064 1280 nomini,
1094 1231 1151 1273 noo
1181 1210 1276 1272 solum
1305 1212 1433 1276 nomini.
1462 1209 1510 1270 sed
1534 1219 1557 1268 et

277 1294 413 1356 omnibus
447 1295 579 1373 partibus
614 1297 798 1375 superfluum
833 1296 985 1376 deputauit
1017 1299 1223 1359 adnumerare.
1276 1296 1352 1368 Quid
1388 1305 1432 1356 est
1464 1294 1556 1374 ipsud?

276 1381 385 1441 Littera
408 1380 518 1460 syllaba
542 1401 595 1461 pes
618 1391 766 1443 accontus.
809 1382 980 1452 Quomodo?
1024 1383 1096 1454 Quia
1119 1401 1177 1442 non
1201 1383 1318 1442 inuenis
1341 1389 1468 1460 partem,
1492 1399 1557 1460 quae

276 1466 339 1527 siue
361 1465 456 1528 littera
480 1467 543 1528 sine
566 1465 641 1546 pede
664 1470 727 1528 sine
750 1465 859 1547 syllaba
882 1477 933 1529 aut
954 1472 1019 1530 sine
1042 1475 1165 1529 accentu
1189 1470 1237 1528 sit.
1570 1480 1591 1516 1⁰

360 1636 435 1707 Quid
464 1644 508 1696 est
536 1639 709 1716 proprium?
752 1638 836 1708 Quod
866 1640 953 1700 unius
981 1647 1039 1704 est,
1069 1647 1100 1699 ut
1126 1637 1168 1698 sol
1193 1636 1259 1697 luna
1284 1638 1366 1698 deuo.
1413 1635 1558 1707 Quomodo

275 1721 348 1781 dicis
371 1720 463 1781 solem
488 1723 626 1801 propriae
648 1721 796 1803 qualitatis
820 1741 892 1792 esse,
916 1743 982 1784 cum
1007 1724 1137 1784 dicatur:
1161 1723 1287 1783 ‘Soles
1309 1725 1362 1782 ire
1386 1730 1421 1782 et
1443 1720 1559 1780 redire

275 1807 469 1886 possunt'?
513 1806 570 1867 Pro
593 1806 697 1867 diebus
720 1807 777 1868 hoc
799 1808 911 1868 dictum
936 1818 989 1870 est.
1035 1808 1188 1878 Quomodo
1210 1808 1283 1868 dieis
1306 1807 1404 1868 lunam
1428 1809 1560 1885 propriae

275 1889 422 1969 qualitatis
452 1909 531 1960 esse,
563 1910 630 1953 cum
660 1893 774 1954 dicatur
803 1893 884 1954 ‘luna
914 1896 1019 1972 prima’
1050 1893 1205 1955 ‘secunda'
1235 1893 1363 1952 ‘tertia'?
1413 1892 1559 1952 Feriarum

275 1994 418 2037 numerus
440 1977 488 2036 bic
512 1983 638 2036 tenetur.
683 1976 761 2038 Deus
783 1979 930 2058 quomodo
954 1978 1027 2040 dieis
1048 1982 1188 2058 propriae
1214 1977 1360 2058 qualitatis
1388 1995 1476 2046 esse‚·
1498 1995 1560 2036 cum
1574 1988 1594 2024 1⁵

275 2061 389 2124 dicatur
412 2061 498 2122 ‘deus
521 2061 652 2123 deorum*
677 2069 706 2122 et
723 2065 840 2124 cetera?
876 2064 935 2124 Pro
950 2063 1184 2144 principantibus
1199 2062 1370 2124 bominibus
1386 2061 1496 2123 dictum
1511 2069 1560 2122 est.

360 2243 372 2331 ll
392 2245 516 2331 f·²0⁸ll
532 2248 630 2321 Quare
654 2249 731 2310 dicta
755 2252 944 2330 conparatio?
989 2251 1077 2322 Quasi
1107 2252 1296 2318 existimatio,
1325 2270 1361 2309 eo
1390 2247 1467 2328 quod
1496 2267 1561 2307 con·

275 2333 406 2410 parando
440 2353 531 2395 unum
565 2335 649 2396 altori
682 2355 717 2396 ex
752 2334 919 2397 conlatione
951 2335 1071 2398 alterius
1104 2337 1289 2413 praeferatur
1323 2335 1423 2395 senior
1450 2334 1561 2393 iuniori.

275 2418 448 2490 Quomodo?
499 2420 585 2480 Prata:
620 2429 699 2482 stant
726 2439 842 2483 mecum
871 2428 947 2492 tres,
979 2423 1059 2482 uenit
1087 2421 1204 2498 quidam
1233 2431 1263 2481 ct
1291 2420 1361 2481 dicit
1388 2418 1474 2479 mibi:
1505 2419 1562 2496 ‘qm

275 2691 532 2806 ΜΙΗῙῊΙἸΞῗὶΣῐαε
544 2766 573 2820 p.
592 2753 639 2818 63,
657 2754 690 2804 11
705 2751 747 2805 ed.
765 2751 863 2808 Rom:
889 2750 976 2819 Quare
993 2751 1106 2806 adoume
1122 2749 1313 2805 rauitilonatus
1336 2748 1562 2820 comparationem

274 2835 345 2891 inter
360 2833 409 2890 alia
426 2835 585 2904 accidentia,
600 2851 660 2890 cum
678 2851 731 2890 uon
745 2851 825 2909 saepe
841 2835 943 2892 accidat
958 2837 1078 2892 nomini?
1107 2835 1342 2906 Sebastianum,
1365 2832 1427 2906 quia
1444 2831 1562 2906 quando·

274 2937 328 2993 que
357 2920 458 2975 nomini
486 2919 608 2975 accidere
637 2919 747 2990 debuit,
776 2920 836 2977 ideo
865 2921 1053 2977 adnumerauit
1080 2937 1137 2975 eam
1165 2922 1238 2975 iuter
1265 2917 1317 2974 alia
1344 2917 1510 2986 accidentia;
1539 2923 1563 2970 et

274 3021 369 3076 supra
386 3022 419 3076 p.
438 3007 485 3072 63,
504 3007 552 3059 10:
576 3003 663 3070 Quare
687 3006 873 3061 tantummodo
897 3024 943 3062 sex
966 3006 1113 3062 accidentia
1136 3003 1331 3060 adnumerabat
1353 3003 1481 3070 bonatus,
1504 3018 1561 3057 coru

273 3090 319 3146 alii
342 3088 434 3162 plures
456 3088 697 3152 adnrmerasseot?
747 3091 877 3160 Donatus,
901 3092 973 3164 quod
996 3109 1047 3146 suo
1071 3091 1181 3164 ingenio
1204 3091 1295 3162 potuit
1318 3089 1490 3154 adiuuenire‚
1514 3087 1585 3141 boos

273 3174 466 3231 dinumerauit.
500 3173 567 3229 lllud
590 3192 672 3245 itero,
695 3175 767 3248 quod
792 3175 951 3233 naturaliter
974 3177 1071 3232 accidit
1094 3193 1147 3231 noo
1171 3175 1259 3230 solum
1282 3173 1394 3244 nomini,
1417 3172 1463 3228 sed
1479 3172 1563 3228 omiti·

274 3259 330 3315 ltus'
348 3257 483 3332 partibus,
506 3259 673 3330 supcrlluum
689 3261 840 3333 ‘deputauit
862 3247 1031 3318 enumerare.
1075 3258 1142 3326 Quid
1165 3261 1308 3332 deputabit
1329 3257 1495 3332 superfluum
1519 3256 1562 3310 ad·

274 3343 433 3400 numerare?
477 3342 580 3399 Literas
602 3344 718 3418 syllabas
743 3346 824 3420 pedes
847 3355 875 3401 et
897 3355 1032 3403 accentus.
1077 3345 1238 3414 Quomodo?
1274 3342 1340 3410 Quia
1364 3360 1418 3398 non
1441 3343 1562 3397 inuenies

274 3437 387 3502 partem,
410 3444 478 3501 quae
501 3427 559 3483 sine
581 3428 658 3486 litera
682 3430 783 3504 syllaba
806 3431 873 3506 pede
895 3441 942 3487 aut
964 3439 1076 3488 accentu
1099 3433 1144 3486 sit.

359 3514 396 3570 11
420 3513 554 3570 Iulianus
575 3531 603 3585 p.
630 3519 682 3571 63:
727 3515 760 3570 lla
784 3516 911 3591 propriae
933 3516 1071 3592 qualitatis
1095 3531 1201 3572 nomen.
1246 3513 1308 3570 Sol:
1337 3523 1364 3569 et
1392 3514 1455 3586 quia
1485 3513 1595 3569 uicino

274 3599 363 3656 ‘Soles
385 3600 426 3654 ire
447 3606 475 3654 et
498 3598 587 3656 redire
610 3599 748 3673 possunt'‚
771 3619 822 3675 pro
846 3601 941 3658 diebus
965 3603 1016 3658 boc
1037 3601 1109 3657 dicit.

360 3684 398 3740 17
421 3683 554 3740 lulianus
575 3702 604 3756 p.
629 3689 682 3740 dat:
720 3683 808 3751 Quare
834 3687 903 3743 dicto
927 3695 969 3743 est
992 3685 1177 3760 comparatio?
1220 3682 1301 3750 Quasi
1325 3684 1506 3753 existimatio,
1530 3699 1561 3738 eo

272 3769 345 3845 quod
367 3767 550 3843 comparando
574 3786 656 3824 unum
679 3770 757 3825 alteri
782 3771 981 3844 praeferamus,
1004 3771 1075 3828 idest
1097 3770 1232 3828 seniorem
1255 3768 1365 3826 iuniori.
1403 3765 1562 3834 Quomodo?

273 3855 306 3912 Vt
328 3863 408 3930 puta,
432 3855 454 3908 si
476 3861 550 3909 stent
572 3871 676 3911 mecum
700 3863 756 3911 tres
779 3865 806 3912 et
829 3873 882 3932 ego
905 3866 1037 3931 quartus,
1066 3857 1142 3912 uenit
1165 3855 1225 3930 quis
1249 3863 1277 3910 et
1299 3853 1365 3910 dicit
1387 3853 1466 3909 mibi:
1505 3851 1562 3908 ‘lsti

272 4004 499 4014 ...-—-——--

273 4104 384 4139 conrors
402 4101 558 4138 ananensis
576 4088 626 4136 207
643 4101 792 4140 variaris.

339 4159 355 4207 2
373 4157 518 4206 accedentia
587 4157 602 4205 5
620 4155 797 4206 adnumerabit
883 4159 914 4209 10
933 4157 990 4206 siue
1007 4157 1097 4221 pedem
1169 4157 1199 4204 12
1217 4170 1274 4203 cum
1292 4153 1359 4202 dicat
1428 4153 1495 4202 soles
1514 4149 1560 4217 ire]

273 4225 457 4344 fgtqqqllq'ippmn
476 4227 502 4274 V
518 4225 547 4278 d:
567 4223 640 4275 Soles
660 4225 773 4275 occidere
792 4237 816 4274 et
835 4227 915 4275 redire
933 4236 1044 4291 possunt
1113 4225 1143 4273 14
1161 4239 1217 4273 cum
1237 4222 1304 4272 dieat
1373 4223 1404 4272 15
1423 4237 1478 4270 eum
1498 4222 1563 4270 dicet

272 4513 384 4548 iveram
402 4511 514 4548 conrcrs
532 4513 689 4548 ananensis
712 4501 758 4548 123
777 4512 924 4547 vastaris.

341 4566 656 4629 lOodBer·n.f.118·
721 4567 907 4616 accercendus
968 4580 1030 4630 sepe
1080 4565 1182 4626 quaudo
1201 4581 1250 4626 que
1269 4565 1366 4612 nomini
1425 4579 1480 4614 eam
1500 4564 1561 4611 acel-

271 4633 384 4694 dentias,
411 4637 502 4684 lacuna
519 4637 615 4700 aliquot
631 4636 773 4686 litterarum
790 4635 816 4684 in
833 4637 914 4685 medie
932 4638 1022 4684 relicta
1124 4635 1236 4696 lquere
1254 4632 1401 4682 tantundem
1425 4649 1471 4682 sex
1497 4632 1560 4682 acci-

271 4703 371 4753 dentias
389 4703 566 4751 adnomerauit
633 4705 648 4753 5
666 4704 750 4768 potuit
767 4703 881 4751 inuemre
900 4703 946 4751 boe
965 4700 1175 4762 destrimentum
1250 4701 1364 4750 8littrrn
1384 4699 1479 4762 syllaba
1500 4701 1561 4767 pede

272 4780 420 4820 etaceeotu
489 4771 600 4820 inueniet
684 4771 936 4833 aquistoetiuera
1023 4771 1054 4819 10
1073 4772 1175 4835 proprie
1262 4772 1291 4818 11
1316 4769 1362 4818 bec
1380 4769 1446 4818 dixit
1532 4769 1559 4816 12

273 4837 428 4890 Foddldlb
483 4841 513 4889 13
531 4839 722 4905 conparandum
743 4854 819 4888 utrum
891 4840 922 4888 14
941 4849 989 4887 tres
1008 4852 1108 4887 mecum
1162 4839 1205 4887 isti
1224 4839 1283 4900 quid
1304 4838 1387 4886 sciunt
