3412 5452
318 323 376 372 cv1
621 307 672 359 DE
691 305 930 394 VERGILJQms
949 315 1249 370 uussmuuususvs

317 502 474 574 dimidii
499 503 610 575 potuer
611 499 655 558 5²2!
687 496 798 570 diffido
824 511 958 583 exceptis
980 509 1109 582 aliquot,
1139 523 1218 582 quae
1232 499 1270 584 'in
1291 509 1419 581 sinqulr's
1441 507 1598 568 uocabulis

317 602 507 662 radmodis
538 597 612 661 libri
645 601 796 670 renducis
817 617 995 683 versantur,
1020 610 1249 682 definitionibus,
1275 612 1307 668 in
1329 612 1502 670 uniuersum
1527 611 1598 666 Ver-

317 720 408 779 onam
431 695 728 786 badvvnopmim
743 712 974 772 ariolationibus
989 727 1091 786 paene
1105 714 1224 771 omniuo
1238 720 1334 772 caret.
1379 714 1478 786 Atque
1491 727 1599 770 eorum

317 807 416 866 tionis’
446 807 496 864 uel
524 803 755 887 ‘iumentorum
785 830 864 888 qaae
890 815 986 873 rautta
1015 815 1106 872 ctiam
1134 815 1165 872 in
1193 813 1442 874 bibliothecarum
1463 814 1601 874 tenebris

319 909 404 983 aliud
426 908 649 976 Gratatanenm
672 925 726 989 est,
751 917 833 990 qum
854 915 1059 974 Einsitllensia
1078 905 1265 990 potissimum
1287 917 1356 975 luce
1377 915 1500 990 domui,
1527 916 1601 974 inde

320 1012 372 1070 ⁶¹15
385 1011 471 1084 “ilud
484 1007 574 1094 [qnia
590 1020 666 1078 baec
680 1021 747 1093 ipso
764 1019 802 1076 ab
824 1020 1042 1092 insequentium
1064 1019 1253 1077 saeculorum
1275 1018 1444 1078 bominibus
1462 1018 1601 1093 probata

321 1113 526 1195 Vnonarpma
548 1123 616 1182 uicti
634 1138 686 1182 seu
708 1120 940 1196 excerpentibus
961 1137 1014 1179 seu
1035 1119 1099 1178 alia
1120 1120 1244 1180 aliunde
1264 1120 1300 1179 iis
1321 1117 1599 1193 adqlutinantt'bus.

320 1210 430 1308 Messi
437 1223 616 1298 probarem,
642 1225 733 1282 alteri
753 1224 784 1282 iu
798 1221 914 1280 bonati
935 1229 1031 1280 artem
1045 1225 1189 1281 maiorem
1204 1229 1367 1283 commento
1388 1231 1479 1298 atquc
1494 1224 1600 1293 tertio,

299 1312 382 1402 Md
402 1326 445 1385 acl
465 1325 688 1384 barbarismum
697 1325 855 1398 partiaci,
881 1325 996 1397 passim
1024 1326 1054 1382 in
1077 1325 1274 1383 adnotatione
1295 1326 1409 1385 codicis
1431 1324 1604 1384 Beruensis

198 1403 360 1518 ‘sm‘
379 1430 460 1488 locos
478 1428 646 1486 consimiles
664 1427 795 1501 ascripsi
814 1441 875 1485 raon
899 1441 1014 1498 oannes,
1038 1428 1092 1484 sca
1112 1427 1243 1500 quadam
1259 1425 1382 1486 diceucli
1403 1428 1452 1486 uel
1466 1427 1606 1486 docendi

112 1520 196 1620 s
295 1531 489 1606 proprietate
509 1530 694 1603 conspicuos.
733 1527 844 1601 Itaque
858 1529 948 1585 etiam
970 1528 1000 1585 in
1022 1528 1135 1587 scbotio
1149 1529 1325 1602 marqiuali,
1350 1528 1432 1603 quoa
1450 1529 1522 1588 coa.
1544 1534 1602 1585 207
1665 1609 1670 1616 .

13 1651 100 1686 v·-
297 1631 325 1706 s.
344 1627 396 1690 10⁶
413 1632 523 1706 primis
538 1631 654 1690 Donati
674 1631 712 1687 cle
726 1631 830 1688 littera
846 1629 980 1688 uersibus
994 1631 1159 1704 ascriptum
1175 1636 1218 1688 cst
1232 1646 1324 1690 manu
1345 1633 1461 1690 saeculi
1474 1630 1601 1699 decimi,

299 1736 389 1794 talem
417 1733 590 1808 arqumenti
614 1733 825 1805 coqnationem
853 1730 1079 1806 deprehendas:
1108 1730 1220 1816 ‘littere
1247 1747 1345 1805 quare
1371 1730 1471 1791 dicte?
1501 1732 1605 1791 tribus

300 1854 339 1896 cx
360 1837 473 1907 causis,
503 1849 562 1894 una
589 1834 677 1893 modo
704 1835 792 1907 quasi
816 1834 957 1916 lepitterq
984 1849 1019 1892 eo
1044 1834 1125 1907 quod
1141 1833 1315 1908 praebeant
1337 1833 1505 1908 tepentibus
1530 1836 1604 1892 itcr.
1698 1871 1699 1878 .

299 1940 361 1998 atio
387 1937 475 1997 modo
502 1953 543 1995 ex
570 1936 616 1996 bis
643 1937 723 2021 dictp
751 1951 771 1992 a
798 1936 911 1994 littaris
933 1936 1008 1995 idest
1035 1935 1219 1993 aliniendo.
1249 1937 1369 2009 antiqui
1394 1937 1509 2010 quippe
1540 1951 1605 1994 non

300 2040 452 2100 trabebant
473 2037 662 2097 membranas
682 2038 737 2096 sed
763 2036 935 2098 scribebant
961 2034 994 2096 in
1022 2037 1132 2096 tabidis
1159 2039 1272 2098 cuntis
1299 2039 1400 2096 omnia
1427 2043 1456 2096 et
1486 2037 1606 2096 iterum

300 2141 450 2202 delebant.
479 2142 569 2200 tertio
596 2140 685 2199 modo
713 2139 797 2222 dicte
823 2140 924 2223 litterp
949 2155 985 2198 eo
1012 2139 1094 2214 quod
1115 2141 1146 2198 in
1168 2140 1295 2213 lepenclo
1317 2141 1472 2198 iterentur.
1523 2138 1608 2214 Sepe

300 2242 380 2304 enim
402 2245 433 2302 in
455 2258 519 2302 una
541 2243 623 2300 linea
638 2249 738 2318 potest
760 2259 779 2300 a
801 2242 956 2317 repperiri
976 2248 1029 2300 aut
1050 2241 1068 2298 b
1091 2248 1146 2300 aut
1166 2242 1207 2314 c',
1231 2239 1276 2313 cf.
1292 2258 1397 2300 cornua.
1413 2241 1553 2300 Eiusieil.
1578 2241 1587 2256 '
1698 2303 1699 2314 χ

298 2364 330 2422 p.
357 2351 420 2418 221,
447 2349 579 2412 15—th
603 2343 674 2403 ibid.
698 2344 779 2404 ‘Mos
799 2351 867 2402 erat
889 2344 975 2418 apud
994 2345 1135 2416 antiquos
1162 2350 1275 2402 utnon
1299 2344 1434 2403 dicerent
1455 2343 1551 2403 obtin

300 2448 354 2508 sed
375 2447 508 2507 obtamus
529 2463 585 2506 nec
606 2447 656 2506 uir
677 2463 827 2522 expresse,
852 2445 907 2505 sea
927 2447 970 2504 ita
992 2451 1024 2505 ut
1045 2461 1062 2504 e
1082 2453 1206 2505 sonaret
1227 2461 1282 2505 nec
1304 2445 1437 2506 obtamus
1450 2461 1519 2520 eocp

300 2550 354 2610 secl
379 2551 422 2608 ita
450 2556 483 2610 ut
511 2551 524 2608 i
548 2557 671 2609 sonaret
696 2555 726 2608 ct
753 2549 820 2608 ideo
842 2551 854 2608 i
879 2556 907 2606 et
933 2565 953 2606 n
980 2548 1077 2632 medie
1104 2546 1279 2620 dicuntur’‚
1309 2546 1354 2619 cs.
1377 2561 1480 2607 comm.

295 2671 329 2730 p.
357 2657 572 2729 etati-17.
620 2651 754 2711 Ceteram
782 2651 863 2710 banc
890 2651 1062 2724 arqumenti
1085 2650 1309 2710 similitudinem
1336 2651 1458 2724 itaquae

294 2756 416 2830 plicare
443 2755 592 2828 quispiam
616 2755 728 2828 possit,
764 2761 796 2813 ut
823 2769 864 2812 erc
891 2752 996 2810 talium
1023 2751 1204 2811 scholiorum
1236 2753 1372 2825 marplni
1401 2768 1432 2808 ac

296 2855 465 2929 famapine
487 2857 619 2930 undique
639 2861 784 2928 compasta
805 2859 1065 2913 commentatorem
1084 2853 1297 2912 Einsicileusem
1319 2870 1409 2928 opusc

300 2957 467 3030 confecisse
494 2953 629 3040 dicat.*)
675 2957 734 3015 Hic
762 2971 834 3014 nero
863 2957 927 3029 qais
950 2953 1049 3027 suerit
1077 2955 1165 3014 bomo
1194 2961 1285 3028 atque
1311 2955 1387 3014 abin

296 3049 416 3120 'uiuent
437 3058 580 3134 quibusue
603 3065 767 3133 temporum
788 3058 897 3128 tinibus
919 3073 1007 3130 quam
1034 3057 1261 3117 accuratissime
1286 3059 1324 3116 sit
1345 3060 1373 3116 c*

310 3163 374 3236 lus,
399 3158 580 3233 difficillime
600 3158 686 3220 dictu
706 3167 796 3232 esset,
827 3161 887 3218 nisi
908 3161 1042 3234 primum
1069 3165 1151 3218 certe
1172 3165 1335 3220 tractatum

303 3262 422 3324 nomine
450 3265 481 3323 in
507 3259 598 3322 libris
624 3259 842 3336 manuscriptis
867 3264 980 3336 passim
1008 3261 1207 3333 circumferri
1231 3269 1327 3321 consti

303 3361 432 3424 Tburota‘
447 3363 580 3424 ‘Notices
600 3371 629 3422 et
650 3360 782 3423 extraits
804 3364 856 3422 aas
876 3366 1056 3422 manuscrits
1077 3364 1115 3422 cle
1135 3365 1167 3421 ta
1189 3344 1327 3423 bibliotb'c

300 3475 367 3526 tom.
391 3465 500 3539 XXII,
529 3471 604 3524 1868
622 3485 655 3540 p.
674 3471 701 3524 b.
720 3472 764 3525 10.
800 3465 879 3523 Nam
901 3465 978 3524 baec
998 3472 1069 3524 sunt
1092 3465 1196 3524 ultima
1219 3466 1315 3526 uerba
1342 3492 1354 3523 ι

301 3570 398 3644 qualis
419 3575 464 3627 est
485 3570 517 3627 in
539 3568 644 3628 codice
666 3566 932 3642 Montepcssnlano
955 3573 1012 3624 387
1034 3583 1115 3627 saec.
1138 3566 1173 3625 X
1187 3567 1217 3640 s.
1245 3574 1314 3626 tol:
1340 3566 1376 3625 ‘u

300 3670 409 3731 dicitur
430 3668 609 3749 apostolicus
632 3674 661 3728 ot
684 3669 899 3748 iuterpretatur
921 3666 1104 3728 admirabilis
1126 3669 1174 3729 uel
1197 3675 1283 3748 palor
1305 3675 1408 3746 puluuu

300 3772 469 3833 interiectio
504 3779 548 3830 ost
583 3770 750 3830 metuentis.
794 3767 884 3829 Liber-
918 3768 1045 3848 Remigii
1080 3769 1209 3849 explicit.
1254 3770 1313 3832 Deo
1342 3773 1434 3848 graiis

301 3883 390 3950 atquc
417 3872 450 3934 iu
478 3875 582 3934 codice
604 3873 747 3933 Parisino
772 3880 827 3932 712
852 3873 947 3945 (saec.
971 3869 1071 3948 XIII)
1091 3870 1119 3944 f.
1146 3879 1198 3930 47:
1229 3871 1347 3950 ‘Incipit
1369 3890 1471 3952 cupos.

300 3977 382 4055 migii
399 3977 429 4036 in
446 3977 542 4054 primu
559 3973 689 4036 editione
705 3973 810 4035 Donati
827 3973 979 4052 gramatici
995 3971 1079 4034 urbis
1095 3971 1197 4036 Romo.
1228 3973 1287 4035 iste
1303 3973 1404 4038 titulus
1423 3977 1486 4049 (cs.

300 4147 493 4156 .-.-.—..-—--.—
515 4147 526 4154 ,ι

234 4271 241 4286 ·
367 4263 395 4327 *)
415 4263 501 4316 Obiter
517 4280 613 4325 ruarmo,
633 4279 686 4322 esau
704 4266 792 4324 Iocum,
810 4279 858 4328 quo
876 4265 908 4312 cle
926 4264 1022 4313 ‘idern'
1040 4265 1187 4327 pronaruiue
1205 4266 1290 4331 apitur
1306 4283 1332 4330 p.
1351 4269 1414 4322 205.
1431 4268 1550 4328 s-15,
1572 4285 1607 4318 ca

300 4335 402 4385 Iuliano
419 4348 535 4383 manasse
553 4334 643 4392 uideri,
656 4347 685 4383 ea
698 4333 802 4390 scilicet,
822 4333 904 4397 qualis
921 4332 1013 4396 lepitur
1031 4335 1056 4381 iu
1074 4333 1162 4383 codice
1174 4331 1303 4384 Beruensi
1315 4337 1373 4394 207,
1389 4333 1412 4394 s.
1426 4332 1493 4382 28⁶:
1517 4335 1606 4385 ‘idem

299 4401 440 4452 unusculiuo
459 4415 551 4466 genuere
569 4400 732 4466 productum.
764 4398 790 4450 A
808 4397 961 4457 Quomodo?
997 4397 1033 4464 )·(
1052 4397 1158 4458 Quando
1177 4401 1310 4451 masculini
1328 4402 1428 4465 generis
1453 4400 1553 4460 inerit,
1581 4417 1609 4452 uu

319 4481 359 4520 utu
379 4469 463 4518 ‘idem
482 4470 539 4518 uir’
558 4469 605 4518 erit
627 4469 754 4532 ilougum
767 4469 823 4518 dem
837 4467 914 4517 breue
931 4479 956 4517 eu
973 4469 1020 4517 eris
1039 4483 1084 4532 pes
1103 4469 1229 4518 trocheus.
1264 4467 1291 4519 Δ
1308 4467 1345 4517 Du
1365 4469 1419 4518 eius
1436 4471 1607 4535 exemplum.

311 4535 336 4604 -(
353 4537 420 4587 Viuo
446 4537 560 4587 nocendo
584 4537 687 4600 quidem
709 4537 755 4586 sed
777 4551 818 4584 me
840 4545 925 4584 munet
946 4537 1030 4586 exitus
1056 4536 1134 4586 idem.
1170 4537 1238 4586 Idem
1265 4545 1354 4585 neutro
1376 4547 1540 4601 correptum.
1578 4539 1606 4590 Δ

300 4605 452 4665 Quomodo?
487 4603 523 4668 )·(
542 4603 648 4663 Quando
668 4606 748 4654 neutri
767 4603 868 4669 generis
887 4601 976 4662 inerit,
995 4615 1102 4668 utputa
1121 4603 1198 4654 ‘idem
1217 4603 1332 4661 unimur,
1352 4605 1398 4652 en'u
1415 4605 1422 4653 i
1440 4605 1524 4654 breue
1544 4608 1607 4656 dem

299 4675 376 4723 breue
393 4685 418 4723 et
435 4675 483 4723 erit
500 4687 546 4737 pes
566 4673 710 4738 pirrichius.
740 4671 767 4723 A
785 4671 820 4720 Du
839 4671 893 4720 eius
912 4671 1066 4736 exemplum.
1096 4669 1132 4736 )·(
1151 4671 1254 4722 nonan
1267 4685 1361 4737 corpus
1375 4671 1439 4721 idem
1460 4672 1609 4726 inmortale

299 4744 428 4807 resurgit.'
465 4741 594 4804 Exempla
610 4743 714 4806 poetica
731 4743 821 4790 desum
844 4741 914 4802 apud
931 4740 1055 4790 Iuliarum:
1078 4741 1202 4802 culpatum
1218 4757 1245 4803 p.
1266 4743 1305 4788 to.
1324 4744 1357 4789 80
1374 4742 1415 4791 ed.
1434 4741 1518 4803 nom,
1542 4746 1605 4798 cod.

301 4809 378 4860 aaa.
399 4813 452 4860 12³
468 4809 490 4873 f.
511 4805 587 4861 roob.
