3394 5448
340 364 405 430 254
743 363 978 416 COMMENTVM
995 361 1238 414 sulmonense

339 554 535 633 ‘compescui’
559 551 643 614 iecit:
667 553 750 614 ‘sedo
772 555 816 614 as'
839 553 860 612 i·
882 549 1055 628 tranquillo;
1080 552 1162 612 disco
1184 551 1335 621 similiter,
1366 551 1419 613 sed
1443 550 1533 614 didici
1558 547 1638 612 iacit.

249 655 380 720 cosella
410 656 504 724 euim,
534 673 609 735 quae
637 655 829 723 inchoantur,
859 672 917 714 non
947 659 1074 731 possunt
1100 652 1211 714 habere
1239 655 1448 731 praeteritum.
1494 653 1639 713 llorreo

340 766 386 818 est
408 765 522 827 metuo,
547 757 616 816 inde
639 755 838 823 ‘horribilis',
866 757 892 816 i·
916 754 1107 824 metuendus,
1137 761 1167 814 ει
1194 753 1302 815 horreo
1330 762 1375 815 est
1397 755 1546 833 despicio,
1572 755 1638 814 inde

339 859 462 919 dicitnr:
492 877 563 918 non
586 857 771 919 horruisti
795 857 958 934 uirginis
988 865 1149 924 uterum,
1172 857 1193 916 i·
1217 873 1276 918 non
1304 855 1481 937 despexisti:
1512 855 1563 915 hic
1585 873 1638 934 pro

249 975 298 1026 ses,
312 977 325 1015 o
339 961 530 1038 despectione
552 961 682 1038 ponitur,
707 958 776 1019 inde
793 955 804 1039 ΙΙ
823 954 884 1018 179
899 954 911 1039 ΙΙ
927 957 1072 1019 horresco
1095 956 1219 1018 horrere
1241 959 1364 1037 incipio.
1410 958 1658 1025 Consuescet

337 1064 358 1122 i·
381 1062 411 1121 in
434 1059 679 1121 consuetudinem
705 1060 831 1138 recipio,
863 1079 879 1120 c
902 1066 1004 1120 contra
1028 1060 1208 1121 ‘desuesco’
1237 1078 1253 1120 a
1276 1058 1496 1122 consuetudine
1518 1059 1637 1133 recedo,

339 1163 488 1225 ‘desueui'
510 1181 525 1222 a
550 1161 764 1222 consuetudine
786 1164 908 1222 recessi.

236 1282 324 1330 eae,1o
422 1265 715 1341 coniugationes
738 1262 870 1324 uerbis
893 1262 1069 1324 accidunt
1089 1271 1175 1324 tres.
1208 1262 1377 1325 Secundum
1394 1262 1635 1324 Priscianus]

337 1375 477 1447 quattuor
505 1373 587 1430 sunt:
623 1363 754 1425 Donatus
782 1371 843 1424 tres
871 1371 1024 1426 enumerat
1050 1366 1274 1442 coniugationes
1302 1365 1488 1444 distinguens
1517 1366 1634 1426 tertiam

338 1477 368 1530 ει
383 1476 532 1548 quartam,
557 1465 607 1526 ubi
630 1465 701 1526 dicit
715 1467 726 1525 i
741 1474 908 1545 correptam
930 1463 979 1526 uel
993 1467 1003 1525 i
1018 1466 1208 1546 productam:
1232 1484 1299 1526 cum
1315 1465 1390 1526 dicit
1405 1468 1426 1525 ‘i
1441 1469 1633 1546 correptam’,
1647 1485 1662 1517 u

337 1573 434 1649 tangit
455 1571 587 1637 tertiam;
616 1585 684 1628 cum
707 1567 778 1629 dicit
801 1567 827 1627 ‘i
849 1567 1023 1647 productam
1034 1573 1053 1637 ’,
1082 1568 1174 1645 tangit
1196 1577 1345 1644 quartam:
1377 1569 1492 1636 uincio,
1523 1571 1543 1629 i.
1567 1569 1633 1645 ligo,

197 1689 284 1737 arasa
298 1689 323 1729 rs
337 1673 454 1734 ‘uinxi'
478 1671 561 1744 iacit,
591 1670 708 1732 uincior
730 1669 771 1730 ris
794 1670 958 1736 ‘uinctus’z
982 1670 1084 1739 uinco,
1108 1671 1127 1728 i·
1151 1688 1274 1749 supero,
1298 1669 1392 1729 ‘uici’
1415 1669 1504 1738 lacit,
1530 1673 1633 1732 uincor
1687 1677 1688 1752 ξ

337 1773 470 1836 ‘uictus'.
1687 1757 1688 1774 ¹

247 1893 323 1942 oso,1
422 1875 592 1936 Genera
629 1872 873 1934 uerborum
911 1882 1016 1933 sunt
1052 1875 1260 1953 quinque.
1316 1873 1388 1934 Cum
1423 1873 1498 1934 dixit
1529 1875 1630 1952 ‘quin
1687 1931 1688 1960 ,

338 1983 423 2056 que',
453 1994 608 2038 numerum
631 1976 780 2044 defininit,
805 1977 873 2052 quia
896 1972 962 2034 alii
985 1974 1146 2036 uoluerunt
1167 1973 1397 2053 impersonalem
1420 1975 1540 2036 modum
1564 1991 1658 2036 cums
1687 1961 1688 2008 i

336 2077 497 2157 generibus
539 2084 569 2137 ει
609 2075 874 2154 significationibus
916 2075 1002 2136 uerbi
1043 2084 1158 2137 sextum
1203 2093 1297 2154 genus
1339 2095 1462 2155 ponere.
1530 2077 1629 2138 Genus

337 2189 367 2242 et
402 2179 575 2259 significatio
611 2181 641 2239 in
679 2177 774 2238 uerbo
811 2177 891 2241 idern
929 2182 982 2238 est.
1049 2177 1165 2239 Genera
1208 2177 1347 2239 dicuntur
1389 2197 1405 2238 a
1449 2179 1625 2256 generando,

337 2302 373 2344 eo
396 2282 475 2362 quod
498 2299 589 2341 unum
613 2287 774 2357 generetur
797 2279 834 2340 ab
857 2278 967 2348 altero,
990 2281 1141 2358 pessinum
1164 2278 1305 2340 uidelicet
1326 2279 1363 2341 ab
1386 2283 1483 2341 actiuo
1506 2291 1536 2341 et
1559 2282 1625 2340 acti-

336 2401 406 2444 uum
430 2402 445 2442 a
469 2385 597 2462 pessino.
642 2377 878 2459 significationes
907 2380 1061 2454 dicuntur,
1092 2399 1127 2440 eo
1156 2380 1235 2459 quod
1265 2389 1362 2441 actum
1392 2380 1440 2441 uei
1461 2383 1624 2460 passionem

247 2505 296 2554 sss,
311 2505 324 2544 o
337 2485 555 2553 demonstrant,
580 2492 609 2544 et
631 2491 678 2544 cst
699 2483 875 2561 significatio
899 2500 1004 2543 sensus
1024 2482 1122 2543 uerbi.
1167 2482 1297 2543 Actius
1321 2483 1468 2552 dicuntur,
1492 2501 1527 2544 eo
1549 2483 1654 2560 quods-

335 2596 432 2648 actum
456 2587 637 2664 significant;
666 2586 834 2663 pessiua,
863 2601 898 2644 eo
921 2583 999 2660 quod
1023 2587 1190 2662 passionem
1213 2582 1431 2653 demonstrant,
1456 2594 1488 2644 ut
1509 2583 1622 2662 legori·

246 2706 401 2761 oos,srnea
424 2688 516 2750 uerba
539 2687 688 2765 leguntur.
723 2685 862 2747 Neutra
885 2685 1025 2746 dicuntur
1048 2702 1106 2746 non
1129 2686 1212 2765 quasi
1235 2685 1344 2763 aliquid
1369 2703 1428 2746 nou
1451 2687 1620 2764 significent

334 2792 354 2850 i·
378 2789 427 2851 uel
456 2796 553 2850 actum
581 2789 630 2848 uel
652 2787 836 2865 passionem,
860 2786 910 2847 sed
933 2795 1091 2867 utrumque
1115 2786 1201 2848 simul
1225 2805 1284 2847 non
1307 2788 1486 2863 significant:
1510 2787 1621 2866 quando

334 2901 433 2953 actum
462 2891 642 2969 significant,
680 2890 847 2968 passionem
876 2889 1023 2958 relaxant,
1059 2896 1089 2948 et
1116 2888 1234 2968 quando
1265 2890 1446 2967 passionem,
1476 2889 1620 2950 dimittunt

232 3015 281 3065 ses,
296 3001 443 3055 liciatum.
488 2991 699 3053 Communia
727 2990 881 3059 dicuntur,
910 3009 946 3052 eo
968 2990 1047 3072 quod
1077 2989 1132 3050 sub
1156 3008 1213 3051 una
1236 2990 1402 3052 litteratura
1425 2988 1499 3051 duos
1519 3007 1650 3050 sensuss

233 3097 355 3166 seo,1oi·
379 3094 455 3155 duos
483 3092 652 3154 intellectus
681 3091 800 3153 hahent.
846 3092 1078 3172 deponentia
1107 3092 1261 3161 dicuntur,
1293 3109 1328 3151 eo
1350 3090 1432 3171 quod
1454 3109 1512 3152 non
1532 3089 1618 3168 depo·
1686 3075 1687 3130 ]

333 3205 407 3257 nunt
429 3214 445 3257 r
467 3195 514 3255 uel
542 3193 619 3275 quod
649 3193 802 3274 deponunt
829 3195 1019 3274 participium
1047 3193 1139 3253 luturi
1169 3195 1310 3273 temporis
1337 3211 1354 3253 a
1384 3194 1516 3272 pessino,
1542 3192 1614 3269 quod

243 3298 442 3372 resederunt
475 3298 506 3358 in
534 3296 603 3365 dus,
632 3306 665 3358 ut
694 3294 861 3374 loquendus
888 3293 1053 3356 lactandus.
1105 3294 1381 3373 impersonalia
1411 3293 1553 3362 dicuntur,
1583 3311 1613 3353 eo
1686 3303 1687 3358 t

334 3399 413 3481 quod
450 3401 568 3460 tertiam
606 3397 735 3458 habeant
771 3415 939 3477 personam.
998 3396 1162 3459 Neutro
1198 3397 1375 3477 pessiua
1414 3395 1546 3456 dicuntur
1581 3413 1611 3454 eo

333 3501 411 3583 quod
433 3502 462 3560 in
486 3501 634 3580 praesenti
658 3501 740 3560 etin
769 3500 869 3560 luturo
897 3496 1061 3559 neutralem
1090 3497 1201 3560 habent
1222 3496 1464 3567 declinationem,
1486 3499 1514 3558 in
1533 3511 1645 3575 prae-³·

229 3627 280 3679 aas,
295 3631 318 3670 n
332 3605 421 3665 terito
443 3621 516 3664 uero
538 3610 695 3664 transeunt
716 3604 775 3662 iarn
797 3603 829 3660 in
852 3603 1016 3680 passiuem,
1047 3608 1079 3660 ut
1100 3600 1216 3678 gaudeo
1238 3601 1358 3677 gauisus
1379 3618 1455 3661 sum.
1497 3597 1607 3663 Soleo,

332 3707 350 3767 i.
374 3707 405 3766 in
429 3704 646 3766 consuetudine
674 3702 786 3774 habeo,
815 3702 919 3764 solitus
946 3721 1021 3764 sum.
1068 3701 1267 3771 Conuiuor‚
1288 3695 1409 3784 [118011
1431 3699 1513 3761 simul
1531 3701 1607 3760 uiuo:

330 3839 558 3850 —.--—-----..-

399 3927 415 3978 8
434 3924 578 3975 Secundum
597 3921 767 3990 Priscinnnm]
788 3923 806 3973 1
819 3940 847 3989 p.
867 3926 926 3984 452,
948 3924 980 3974 18
996 3939 1050 3996 sep.
1069 3924 1199 3989 multisque
1216 3924 1274 3974 attis
1291 3924 1363 3974 loeis.
1442 3925 1473 3973 10
1489 3922 1527 3971 nbi
1541 3915 1605 3982 dicit]

328 4046 357 4095 p.
377 4030 438 4092 382,
458 4030 490 4077 21
579 4027 610 4076 ld
629 4025 697 4075 uerbi
716 4024 782 4075 sexti
805 4035 905 4074 sextum
998 3999 1126 4075 lt¹i¹ierbo
1196 4025 1229 4074 29
1247 4035 1336 4074 neutro
1355 4021 1472 4089 passius]
1498 4024 1528 4087 rs.
1546 4023 1602 4072 noa.

330 4095 722 4214 ssffgnffifflepndnoiaiioae
740 4095 831 4144 mittere
848 4093 884 4143 H.
903 4093 983 4144 Keilii
1051 4096 1082 4145 iil
1102 4089 1191 4158 Soleo]
1211 4093 1245 4156 rs.
1265 4091 1346 4143 Keilii
1363 4093 1450 4147 αιιιιει.
1468 4095 1516 4145 ιι.
1575 4090 1601 4138 ii

330 4280 557 4291 ...ι-ψ

398 4369 415 4420 d
433 4367 523 4419 illoesa
540 4366 636 4418 rodida
645 4365 786 4417 Bemeneir
801 4364 972 4432 fildlmarp.
982 4367 1046 4418 sin.:
1066 4363 1132 4415 llaec
1149 4363 1200 4415 duo
1221 4363 1297 4414 {rerba
1314 4379 1457 4414 consuesco
1474 4375 1497 4414 ει
1511 4362 1597 4426 qrrlesro

329 4435 401 4486 eliani
422 4437 548 4499 quidam
568 4449 617 4484 non
636 4450 694 4484 esse
710 4434 869 4493 inchoatiua,
892 4435 952 4497 qnia
975 4435 1136 4500 praeteritum
1159 4432 1253 4482 liabent
1273 4434 1397 4482 consueui
1416 4445 1441 4482 et
1456 4431 1545 4495 euicui,
1560 4429 1595 4477 sed

330 4520 419 4556 reuera
437 4505 500 4554 satis
518 4513 630 4569 possunt
646 4519 704 4552 esse
722 4502 880 4562 inchoaiiun,
900 4505 960 4565 quia
977 4503 1100 4552 consueui
1119 4511 1144 4550 et
1161 4501 1246 4564 quieui
1259 4515 1275 4548 e
1288 4501 1373 4550 uerbis
1384 4515 1493 4550 coneueo
1505 4499 1596 4560 esquier

331 4574 450 4634 ueniunt,
474 4585 540 4634 qirae
558 4571 635 4621 modo
655 4585 703 4621 non
722 4580 783 4621 erint
800 4571 825 4620 in
845 4587 907 4628 nsit,
931 4570 976 4620 sed
1000 4569 1049 4619 iilis
1071 4571 1103 4619 ab
1122 4585 1169 4618 nsn
1188 4568 1363 4618 recedentibus
1381 4583 1467 4618 eornm
1485 4566 1594 4634 praeterita

329 4644 355 4691 in
375 4657 423 4691 usu
441 4650 626 4690 remanserunt.
730 4640 762 4689 14
780 4638 871 4690 Gloria
888 4641 984 4690 codicis
1000 4636 1180 4700 Beroeaeus.
1200 4639 1246 4686 io·
1269 4652 1349 4702 scorp.
1373 4639 1457 4688 dexte
1489 4636 1562 4685 Geniis
1576 4645 1594 4679 rt

328 4707 484 4776 significatio
512 4707 577 4758 idern
600 4708 685 4757 estin
711 4708 795 4758 neruo.
831 4706 904 4756 llnnc
929 4707 1031 4758 modum
1058 4706 1246 4771 inporsoualem
1269 4705 1396 4766 quidam
1420 4701 1593 4771 granrmniici

329 4786 420 4843 putant
437 4791 496 4827 esso
515 4791 560 4842 per
577 4791 606 4824 se
623 4777 690 4825 sient
706 4777 819 4825 setinum
838 4787 863 4825 et
880 4777 1024 4840 pumicum,
1043 4785 1068 4824 et
1085 4773 1180 4836 quare?
1200 4772 1262 4832 Quia
1276 4787 1321 4840 per
1334 4787 1422 4822 omnes
1435 4771 1517 4822 modos
1533 4769 1593 4818 enini

328 4854 353 4900 et
369 4845 445 4895 hebet
462 4843 550 4894 terties
566 4857 701 4912 personas.
