3432 5444
503 371 553 424 DE
570 369 814 423 DISSONANTIA
832 367 1023 421 suuuouls.
1302 381 1411 430 CXXIX

120 575 149 635 p.
165 551 208 616 22
222 553 279 618 Ar.
303 555 418 636 (domus
435 577 450 618 a
465 559 603 638 proprios
625 565 674 620 aut
695 565 725 618 et
738 566 819 619 tores
833 591 876 600 -
891 564 974 618 tuum
991 561 1114 616 uocetur
1128 589 1171 598 ——
1186 563 1236 616 aut
1252 554 1289 616 ab
1312 553 1410 635 aliquo

119 661 341 738 -recipimus
358 693 395 702 -
412 661 567 720 ueniet-
588 659 689 740 hospis
712 677 767 720 nec
789 657 825 721 ab
849 661 926 720 inter
948 659 1094 737 hospitem
1118 667 1235 736 captum
1259 656 1409 735 manarum)

204 776 224 838 i.
244 773 325 839 139³
340 776 396 838 col.
415 777 431 839 1
447 778 528 840 luter
542 777 641 856 eloqui
654 813 692 824 -
707 778 901 840 obtrectantis
916 785 962 837 est
975 805 1017 828 =
1032 775 1067 837 ls.
1081 795 1110 856 p.
1124 773 1194 845 142,
1209 773 1262 846 16;
1285 795 1314 856 p.
1327 775 1349 838 4
1360 780 1410 838 dr.

205 880 226 941 1.
245 875 395 941 1592001.
413 879 430 940 1
450 879 599 942 Exultatio
622 880 783 942 uerborum
806 888 894 960 atque
916 878 1117 940 membrorum
1141 887 1186 938 est
1208 878 1315 940 laetitia
1339 898 1411 941 uero

119 989 163 1041 est
186 982 294 1042 mentis
316 980 465 1060 gaudium.
503 981 649 1044 Exultatio
670 980 874 1044 aiubiluiona
895 1017 939 1028 -
961 980 1095 1042 iubilatio
1111 988 1156 1042 est
1176 1009 1218 1032 =
1239 980 1276 1042 ls.
1293 1000 1322 1061 p.
1340 977 1410 1050 760,

116 1079 196 1150 329;
218 1101 248 1162 p.
272 1079 314 1144 43
335 1085 385 1144 dr.
410 1081 516 1161 (diffusi
538 1084 677 1146 laetitiam
701 1085 836 1146 inuocem
859 1083 995 1164 quadam)
1415 1163 1421 1172 ¹

204 1185 291 1245 Idem
317 1190 354 1247 de
380 1187 496 1248 dualem
522 1203 640 1263 quoque
665 1189 754 1262 loeis,
785 1187 889 1263 quidm
916 1185 966 1247 ‘de
985 1187 1104 1262 plessis'
1132 1189 1250 1262 sipuum
1272 1185 1410 1247 additum

117 1296 172 1360 est,
196 1295 366 1349 statuamus
387 1295 518 1364 opertet:

204 1388 226 1450 1.
252 1386 316 1450 53¹2
345 1389 400 1450 col.
432 1390 448 1450 l
485 1389 603 1450 Basium
633 1391 711 1468 quod
741 1392 826 1452 uxori
854 1390 951 1452 datur.
992 1408 1060 1452 nam
1089 1391 1226 1452 distantia
1254 1389 1328 1451 haec
1355 1401 1409 1452 est.

117 1490 213 1551 rrerlra
235 1491 260 1552 si
281 1489 329 1552 uel
352 1493 438 1552 uxori
460 1494 528 1568 (lep.
550 1500 584 1553 ut
603 1489 719 1553 basium
735 1494 829 1572 uxorii
854 1492 988 1554 osculum
1010 1493 1078 1554 liliis
1101 1493 1235 1554 snauium
1259 1475 1358 1554 scorto
1374 1495 1411 1553 sit

116 1594 292 1672 deputatum
315 1621 357 1644 =
378 1592 416 1655 ls.
440 1613 470 1674 p.
493 1589 564 1662 165,
587 1589 665 1662 398;
688 1611 716 1672 p.
741 1592 781 1655 51
805 1597 853 1655 Ar.

203 1695 225 1756 i.
250 1691 329 1757 139⁸
352 1696 407 1758 eci.
430 1693 452 1757 2
475 1702 532 1754 em
558 1703 702 1754 ererotm
728 1703 812 1754 cum
836 1701 1031 1778 trocaepas·
1057 1703 1110 1754 ero
1132 1683 1408 1755 coerceremus

112 1825 158 1848 =
180 1797 220 1858 ls.
245 1814 274 1876 p.
298 1794 369 1866 752,
392 1793 469 1865 204;
496 1816 525 1876 p.
547 1793 588 1859 21
611 1800 660 1861 dr.

201 1901 296 1962 Heme
314 1903 408 1976 iqitur
428 1899 671 1976 differentiarum
693 1905 725 1962 iu
744 1903 896 1977 plossario
911 1902 1062 1962 Berneusi
1080 1903 1280 1978 similibusque
1296 1919 1410 1980 propo·

114 2006 246 2064 sitarum
265 2002 383 2076 sontem
406 2009 495 2078 atque
515 2005 663 2077 oripiuem
679 2011 841 2081 postquam
863 2007 984 2081 aperui,
1007 2005 1093 2065 haud
1113 2005 1278 2074 dubitabis,
1301 2008 1329 2065 st

202 2103 224 2163 i.
249 2099 331 2165 128·
360 2099 459 2164 col.2
489 2101 597 2164 Dierna
628 2104 743 2166 diutina
772 2113 800 2166 et
829 2105 970 2167 diuturna
997 2107 1037 2168 ita
1067 2105 1274 2184 distinguitur:
1304 2106 1411 2167 diurna

114 2206 233 2268 adiecta
251 2213 325 2294 sunt
347 2212 379 2266 ut
401 2204 508 2267 diurna
532 2222 661 2277 merces,
690 2205 804 2268 diutina
821 2206 870 2282 ‚ab
893 2226 928 2268 eo
950 2205 1029 2286 quod
1052 2215 1098 2269 est
1118 2226 1147 2287 q;
1171 2207 1221 2270 diu
1244 2207 1409 2280 durauerit,

115 2309 239 2370 ditnrna
262 2326 335 2368 uero
358 2325 375 2368 a
398 2310 596 2387 perpetuitate
619 2307 696 2369 dicta
718 2310 800 2388 quasi
823 2316 944 2369 aeterna

201 2419 304 2472 uotam
328 2391 693 2488 CIOEFpraeseriptum
713 2411 842 2485 uideris,
867 2414 938 2487 quiu
959 2411 994 2472 ta
1017 2414 1136 2486 stpnum
1158 2429 1178 2472 a
1197 2415 1343 2486 plasserii
1363 2415 1412 2474 uel

115 2521 245 2576 auctore
265 2514 315 2573 uei
335 2513 464 2574 librario
487 2545 525 2556 -
549 2528 619 2573 uam
641 2514 868 2592 opoqrapuum,
897 2529 956 2573 uon
979 2515 1176 2591 aredetqpum
1198 2532 1252 2574 uos
1273 2515 1411 2575 munibus

115 2625 220 2676 tenere
241 2617 361 2688 infinita
378 2617 576 2692 pessimorum
598 2615 751 2676 sarciendi
770 2617 912 2676 uitiorum
934 2618 1092 2677 multitudo
1114 2619 1300 2677 demonstrat
1322 2623 1428 2692 atque,

115 2719 289 2795 conprobat
309 2750 354 2762 —-
369 2732 535 2794 perperam
552 2719 685 2793 positum
706 2720 754 2777 sit.
799 2718 880 2778 Oaue
902 2720 997 2792 tqttur
1010 2721 1188 2798 committas,
1211 2726 1244 2778 ut
1259 2720 1302 2779 ed
1314 2721 1410 2795 apuam

115 2821 196 2884 titud
215 2821 273 2882 troc
294 2818 491 2892 referendum
513 2835 575 2879 esse
590 2829 695 2895 putes,
725 2821 808 2895 quod
833 2821 864 2879 iu
892 2821 995 2881 codiee
1018 2821 1168 2881 Berueusi
1190 2827 1245 2880 178
1266 2822 1410 2898 differen-

115 2926 230 2982 tiaram
248 2920 387 2996 sarrano
410 2919 609 2982 Ciceronis
631 2937 737 2982 nomeu
756 2937 836 2997 prae
857 2939 889 2981 se
906 2921 984 2995 fert.
1023 2923 1230 3000 Quaecumque
1249 2925 1327 2983 euim
1342 2923 1414 2983 iibri

115 3021 286 3084 Beruenses
310 3024 431 3097 ptossue
459 3023 612 3083 Ciceronis
639 3039 746 3084 uonaeu
772 3031 893 3098 pectant
920 3026 951 3084 tu
976 3023 1081 3096 fronte
1097 3027 1340 3101 praescriptum,
1370 3025 1412 3084 cui

114 3141 284 3204 synonyma
304 3127 379 3200 eius,
402 3140 481 3200 quae
496 3123 654 3197 feremur,
675 3127 827 3201 perticere
849 3126 1035 3186 uerissimum
1058 3134 1109 3186 est.

205 3309 317 3384 Quoius
338 3309 488 3388 expositis
510 3327 660 3387 perquam
686 3309 796 3374 mirum
824 3319 880 3382 est,
911 3315 1026 3390 aliquot
1053 3311 1136 3374 nodis
1162 3329 1202 3373 eu
1224 3316 1280 3375 isto
1299 3327 1412 3389 genere

113 3417 234 3491 plastas
255 3430 426 3488 occurrere,
452 3429 530 3489 quae
551 3417 637 3490 apud
656 3414 807 3475 Isidorum
829 3431 889 3475 nou
911 3423 1032 3476 autaut:

206 3515 226 3577 1.
251 3513 310 3578 10“
333 3513 388 3576 col.
411 3511 705 3576 instrueremus.
743 3514 943 3578 Admonemus
966 3535 1120 3579 monemus
1143 3525 1174 3580 et
1188 3535 1412 3583 commonemus

114 3621 176 3681 hoc
197 3620 274 3680 inter
296 3637 330 3680 se
352 3617 461 3679 differt.
496 3633 699 3692 ammonemus
722 3619 907 3698 praeseutia,
931 3637 1085 3681 monemus
1107 3618 1219 3690 lutura,
1243 3637 1410 3682 commoue-

115 3739 186 3782 mus
207 3722 380 3802 praeterita.

204 3823 285 3884 liam
308 3839 387 3900 quae
408 3823 495 3900 apati
515 3823 665 3884 Isidorum
684 3839 717 3898 p.
743 3829 810 3898 763,
835 3831 910 3892 tam
938 3843 970 3901 p.
997 3831 1036 3884 47
1057 3825 1111 3885 Ar.
1134 3826 1284 3901 tepenter,
1308 3825 1411 3886 eedem

114 3931 148 3988 iu
162 3927 316 4002 plessai-to
334 3927 503 4003 praemissu
519 3904 593 3982 εειδ
609 3932 681 3985 uota
696 3923 798 3986 statim
813 3931 964 3986 secuntur.
1003 3927 1064 3986 Itta
1079 3943 1154 3988 uero
1170 3929 1277 3989 ordine
1290 3930 1411 3989 inuersa

114 4031 210 4090 uades
231 4029 317 4106 apud
340 4025 558 4099 Gotdosredum
574 4044 608 4102 p.
634 4033 670 4085 97
692 4026 755 4100 (ur.
782 4034 835 4086 113
855 4029 1006 4103 Armet).

202 4131 226 4191 l.
245 4127 308 4192 40²
330 4127 387 4190 col.
411 4128 427 4189 1
451 4127 493 4189 Ex
517 4127 642 4188 diliereir
660 4145 842 4190 sermonum.
879 4130 1059 4207 Argumenta
1076 4129 1229 4211 (armenta)
1252 4138 1282 4192 et
1303 4147 1409 4210 greges

115 4235 176 4294 hoa
198 4234 277 4293 inter
298 4248 331 4292 se
354 4229 505 4306 aruerunt,
528 4229 606 4309 quod
629 4237 761 4292 armenta
777 4249 939 4312 aequorum
955 4240 985 4293 et.
1007 4231 1097 4294 bourn
1111 4239 1189 4303 sunt,
1213 4249 1319 4311 greges
1335 4251 1408 4294 uero

114 4334 298 4414 capellarum
321 4341 352 4394 et
374 4328 475 4393 ardum
498 4333 629 4406 (Eadem
650 4351 691 4394 ex
712 4335 958 4409 differentiarum
979 4333 1086 4397 codiee
1106 4335 1253 4397 Vaticano
1270 4342 1329 4395 024
1351 4353 1409 4397 ex-

112 4439 231 4514 cerpsit
257 4437 406 4497 Arenatets
428 4435 502 4496 Isid.
526 4451 596 4512 opp.
629 4435 690 4495 VII
709 4452 782 4512 app.
809 4442 845 4495 23
860 4455 896 4513 p.
922 4443 984 4495 442
1004 4438 1106 4515 adn.).

203 4537 225 4602 1.
247 4533 308 4600 97³
330 4535 387 4598 col.
403 4534 423 4597 2
445 4537 487 4597 Ex
502 4516 699 4600 diffsermor‘r.
725 4537 880 4598 Contestor
895 4545 924 4598 et
938 4537 1072 4600 obtestor
1086 4540 1143 4602 hoc
1158 4542 1235 4602 inter
1251 4559 1282 4601 se
1297 4539 1408 4600 dillert:

114 4647 268 4703 contestor
290 4639 326 4704 ad
349 4639 465 4702 iudices
487 4637 619 4699 obtestor
641 4637 676 4699 ad
700 4638 895 4700 aduersarios.

202 4742 224 4803 1.
243 4740 323 4805 11111
347 4741 432 4805 coli
461 4743 540 4815 (sine
561 4744 648 4816 nota)
677 4739 795 4801 Delerot
816 4748 846 4802 et
868 4739 973 4803 delirat
996 4745 1035 4805 ita
1059 4743 1264 4825 distinguitur:
1296 4743 1412 4806 deleret

115 4851 234 4908 terreat
253 4844 361 4906 delirat
383 4861 492 4905 uanum
515 4861 581 4904 esse
603 4842 757 4920 significat.

194 4962 292 5004 ann.
304 4971 359 5004 ur.
374 4961 456 5004 Burro·
1198 4951 1208 4998 i
