3386 5442
427 395 617 448 AVCTORES
638 348 869 450 thonitruus
888 395 1057 450 LITTERIS
1076 395 1106 450 O.
1350 394 1411 460 307

207 587 250 647 ll.¹
273 586 403 649 Ecclesia
424 604 505 649 nunc
525 604 579 667 per
598 586 852 667 contemplationis
867 588 957 648 uitam
973 585 1113 648 caelestia
1128 585 1318 669 amplectitur
1333 604 1413 647 nunc

124 707 177 767 per
199 687 344 750 actualem
366 689 559 751 terrestribus
581 696 754 770 occupatur.

207 791 238 852 S.
269 790 332 852 Vita
354 797 522 853 sanctorum
544 791 674 870 undique
696 790 822 872 prouida
843 793 900 853 isto
922 791 1071 868 designari
1092 791 1210 853 uidetur
1229 793 1412 853 charactere.

207 892 242 954 Τ.
273 893 414 955 Extensio
437 891 629 955 brachiorum
658 891 766 955 Christi
793 899 886 954 tolum
910 894 945 954 ad
968 913 1001 956 se
1023 892 1135 972 colligit
1156 892 1259 954 orbem
1282 893 1346 973 ipso
1369 893 1413 954 di-

99 1001 225 1056 scente:
256 993 336 1057 ‘cum
360 995 504 1057 exaltatus
526 995 611 1057 luero
633 1014 650 1056 a
673 1003 766 1066 terra.
798 997 894 1058 omnia
922 996 1038 1058 traham
1066 995 1101 1056 ad
1125 1013 1174 1056 me
1195 997 1316 1074 ipsum',
1342 993 1412 1056 hor·

123 1105 200 1167 tatu,
230 1113 288 1174 quo
317 1098 405 1159 dicit:
434 1098 550 1158 ‘uenite
577 1097 613 1157 ad
641 1115 689 1158 me
719 1116 823 1160 omnes
851 1100 901 1176 qui
928 1097 1069 1160 laboratis
1096 1105 1125 1158 ct
1147 1098 1263 1160 onerati
1291 1098 1363 1159 estis
1386 1105 1416 1157 et

123 1215 179 1278 ego
202 1218 256 1261 uos
277 1201 431 1261 reliciam’.
1058 1247 1061 1254 .

206 1301 241 1362 V.
271 1302 366 1374 Quam
388 1300 445 1363 lata
469 1308 500 1362 et
520 1301 647 1381 spatiosa
670 1301 730 1362 uita
760 1309 819 1372 est,
848 1319 923 1382 quae
952 1301 1033 1363 ducit
1061 1303 1098 1364 ad
1127 1310 1252 1363 mortem
1275 1310 1305 1362 et
1326 1320 1415 1381 quam

122 1411 185 1464 arta
214 1412 244 1466 et
271 1410 394 1483 angusta
423 1406 472 1464 uia
499 1411 557 1474 est,
592 1422 667 1483 quae
695 1403 777 1464 ducit
804 1402 841 1463 ad
870 1404 975 1475 uimm,
1010 1405 1148 1482 quocirca
1182 1405 1353 1483 prosperior
1380 1422 1415 1464 ea

92 1522 114 1560 ro
128 1507 270 1576 noscitur,
295 1523 368 1584 quae
391 1514 507 1568 constat
528 1524 593 1567 esse
615 1505 764 1568 dexterior
787 1506 843 1567 hac
864 1507 895 1566 in
917 1508 1101 1586 figuratione.

208 1607 243 1668 x.
275 1608 353 1669 Crux
376 1609 539 1670 Christian
562 1625 664 1671 omnes
686 1608 790 1668 mundi
812 1607 1000 1688 protenditur
1021 1615 1122 1688 partes
1145 1615 1175 1670 et
1196 1607 1335 1669 subdito.
1354 1655 1360 1668 .
1381 1654 1409 1668 ..

128 1756 306 1772 .........
309 1731 327 1772 ¹.
345 1709 413 1772 idus
436 1709 507 1771 lieo.

206 1811 238 1872 Y.
270 1812 507 1873 Fundamentum
529 1811 608 1875 aliud
629 1832 717 1875 nemo
739 1821 836 1894 potest
858 1831 980 1893 ponere,
1003 1831 1094 1890 quom
1115 1813 1192 1894 quod
1216 1814 1342 1893 positum
1360 1819 1414 1883 est,

123 1913 202 1991 quod
226 1920 270 1975 eet
293 1903 428 1975 Christus
451 1913 542 1976 lesus.
588 1914 651 1976 Hoc
674 1933 815 1996 namque,
846 1922 878 1976 ut
900 1917 940 1977 ait
967 1913 1173 1996 apostolus,
1203 1915 1415 1996 prophetarum

87 2022 154 2076 raet
189 2015 392 2095 apostolorum
420 2024 465 2078 est
492 2015 728 2089 tundamentum,
763 2020 792 2078 in
822 2036 881 2098 quo
911 2020 1006 2080 omnis
1039 2017 1200 2080 aedificatio
1234 2019 1415 2080 constructio

123 2120 232 2179 crescit
255 2119 284 2179 in
307 2119 452 2198 templum
475 2127 610 2180 sanctum
632 2121 663 2181 in
688 2119 821 2181 Domino.

210 2220 240 2280 Z.
271 2219 329 2280 l‘er
349 2222 582 2283 incarnationem
605 2221 712 2284 Christi
742 2223 893 2284 terrestria
921 2221 1098 2284 caelestibus
1120 2224 1227 2284 sociata
1251 2222 1342 2284 luisse
1365 2241 1415 2283 ne-

124 2324 199 2384 mini
222 2319 354 2384 lidelium
378 2321 513 2384 dubitare
537 2322 645 2412 licebit.

756 2848 873 2925 0..

169 3003 280 3065 Omnes
303 3023 377 3065 uero
399 3005 515 3066 litterae
538 3004 574 3065 orl
596 3003 819 3064 similitudinem
844 3005 923 3064 uocis
940 3003 1126 3065 characteras
1141 3012 1330 3081 acceperunt.

85 3128 111 3164 ro
211 3107 235 3166 Α
257 3112 361 3186 aperto
383 3123 435 3166 ore
457 3123 589 3186 congruo
611 3104 674 3168 solo
696 3107 801 3186 spiritu
823 3114 1014 3168 memoratur.

214 3205 235 3265 B
258 3206 350 3269 labris
372 3227 425 3288 per
447 3209 585 3290 spiritum
608 3209 719 3289 impetu
742 3207 864 3269 reclusis
886 3208 1041 3269 edicimus.

212 3309 234 3370 C
257 3308 417 3372 molaribus
440 3330 530 3390 super
551 3310 671 3388 linguae
693 3319 823 3372 extrema
847 3309 978 3391 appulsis
1000 3311 1184 3390 exprimitur.

211 3409 236 3471 D
258 3412 385 3491 appulsu
406 3411 524 3491 linguae
546 3414 624 3474 circa
646 3415 816 3493 superiores
838 3412 943 3474 dentes
964 3413 1135 3492 innascitur.

211 3511 235 3572 E
256 3514 360 3593 spiritu
383 3514 454 3576 lacit
475 3513 575 3594 lingua
593 3512 604 3596 ΙΙ
620 3514 639 3575 l.
658 3512 734 3576 109⁵
751 3513 762 3598 ΙΙ
778 3514 930 3596 paululum
953 3515 1112 3595 pressiore.

213 3612 235 3673 F
258 3613 361 3676 dentes
382 3614 498 3677 labrum
521 3617 646 3677 interius
668 3617 876 3696 deprimentes.

213 3717 235 3778 G
259 3718 394 3797 spiritum
417 3736 484 3779 cunr
507 3719 614 3799 palato.

213 3819 238 3880 ll
261 3821 393 3882 conrasis
415 3819 566 3900 paululum
589 3819 721 3882 lancibus
744 3820 943 3901 †·uentribus
966 3819 1090 3882 onlralat.

218 3921 230 3981 l
259 3922 379 3999 spiritus
402 3940 494 4002 prope
517 3922 656 3984 dentibus
680 3941 810 4003 pressus.

213 4022 397 4084 lllaucibus
419 4023 516 4100 palato
539 4026 691 4090 formatur.

84 4149 111 4188 eo
213 4124 237 4185 L
258 4123 359 4204 lingua
382 4143 457 4206 quae
479 4125 577 4207 palato
600 4127 621 4207 †
644 4126 752 4189 dulcet.

195 4349 356 4398 3caractere
424 4348 541 4397 bortatn
627 4347 777 4397 dhonorati
862 4349 1030 4414 tiproperior
1116 4349 1146 4398 11
1166 4346 1236 4400 Crux
1258 4386 1366 4402 .......
1372 4365 1417 4401 nes

125 4415 216 4466 mundi
286 4417 318 4466 13
336 4429 411 4477 quam
431 4417 503 4465 docet
572 4417 603 4466 15
621 4415 746 4465 edificatio

198 4483 263 4533 God.
280 4482 362 4537 Bern.
382 4485 432 4532 417
449 4499 517 4534 auec.
536 4484 617 4548 IXs.
637 4483 811 4547 lov-109¹,
829 4487 969 4549 praemaaao
988 4487 1073 4535 macto:
1097 4483 1176 4534 lTllhl
1195 4484 1238 4534 Du
1257 4483 1416 4535 LITTERIS.

125 4551 204 4602 Inter
222 4551 286 4600 hunc
304 4557 439 4602 mactatum
457 4559 482 4602 et
499 4554 574 4615 illum,
636 4569 658 4602 m
675 4568 711 4603 em
728 4554 777 4604 isto
795 4555 882 4605 codice
904 4569 985 4618 supra
1001 4553 1078 4615 edidi,
1097 4556 1195 4603 ineerta
1212 4561 1252 4604 eat
1268 4554 1353 4604 meula
1370 4570 1417 4604 cae·

123 4619 220 4684 positio
239 4620 272 4670 de
288 4621 394 4670 litteris:
428 4618 472 4668 DE
490 4618 585 4668 Liris
611 4619 640 4669 lS
658 4619 862 4671 EXGERPTVM
884 4623 1009 4686 incipiens
1026 4621 1059 4671 ob
1076 4621 1116 4672 tte
1132 4621 1230 4672 uerbis:
1266 4621 1360 4672 Littera
1379 4630 1418 4672 est

125 4703 190 4754 pars
207 4688 314 4736 minima
331 4689 403 4738 uocis
421 4687 576 4739 articulatae.
612 4687 763 4739 Litterarum
785 4689 850 4739 aliae
871 4701 931 4740 sunt
952 4689 1068 4748 uocales,
1090 4689 1155 4739 aliae
1172 4700 1344 4740 consonantes
1361 4699 1418 4750 eto,

124 4771 193 4822 quae
211 4762 266 4806 toto
283 4763 383 4807 constat
401 4756 570 4819 cosmendin
588 4757 728 4822 Donatr'p.
748 4760 979 4823 dim-md.
1050 4759 1240 4808 saceraotem
1309 4761 1344 4810 20
1361 4755 1419 4825 spn‘r

124 4825 160 4874 21
179 4823 316 4874 reclusisse
333 4824 440 4874 dicimus
509 4826 542 4874 22
560 4823 657 4890 apuleis
710 4827 743 4876 23
760 4825 853 4892 repulsu
909 4827 943 4876 24
960 4827 1066 4891 spiritus
1118 4829 1260 4894 pressiores
1328 4829 1362 4879 25
1379 4830 1419 4876 in-

124 4891 235 4942 serimus
303 4893 336 4942 27
355 4891 439 4942 exalat
506 4893 539 4942 28
556 4893 675 4942 dentibus
694 4895 775 4960 presit
843 4896 876 4945 30
892 4893 980 4961 lingna
999 4911 1023 4958 q;
1042 4894 1127 4961 palato
1146 4897 1229 4946 dulcet

1158 4979 1213 5034 20*
