3432 5444
334 365 452 415 CXXKX
604 413 611 432 ι
659 367 662 374 ’
775 346 966 400 Avcrosus
984 345 1150 398 Adourlss

418 537 601 602 Rernaculus
623 537 790 616 domigena.
822 537 941 598 ‘Berua’
966 537 1164 614 compositum
1189 553 1296 596 nomen
1320 530 1484 594 secundum
1507 533 1629 596 Casio·

334 641 475 704 dorum:
510 639 588 702 bab
612 658 662 711 eo,
696 638 774 720 quod
797 646 842 700 est
864 637 1006 708 ‘bonus’,
1037 655 1069 698 er
1092 636 1129 699 ab
1152 655 1187 700 eo
1209 638 1289 718 quod
1313 643 1357 701 est
1379 632 1629 732 ‘bereditarium

334 764 370 806 na
394 744 430 805 ab
454 763 489 805 eo
512 742 590 824 quod
613 749 659 804 est
681 743 804 804 ‘natus’
826 742 846 800 i·
869 739 964 801 bonus
987 738 1187 803 hereditarius
1215 747 1300 805 natus
1328 754 1418 826 atque
1440 737 1507 803 ideo
1531 749 1629 824 perh

334 845 476 908 scribitur
498 879 538 889 —-

377 949 422 1022 cf.
445 949 616 1010 dorstadae.
635 964 670 1024 p.
696 951 768 1006 2299
790 947 843 1008 P.:
880 945 950 1008 ‘llis
971 947 1012 1006 ita
1034 963 1068 1006 se
1090 943 1269 1011 habentibus
1290 969 1448 1031 possumus
1471 955 1557 1016 etiam
1582 957 1629 1016 in·

335 1049 476 1129 tellegere
497 1047 622 1112 bernam
644 1047 754 1110 dictum
776 1066 841 1108 esse
871 1065 955 1118 eum,
983 1047 1032 1127 qui
1063 1049 1094 1108 in
1123 1046 1210 1110 bouis
1236 1050 1427 1117 hereditariis
1455 1065 1541 1117 natus
1568 1065 1627 1117 est:

337 1151 413 1214 baua
436 1169 509 1214 uero
532 1169 585 1231 ρετ
609 1150 628 1212 b
650 1151 779 1212 litteram
802 1149 894 1210 scribi
916 1148 1085 1230 supradicta
1108 1151 1184 1212 ratio
1207 1151 1413 1218 demonstrat’.

419 1255 567 1328 .4ccedit‚·
589 1253 671 1329 quod
691 1253 821 1314 eiusdem
847 1252 921 1312 libri
940 1268 993 1313 ms.
1013 1250 1042 1324 s.
1067 1250 1140 1312 128⁵
1161 1257 1220 1316 col.
1244 1262 1262 1315 2
1288 1260 1321 1318 t'a
1348 1262 1498 1334 ploesota'o
1526 1264 1630 1337 aliquo

334 1360 563 1435 scriptumest:
586 1355 697 1416 ‘Baiae’
721 1371 787 1414 cum
810 1371 845 1414 ae
867 1354 1001 1415 ciuitates
1023 1355 1054 1415 iu
1077 1354 1234 1435 Campania
1257 1355 1421 1426 balneatao.
1434 1361 1460 1442 ⁸)

419 1461 587 1520 Praeterea
608 1459 639 1518 ἐτι
662 1459 729 1519 cod.
757 1455 848 1516 Rea.
873 1457 900 1516 A
922 1461 967 1524 92,
992 1462 1031 1515 34
1047 1464 1117 1532 ροει
1139 1459 1336 1535 differentias
1356 1465 1462 1525 babes:

419 1557 484 1640 p.3
507 1558 727 1622 Nummularius
748 1574 804 1638 per
826 1556 885 1618 duo
907 1575 936 1618 m
959 1555 1081 1634 largitor
1103 1575 1301 1622 nummorum.

508 1661 713 1741 Nummisrisa
735 1679 790 1742 per
812 1658 871 1720 duo
892 1677 921 1720 m
945 1661 1057 1722 nummi
1079 1677 1229 1738 percussa.

296 1827 301 1840 p
418 1785 448 1845 p.
463 1763 486 1826 t
505 1764 630 1826 Periuro
654 1762 779 1825 uerbum
795 1779 884 1822 rnen
907 1759 997 1823 debet
1011 1760 1137 1823 babere:
1161 1772 1206 1824 est
1221 1767 1301 1825 enim
1322 1768 1407 1845 quasi
1423 1768 1520 1847 ‘peius
1536 1773 1628 1831 iuro’.

417 1869 456 1930 Io
478 1865 547 1945 ipso
568 1867 674 1929 codiee
694 1866 789 1927 Bere.
811 1871 845 1924 16
867 1865 952 1925 oolla
974 1870 1046 1925 nota
1063 1868 1233 1941 praemissa
1255 1869 1630 1946 baeclepttnturf.117⁶
1710 1929 1711 1942 ,

333 1974 392 2032 eol.
415 1972 449 2032 1:

418 2060 584 2135 [destrictus
607 2073 712 2134 sinen
734 2069 908 2141 scribimus,
937 2086 996 2131 non
1025 2068 1214 2132 destrinctus.
1260 2069 1312 2132 Est
1339 2079 1438 2134 autem
1467 2072 1631 2138 destrictus
1710 2059 1711 2068 ἵ

334 2183 463 2238 attentus
485 2173 534 2235 uel
557 2191 681 2236 seuerus
703 2191 737 2234 ac
760 2191 818 2234 non
842 2172 956 2234 solutus
978 2170 1114 2252 (eoluttis)
1139 2179 1170 2232 et
1190 2170 1276 2234 lenis.
1320 2174 1477 2255 Destringo
1500 2177 1630 2240 uerbum

334 2287 379 2340 est
408 2279 551 2348 actiuum,
581 2276 769 2357 participium
797 2277 867 2338 lacit
894 2275 1085 2352 destringens
1112 2273 1325 2346 destricturus,
1353 2294 1370 2337 a
1398 2279 1518 2357 passiue
1542 2277 1628 2358 (ibo)

335 2379 493 2442 destrictus
515 2377 745 2459 destringendus
768 2373 1084 2465 (destrinnglgendus).

419 2484 495 2545 Item
513 2484 685 2559 ρταεεείτεα
707 2482 763 2542 ‘de
781 2481 890 2556 alosis’
915 2485 988 2540 note

419 2585 438 2646 l.
463 2581 505 2646 8i
529 2584 587 2646 col.
610 2583 650 2645 ll:
695 2582 815 2645 ddlcrte
837 2599 892 2661 per
914 2600 930 2642 a
953 2587 984 2642 et
1005 2579 1023 2640 d
1047 2580 1238 2642 scribendum

419 2688 438 2747 l.
464 2682 524 2747 11b
546 2687 602 2748 col.
625 2685 654 2747 l:
691 2683 812 2746 ddescit
832 2701 887 2763 per
909 2683 927 2744 d
951 2681 1153 2744 scribendum.

418 2791 438 2850 l.
464 2785 524 2850 12b
547 2788 602 2850 col.
626 2787 654 2849 l:
691 2785 795 2848 tottue
817 2804 884 2848 cum
907 2785 926 2846 b
950 2785 1152 2851 scribendum.

418 2893 439 2953 l.
461 2887 523 2953 49¹³
545 2891 601 2953 col.
624 2889 665 2952 ll:
688 2890 785 2951 lusus
806 2907 861 2968 per
882 2887 1022 2968 diptonga
1044 2885 1245 2949 scribendum.

418 2995 439 3056 i.
463 2991 524 3055 61³
546 2992 601 3054 col.
625 2991 652 3054 l:
687 2991 794 3054 Caelus
815 2989 893 3052 idest
907 2989 1064 3052 multitudo
1080 3008 1133 3070 per
1149 2989 1296 3071 dyptonga
1320 2989 1512 3074 scribendum
1535 2993 1629 3078 (idem

333 3103 419 3158 extat
437 3097 466 3170 s.
484 3094 538 3157 70⁶
552 3099 608 3158 col.
624 3095 658 3156 1.·
681 3093 805 3157 Esidorl.
823 3092 932 3154 Coetus
942 3092 1019 3154 idest
1030 3092 1187 3154 multitudo
1196 3113 1251 3175 pro
1262 3095 1403 3175 diptonga
1415 3094 1626 3176 scribendum).

417 3198 438 3260 i.
463 3193 582 3259 72001.
606 3197 633 3258 l:
679 3193 795 3258 Celibes
822 3212 876 3276 per
905 3195 1061 3256 scribimus
1095 3196 1137 3256 sic
1165 3195 1213 3258 bic
1236 3195 1473 3258 celebs·celibis
1501 3198 1559 3260 celi
1588 3199 1628 3260 bii

334 3299 447 3363 celibes
468 3300 638 3361 accusatiuo
661 3295 772 3360 celibes
800 3293 817 3357 ε’
847 3295 959 3360 celibes
988 3306 1049 3359 tres
1083 3296 1197 3359 scilicet
1224 3301 1255 3359 ln
1285 3317 1408 3360 numero
1435 3299 1548 3379 plurali
1575 3301 1629 3362 etsi

334 3400 518 3482 etiimologia
546 3400 647 3464 celebs
674 3400 785 3462 dicitur
811 3403 897 3480 quasi
926 3397 990 3460 celo
1017 3399 1130 3460 beatus.
1175 3398 1292 3462 Celibes
1320 3401 1458 3481 quisine
1488 3404 1629 3482 coniugio

335 3508 453 3570 uiuunt.
497 3502 589 3584 Celibl
611 3521 678 3564 oum
700 3521 717 3563 a
739 3501 832 3563 scribi
854 3509 979 3582 oportet.

419 3608 440 3668 l.
464 3603 526 3669 75¹³
550 3604 606 3666 col.
629 3605 656 3666 l:
680 3604 843 3666 Cernerum
867 3623 921 3684 per
943 3603 962 3665 b
985 3605 1099 3666 inueni.

419 3711 440 3770 l.
464 3705 521 3770 76·
543 3707 597 3768 col.
621 3705 662 3767 ll:
688 3706 807 3784 Cepites
830 3705 897 3784 (lep.
921 3705 1060 3786 cespites)
1089 3707 1214 3768 frutices
1236 3715 1266 3768 ει
1288 3707 1447 3770 scribimus
1475 3705 1631 3788 diptonga.

418 3811 439 3871 l.
465 3805 543 3871 120·
565 3807 621 3871 cel.
644 3808 672 3869 l:
694 3807 793 3869 Didici
816 3825 831 3868 a
855 3807 997 3870 discendo
1018 3825 1074 3888 per
1097 3811 1117 3870 i.

419 3914 440 3974 l.
464 3909 542 3974 153·
564 3911 621 3974 col.
645 3901 683 3971 1:'
697 3910 857 3991 Exemptus
878 3928 934 3989 per
957 3929 986 3972 m
1009 3919 1080 3989 etp
1104 3909 1304 3974 scribendum.

334 4065 561 4078 -—-——-

403 4165 429 4230 *l
448 4169 477 4217 In
494 4167 571 4218 lanius
589 4167 685 4218 codicis
703 4167 852 4234 glossariis,
875 4181 941 4230 quae
959 4166 1027 4217 baud
1050 4167 1124 4234 parui
1146 4167 1292 4229 ceteroquin
1317 4166 1437 4215 momenti
1460 4164 1554 4226 iacias,
1579 4167 1632 4218 lere

334 4236 404 4288 nulla
422 4237 507 4286 inueni
525 4235 644 4286 lemmata
661 4236 694 4287 ad
712 4236 903 4301 grammaticam
921 4235 1005 4300 ipsam
1018 4235 1185 4300 pertinentia;
1204 4249 1262 4283 nom
1275 4245 1374 4300 praeter
1387 4245 1524 4300 praecepta
1543 4235 1633 4286 ortluc-

254 4359 258 4366 ,
334 4305 471 4372 graphica,
490 4320 556 4368 quae
574 4320 653 4372 supra
690 4303 804 4369 reposui,
824 4317 875 4352 non
894 4303 944 4353 nisi
961 4302 1023 4353 hoec
1041 4303 1128 4356 insunt
1145 4302 1303 4369 grammatici
1315 4303 1409 4352 coloris
1428 4302 1445 4356 l.
1460 4301 1528 4354 ll'li
1546 4303 1594 4353 col.
1606 4305 1631 4354 1:

335 4375 393 4426 dra.
413 4374 587 4438 grammatice.
603 4371 607 4437 Ι
623 4320 735 4424 Elegea.
752 4372 832 4422 barrit
845 4368 850 4430 Ι
866 4370 917 4421 Leo
932 4371 1000 4436 rugit
1013 4370 1019 4432 1
1034 4381 1122 4422 murus
1140 4372 1223 4438 mugit
1237 4369 1242 4434 Ι
1257 4384 1335 4437 capra
1352 4371 1437 4419 micuit
1451 4367 1456 4435 Ι
1472 4371 1529 4420 ouis
1542 4369 1630 4434 balatl

335 4456 411 4491 anser
427 4439 523 4505 glancit
545 4437 551 4506 Ι
574 4440 669 4508 gallina
687 4440 786 4506 glaccit.
811 4437 816 4504 Ι
839 4439 981 4489 Amoenum
1004 4439 1085 4490 lertile
1101 4439 1239 4490 iocundum
1258 4452 1304 4493 etc.
1340 4437 1408 4488 Haec
1424 4437 1481 4489 ideo
1502 4441 1631 4505 excerpsi,

335 4511 396 4572 quia
414 4509 447 4558 ad
465 4509 631 4558 animantium
650 4523 727 4559 uoces
745 4523 761 4558 a
778 4507 987 4558 Reiffersclreidio
1006 4507 1111 4561 Sueten.
1125 4508 1177 4558 rell.
1188 4523 1215 4574 p.
1226 4508 1360 4557 att-aot
1378 4517 1493 4556 accurate
1511 4505 1632 4558 collectas

335 4576 730 4640 aliquantulumlueisadlerunt.
750 4577 837 4638 ltaque
851 4591 880 4624 ne
898 4574 948 4625 hec
964 4575 1067 4638 quidem
1086 4577 1294 4641 praetermittam,
1311 4575 1363 4625 duo
1382 4585 1469 4624 extare
1486 4575 1512 4624 in
1529 4576 1587 4624 eod.
1600 4577 1632 4625 te

335 4645 459 4695 eiusmodi
480 4644 598 4694 lemmata
621 4645 696 4694 nullis
719 4645 843 4710 insignito
866 4644 947 4702 uotis,
970 4644 1021 4693 nisi
1043 4643 1113 4706 quod
1135 4643 1198 4694 locis
1223 4644 1339 4710 proxime
1360 4642 1567 4694 attteoedeotibus
1586 4643 1632 4692 ‘de

335 4712 446 4778 glossis’
465 4714 651 4779 praescriptum
670 4723 721 4771 est,
745 4712 764 4762 i.
782 4711 838 4763 ὅθι
857 4711 906 4763 col.
923 4712 956 4761 ll:
990 4711 1104 4762 baubare
1125 4711 1233 4762 sibelare
1255 4725 1347 4761 canum
1365 4720 1417 4772 est,
1441 4713 1496 4760 sicu
1541 4713 1631 4760 ennire

335 4779 415 4898 (ετρρτ.
433 4797 463 4834 m.
482 4780 499 4829 Ι
516 4783 633 4846 gannire)
652 4780 781 4848 cuipiam,
800 4791 825 4830 et
842 4779 859 4833 i.
878 4781 926 4830 58·
945 4779 993 4829 cel.
1012 4779 1046 4830 ll:
1080 4779 1199 4830 blatterat
1221 4779 1340 4830 camellus
1364 4780 1432 4829 sieut
1448 4794 1533 4842 aeqnu
1564 4780 1570 4792 ⁸
1593 4781 1633 4828 nit

337 4863 366 4898 ru
385 4850 405 4900 it
422 4849 521 4900 asinus.
