3394 5448
299 291 362 356 282
693 287 968 340 nrnrnnnu'rrnn
986 286 1197 341 sunuouvu.

381 480 461 541 inter
483 479 616 559 reliquos
638 485 668 539 et
690 484 807 538 ceteros
831 475 887 536 hoc
902 477 1041 542 interest,
1065 473 1141 553 quod
1166 474 1294 552 reliquos
1318 473 1450 536 dicimus
1473 473 1573 534 retirtos
1654 511 1655 530 t

295 582 333 644 ab
355 581 491 644 omnibus
514 581 695 649 referentes,
720 585 851 648 ceteros,
876 593 949 655 quos
973 577 1129 640 nescimus.

378 683 459 744 Inter
483 697 605 759 aegrum
629 687 658 742 et
680 685 834 758 aegrotum
858 678 915 739 hoc
937 680 1077 748 interest,
1101 675 1180 756 quod
1204 695 1294 755 aeger
1316 679 1428 749 animo,
1451 685 1572 756 aegrotus

295 805 348 846 cor
370 803 431 846 ore.

350 805 460 947 pinter
482 885 564 964 prior
586 884 668 944 uenit
690 891 720 943 et
741 883 892 944 anteuenit
914 880 971 941 hoc
986 882 1127 951 interest,
1152 879 1229 958 qnod
1245 882 1328 960 prior
1344 881 1428 941 uenit
1442 881 1479 942 ad
1494 882 1590 958 digni-s

295 995 400 1064 tatem,
426 986 578 1048 anteuenit
599 985 637 1045 od
658 991 786 1064 tempus.

380 1090 461 1151 Inter
483 1089 604 1148 officere
626 1094 655 1147 et
678 1087 800 1146 iniicere
823 1087 880 1147 hoc
903 1087 1042 1160 interest,
1065 1083 1143 1164 quod
1167 1083 1271 1154 oiticit,
1294 1085 1344 1165 qui
1360 1092 1465 1154 nocet,
1487 1086 1572 1154 inficit,

296 1195 349 1268 qui
370 1193 453 1269 quasi
477 1191 573 1251 tanam
598 1185 643 1248 uel
667 1187 721 1247 etio
745 1187 847 1251 inticit.

379 1292 460 1352 Inter
489 1291 569 1351 oleas
600 1299 630 1351 et
658 1289 753 1350 oiiuos
782 1287 838 1350 hoc
868 1291 992 1349 interest
1022 1285 1099 1369 ilf⁰¹·
1119 1285 1198 1349 113¹³
1216 1285 1244 1368 Η,
1274 1287 1351 1367 quod
1382 1285 1462 1348 oleas
1490 1291 1572 1368 ipsum

295 1397 423 1456 fructum
455 1393 598 1462 dicimus,
636 1391 715 1452 unde
745 1391 776 1450 nt
804 1389 938 1460 ‘oleum’,
976 1388 1070 1450 otinas
1100 1389 1225 1450 dicimus
1254 1389 1379 1450 arbores
1409 1390 1486 1450 unde
1513 1389 1598 1450 frunto

296 1497 442 1560 ‘dinotet
1257 1541 1264 1561 .

380 1598 461 1659 inter
484 1599 576 1659 nutrit
598 1603 628 1656 et
649 1595 797 1656 nutriitcat
818 1595 875 1655 hoc
898 1595 1036 1664 interest,
1066 1593 1143 1673 quod
1173 1595 1266 1654 nutrit
1291 1593 1413 1664 mulier,
1443 1595 1574 1655 nutriticat

295 1702 406 1763 nutrix.

379 1802 459 1862 Inter
482 1802 662 1861 maritimum
685 1807 714 1859 et
736 1798 884 1859 murinum
907 1796 963 1858 troc
986 1799 1123 1868 interest,
1146 1797 1225 1876 quod
1249 1798 1415 1858 maritimus
1437 1798 1571 1876 proximus

296 1905 385 1975 meri,
409 1904 541 1964 morinus
563 1900 600 1962 ab
623 1903 688 1982 ipso
711 1902 795 1961 meri.
872 1904 878 1914 '
1581 1919 1597 1956 n
1658 1923 1659 1928 ¹

380 2005 461 2066 lnter
483 2021 597 2065 merum
622 2011 651 2063 et
672 2019 823 2062 meracum
846 2001 903 2062 hoc
926 2003 1067 2072 interest,
1097 2001 1174 2080 quod
1203 2018 1316 2062 merum
1341 2018 1396 2079 per
1418 2019 1463 2070 se,
1491 2017 1571 2062 merr-

296 2126 364 2168 cum
388 2108 521 2168 mixtum.

380 2209 462 2270 Inter
478 2206 568 2268 teniat
583 2213 612 2266 et
628 2205 737 2267 lacerat
754 2212 783 2265 et
798 2203 913 2266 lanceat
928 2203 985 2265 hoc
1000 2207 1139 2272 interest,
1156 2204 1234 2284 quod
1251 2203 1350 2274 teniat,
1371 2223 1437 2265 cum
1454 2201 1570 2264 membra

296 2311 453 2392 discerpit,
478 2308 599 2377 taceret,
623 2309 675 2384 qui
699 2305 832 2386 partibus
854 2307 916 2368 suis
938 2306 1073 2369 membre
1096 2306 1243 2376 destituit,
1268 2307 1399 2375 lanceat,
1423 2308 1473 2384 qui
1494 2307 1570 2365 inuti·

297 2413 365 2474 liter
387 2410 519 2472 membra
543 2409 695 2488 discerpit.
1580 2426 1599 2463 2.

380 2514 461 2575 inter
484 2513 599 2574 taurum
623 2516 654 2572 et
673 2509 804 2572 lauream
827 2509 886 2570 hoc
907 2511 1044 2585 interest,
1069 2510 1146 2590 quod
1162 2511 1264 2572 taurus
1278 2511 1343 2591 ipsa
1366 2509 1463 2578 arbor,
1484 2508 1570 2570 iturea

296 2633 406 2678 corona
430 2612 479 2675 uel
500 2617 594 2691 uirgo.

381 2717 460 2778 Inter
489 2712 659 2776 caeruleum
687 2721 717 2774 et
745 2712 897 2775 caerulum
918 2715 976 2774 hoc
998 2715 1138 2786 interest,
1169 2713 1246 2795 quod
1271 2713 1441 2776 caeruleum
1463 2713 1571 2774 dicimus

295 2821 379 2900 qussi
402 2834 526 2879 aureum
549 2824 579 2876 et
600 2815 752 2878 coerulum
776 2817 861 2896 qussi
884 2822 1067 2894 argenteum.

364 3038 446 3089 ltroc
463 3038 540 3086 estd
585 3036 693 3086 dicimus
711 3035 813 3087 om.BG
864 3036 1109 3087 2exomnihusBG
1144 3033 1294 3103 reserentes]
1313 3037 1419 3086 retertur
1438 3037 1466 3098 Α,
1483 3035 1571 3088 0de

295 3119 394 3157 cetoros
406 3109 427 3154 A
446 3106 558 3166 reliquos
568 3105 677 3153 dicimus
687 3104 787 3154 relictos
798 3120 829 3154 ex
840 3105 970 3162 omnibus,
984 3115 1097 3154 coeteros
1110 3120 1175 3167 quos
1189 3106 1316 3154 nescimus
1331 3105 1498 3168 Gothosredur
1504 3122 1527 3168 p.
1533 3107 1570 3159 93,

294 3176 328 3239 cf.
339 3175 415 3238 Reiff.
422 3190 453 3279 p.
467 3176 526 3224 288.
556 3173 695 3237 Hucusque
712 3174 825 3224 codicum
836 3172 883 3222 Bo
900 3174 1062 3237 differentiae
1081 3175 1266 3229 extenduntnrr
1282 3175 1399 3239 sequitur
1415 3175 1485 3223 etiam
1499 3175 1522 3222 in
1537 3172 1569 3222 tt:

294 3296 359 3343 inter
377 3283 495 3366 redibiu‘u
514 3305 560 3356 per
578 3291 593 3338 b
612 3289 719 3340 interam
738 3301 763 3342 et
781 3291 923 3340 rediuiuum
942 3291 1072 3357 pervhnc
1089 3293 1205 3342 interest:
1225 3280 1351 3342 rednbinti
1368 3292 1436 3354 quod
1454 3291 1504 3340 finit
1519 3306 1570 3339 nes-

294 3397 358 3444 citur
377 3369 492 3442 rcdiffum
511 3393 580 3456 quod
599 3393 737 3443 reniniscit.
757 3393 877 3442 Blandior
895 3404 920 3442 et
937 3393 1028 3443 ndnlor
1046 3409 1123 3442 unum
1143 3392 1299 3457 significant.
1322 3393 1417 3444 Cetera
1432 3395 1457 3442 in
1472 3395 1568 3456 sinpuio·

294 3479 349 3512 rum
361 3461 537 3513 uocabulorum
549 3463 723 3525 explicatione
732 3463 862 3525 plocsort'o
873 3469 1018 3512 uertentur.
1038 3462 1135 3511 Eodem
1147 3477 1225 3526 terque
1237 3463 1273 3511 od
1284 3463 1341 3513 itta:
1361 3462 1496 3510 rediniunm
1508 3459 1568 3520 «pund

294 3531 426 3580 reuiuiscit
442 3531 468 3577 in
489 3529 619 3579 Gcodt'cic
633 3531 685 3591 flue
703 3532 819 3593 tepenter
837 3528 914 3589 (inter
932 3529 1073 3578 redibiunm
1092 3556 1125 3564 —
1144 3529 1285 3578 redibinnm
1304 3531 1373 3591 quod
1392 3529 1515 3588 irascitur).
1536 3528 1568 3575 De

292 3599 442 3659 ‘redinino',
455 3597 490 3658 cs.
502 3597 577 3661 lieiff.
587 3613 613 3661 p.
625 3599 684 3658 288,
705 3595 855 3658 Gotdofred.
874 3613 901 3660 p.
920 3599 966 3646 ot:
986 3597 1125 3646 redibibum
1145 3613 1190 3662 per
1208 3597 1222 3645 h
1241 3597 1347 3646 litterani
1359 3625 1389 3634 —-
1402 3595 1566 3655 interestqnod

293 3667 434 3716 rcdibibum
447 3667 567 3726 estquod
580 3667 699 3727 nescitur,
718 3664 859 3713 rediuiuum
873 3665 992 3726 estquod
1006 3665 1144 3714 reniniscit.
1194 3668 1211 3715 3
1229 3679 1316 3728 egium
1330 3676 1355 3714 et
1365 3677 1474 3730 egrotum
1486 3663 1525 3711 hoc
1535 3673 1572 3710 est

328 3749 388 3797 eger
423 3740 527 3796 egrotus
562 3746 798 3797 aeger-corpore
811 3733 982 3795 Gotdofredus
992 3750 1019 3797 p.
1031 3735 1065 3782 94
1076 3734 1131 3782 sine
1143 3733 1194 3782 utta
1205 3735 1332 3782 uarietate
1387 3733 1465 3784 dirce
1482 3730 1567 3790 estqui

294 3803 364 3866 prior
398 3800 468 3862 quod
481 3799 549 3864 prior
561 3800 594 3849 sd
606 3801 770 3864 dignitatem,
789 3809 847 3848 ante
865 3801 897 3849 nd
916 3809 1016 3864 tempus
1029 3800 1135 3860 refertur
1145 3800 1262 3864 Gothosr.
1273 3817 1300 3864 p.
1311 3803 1354 3864 94,
1368 3801 1403 3861 cf.
1413 3801 1482 3864 lieiff.
1491 3799 1568 3862 pito

294 3869 376 3920 ihoc
394 3877 445 3929 est,
463 3867 691 3931 cieseresemper
742 3867 821 3915 inficit
843 3869 917 3930 qnasi
941 3867 1001 3916 iuna
1053 3867 1143 3924 oidcit,
1166 3869 1209 3930 qni
1233 3876 1320 3926 nocet,
1345 3867 1425 3916 inticit
1444 3867 1510 3929 qnasi
1529 3866 1566 3924 qni

293 3937 376 3986 tenum
395 3944 440 3984 out
458 3933 508 3984 etia
526 3934 605 3984 inficit
618 3934 789 3996 Gotkofredus
800 3952 826 3997 p.
838 3937 872 3984 94
940 3938 956 3986 9
974 3935 1177 3985 oleos-otinas
1195 3935 1309 3994 arbores,
1327 3936 1395 3985 uude
1413 3937 1473 3983 tinnt
1488 3933 1567 3984 otiuets

295 4004 467 4066 Gotdosredus
482 4019 509 4066 p.
529 4005 572 4066 ot,
590 4005 625 4066 cs.
644 4003 723 4067 Reiff.
740 4020 768 4067 p.
788 4005 839 4052 282
909 4006 940 4054 13
960 4004 1049 4052 nutrici
1094 4003 1161 4052 Inter
1179 4004 1258 4052 nutrit
1275 4013 1300 4052 et
1317 4005 1427 4052 nutricet
1443 4003 1487 4050 hoc
1502 4003 1566 4048 inter-

293 4071 420 4132 estquod
439 4071 516 4119 nutrit
533 4069 632 4130 mulier,
653 4072 761 4119 nutrient
780 4072 901 4120 nutricius
922 4071 1093 4133 Gotdosrerius
1109 4089 1136 4134 p.
1153 4073 1194 4130 94,
1213 4071 1247 4133 cf.
1267 4072 1345 4136 lieiff.
1362 4090 1389 4135 p.
1409 4073 1456 4121 282
1539 4069 1566 4115 14

293 4139 426 4188 mnritiuns
478 4139 633 4188 maritimum
650 4139 770 4203 proximo
789 4140 862 4197 mori,
881 4139 1007 4188 morinum
1026 4155 1057 4188 ex
1076 4141 1134 4203 ipso
1153 4140 1215 4187 mari
1235 4139 1407 4202 Gothosredur
1422 4155 1447 4204 p.
1466 4140 1495 4186 di
1539 4135 1566 4182 15

1093 4217 1107 4241 V

293 4259 360 4306 inter
377 4282 409 4290 -
428 4256 535 4304 mixtum
553 4257 625 4320 opud
642 4255 824 4319 Gotltosredmn
841 4273 892 4307 non
909 4263 991 4308 extat.
1044 4258 1161 4307 meritum
1180 4256 1228 4306 hoc
1245 4267 1285 4306 est
1337 4269 1457 4306 merntum
1475 4255 1565 4303 mittum

295 4327 325 4375 18
343 4323 441 4387 toneat,
459 4323 497 4372 bic
567 4325 598 4374 te
615 4324 725 4374 distitnit
777 4326 841 4374 luter
859 4325 938 4374 tnniet
955 4325 1047 4374 luccrttt
1064 4337 1088 4374 ct
1106 4325 1216 4374 tuncinnt
1233 4324 1282 4373 troc
1300 4327 1407 4374 interest
1423 4324 1486 4387 qnod
1501 4321 1566 4370 leniet

292 4409 348 4441 cnm
368 4391 526 4440 membratim
544 4391 678 4446 distendit,
698 4393 791 4442 incorut
808 4420 841 4427 —
858 4394 973 4449 discinit,
993 4394 1102 4443 inncinttt
1120 4420 1151 4428 -
1170 4393 1292 4458 discerpit
1311 4393 1477 4456 Gotdofredus
1492 4408 1515 4456 p·
1530 4390 1564 4446 ⁹⁴2

292 4462 326 4522 cs.
344 4461 422 4525 Reiff.
440 4475 468 4524 p.
487 4461 538 4508 277
555 4460 637 4525 ibique
656 4461 798 4524 Heredium
817 4475 864 4525 pro
883 4461 1026 4510 ‘inntititer’
1043 4463 1159 4523 fortasse
1177 4461 1345 4511 ‘mutilantes'
1362 4461 1511 4512 scribendum
1526 4463 1564 4517 est,

292 4562 427 4611 secundum
444 4561 546 4610 Hondit'
559 4575 650 4626 propr.
668 4577 695 4625 p.
706 4565 751 4611 2οτ
770 4562 863 4611 lencint
880 4563 923 4625 qni
942 4561 1042 4612 mutilet
1059 4563 1172 4612 membre
1189 4563 1319 4628 discerpit.
1388 4565 1420 4612 21
1437 4545 1564 4610 teureitoe

293 4641 332 4676 est
382 4631 439 4692 ipse
456 4627 532 4678 arbor
550 4628 636 4679 lnureo
704 4632 738 4679 22
756 4631 830 4695 uirgo
882 4630 969 4680 taurus
988 4645 1028 4680 esc
1048 4632 1157 4695 ipse—
1176 4632 1248 4696 uirgo
1268 4629 1539 4694 cottonem-10⁰

292 4698 325 4744 23
342 4693 505 4758 ιεζῐ,ΙτιιΙειιιη
524 4709 548 4746 et
565 4695 677 4746 cerulum
696 4697 744 4746 hoc
762 4709 801 4747 est
868 4701 901 4748 24
918 4713 1007 4748 aurum
1025 4709 1050 4748 et
1066 4697 1167 4748 ceritum
1185 4699 1260 4760 qtmsi
1272 4709 1405 4763 argentum
1455 4694 1564 4746 coerulum

293 4761 400 4811 dicimus
418 4763 485 4812 sicut
502 4779 601 4824 citrum,
619 4765 777 4814 cnerntoeum
796 4780 827 4815 ex
846 4765 947 4816 cueruto
965 4767 1039 4828 quttsi
1057 4777 1191 4832 argmutm
1211 4767 1384 4830 Gothosredus
1400 4783 1425 4831 p·
1444 4767 1489 4814 100
