3394 5448
331 335 395 400 226
726 337 960 390 conunnrvu
978 337 1220 391 musmnnnsu

332 525 429 586 littera
459 545 509 587 sex
538 527 670 606 adusque
699 526 852 605 peruenit,
883 533 951 587 uta
974 525 1011 588 ab
1034 526 1087 588 ahs
1110 545 1194 588 mons
1218 535 1301 589 stans
1325 528 1438 605 stirps*
1452 525 1592 610 ‘'Tempo-

331 646 410 689 rum
434 645 564 707 capax,
588 629 607 686 i·
631 627 790 706 receptrix.
835 626 942 688 Breuis
965 629 1044 688 enim
1060 625 1169 707 syllaba
1184 647 1275 690 unum
1292 639 1409 709 temps
1424 627 1511 698 hahet,
1525 629 1592 708 longa

332 746 405 789 uero
428 728 496 788 duo.
542 729 614 790 Cum
639 747 710 807 ergo
733 729 805 788 dicit
826 730 930 808 ‘capax
951 730 1141 808 temporum,
1164 731 1196 790 iu
1218 729 1273 791 hac
1295 731 1463 792 delinitione
1483 749 1592 810 compre·

330 830 434 892 hendit
457 838 486 891 et
509 849 572 900 cas,
597 847 672 907 quae
696 832 784 891 unius
807 831 949 909 temporis
972 838 1041 890 suut
1062 848 1188 909 capaces
1210 832 1258 892 uel
1280 832 1381 893 duum.
1424 831 1460 892 Et
1479 839 1519 892 cst
1536 843 1592 892 tem

226 966 236 976 -
329 952 386 1012 pus
414 935 445 992 in
472 930 582 1010 syllaba
615 934 742 1011 spatium
771 930 936 1011 quoddam,
974 931 1114 992 uidelicet
1144 932 1288 1011 quaedam
1325 933 1438 994 morula
1466 935 1544 994 uocis.
1562 953 1611 990 -s

228 1051 316 1098 casu
330 1035 509 1096 Communes
536 1041 606 1094 sunt
632 1032 721 1093 modo
743 1032 864 1109 longae,
888 1033 975 1093 modo
1003 1032 1121 1094 breues
1167 1034 1203 1094 lu
1231 1035 1242 1094 i
1268 1034 1351 1096 loco
1381 1037 1594 1096 consonantis

330 1137 505 1215 positam,
531 1142 562 1194 ut
578 1135 648 1194 ‘aio'
665 1153 680 1196 a
697 1133 871 1214 producitur
894 1137 923 1194 in
947 1136 1043 1213 prima
1065 1153 1207 1214 persona,
1231 1138 1262 1196 in
1285 1135 1413 1198 secunda
1437 1153 1503 1196 uero
1522 1139 1593 1197 corri-
1659 1173 1660 1222 r

227 1239 424 1318 scs,sspitur,
456 1237 524 1316 quia
547 1238 558 1295 i
579 1237 636 1296 iam
666 1235 778 1296 uocalis
806 1243 861 1296 est.
910 1235 1120 1306 Positione,
1149 1239 1173 1296 i·
1198 1239 1352 1307 missione,
1384 1239 1450 1316 qnia
1477 1237 1513 1296 ihi
1539 1237 1593 1297 duas

329 1345 526 1399 consonantes
557 1339 708 1400 mittimus.
759 1335 841 1396 llicta
876 1353 947 1414 ergo
980 1338 1088 1416 positio
1117 1356 1133 1397 a
1161 1339 1317 1416 ponendo,
1350 1357 1385 1399 eo
1414 1339 1486 1418 quod
1512 1349 1594 1418 poetar

329 1440 511 1500 artificalitcr
539 1448 785 1518 composuerunt,
816 1447 847 1496 ut
869 1436 971 1497 breuis
1001 1437 1128 1506 uocalis,
1158 1457 1233 1516 quac
1263 1459 1317 1518 per
1339 1459 1371 1500 se
1393 1458 1479 1501 unum
1501 1448 1619 1519 tempusa
1659 1495 1660 1510 ,

329 1540 432 1610 hahet,
463 1559 498 1599 ex
528 1539 657 1606 duabus,
692 1556 767 1616 quae
796 1546 969 1617 sequuntur,
998 1539 1230 1602 consonantibus
1258 1540 1365 1602 haheat
1387 1541 1506 1603 alterum
1526 1553 1551 1602 ct
1567 1561 1593 1601 er

227 1663 276 1710 ece,
290 1661 315 1701 ss
329 1649 581 1727 correpta-queat
602 1658 668 1700 esse
690 1640 844 1720 producta.
890 1640 1131 1711 Producitur,
1155 1643 1174 1702 i·
1199 1641 1375 1721 protelatur.
1411 1643 1452 1703 Vt
1473 1660 1525 1702 ao.
1552 1642 1595 1702 let

329 1764 347 1805 u
371 1744 496 1811 dimisit,
520 1744 588 1822 quia
612 1760 670 1802 non
694 1759 813 1820 semper
835 1749 905 1801 sunt
926 1740 1053 1803 uocales.
1084 1738 1171 1825 llssOl
1185 1743 1197 1825 ll
1222 1743 1447 1822 iunguntur,
1467 1746 1486 1804 i·
1502 1747 1594 1805 socian-

328 1855 385 1908 tur.
418 1845 701 1924 diphthongum,
718 1845 737 1903 i·
754 1842 872 1903 dualem
887 1860 1002 1914 sonum,
1018 1843 1072 1903 ‘di'
1088 1843 1156 1914 duo,
1173 1844 1369 1924 ‘phthongus’
1391 1863 1478 1906 sonus
1498 1845 1593 1906 dicitur.
1612 1867 1614 1874 ·

226 1947 381 2018 ecs,eri,
411 1946 611 2026 diphthongus
639 1945 767 2022 antiquis
797 1945 853 2005 luit
874 1945 903 2003 in
927 1963 996 2019 usu,
1026 1945 1078 2004 sed
1107 1945 1196 2007 modo
1224 1965 1257 2007 ea
1280 1965 1340 2008 non
1363 1949 1479 2016 utimur,
1506 1948 1554 2007 uisi
1571 1947 1618 2005 inu

326 2051 389 2128 ipsa
417 2046 578 2127 particula,
607 2046 927 2136 idestuinteriectionc,
958 2056 990 2107 ut
1018 2049 1064 2107 ‘ei
1088 2047 1188 2116 mihi’,
1216 2049 1384 2109 interiectio
1412 2047 1532 2109 dolentis
1554 2055 1595 2108 cst.

226 2170 315 2219 scam
329 2149 459 2210 ‘Eibam’
475 2149 505 2209 in
514 2195 627 2210 ......
648 2149 782 2226 posuisse
798 2146 941 2216 creditur,
966 2149 1032 2228 qnia
1057 2146 1093 2208 ab
1117 2168 1170 2209 usn
1193 2151 1328 2211 recessit.
1371 2149 1562 2227 Excipitur,
1580 2150 1594 2206 i·

328 2257 492 2330 separatur.
539 2249 582 2310 Vt
609 2267 723 2318 arma,
753 2266 862 2309 nomen
891 2248 1026 2310 neutrale
1054 2258 1099 2310 est
1129 2260 1158 2311 et
1179 2269 1298 2331 semper
1326 2249 1449 2330 plurale.
1491 2253 1594 2318 Arcus,

327 2353 365 2413 ah
388 2350 518 2413 arcendo
540 2349 656 2420 dicitur,
681 2369 716 2410 eo
739 2350 818 2427 quod
841 2351 942 2411 hostes
965 2369 982 2410 a
1004 2350 1091 2429 longe
1113 2359 1264 2422 coerceat,
1294 2353 1318 2412 i·
1342 2351 1474 2432 repellat.
1513 2354 1594 2419 Axis,

326 2453 423 2516 trihus
444 2452 619 2531 intelligitur
642 2451 752 2520 modis;
782 2453 845 2530 ipsa
871 2451 1010 2512 uidelicet
1032 2471 1116 2532 pars,
1145 2452 1197 2514 uhi
1219 2454 1382 2535 plaustrum
1407 2452 1527 2522 uehitur,
1546 2454 1621 2513 niso

328 2555 507 2636 appellatur;
532 2562 576 2616 est
598 2557 685 2614 etiam
709 2571 779 2633 pars
801 2551 888 2622 caeli,
912 2555 931 2611 i·
955 2556 1127 2633 septentrio,
1152 2553 1199 2615 uel
1215 2553 1293 2616 linea
1314 2553 1503 2633 intelligibilis
1517 2573 1530 2614 a
1543 2554 1596 2634 polo

226 2677 274 2726 ecs,
288 2675 421 2735 sausque
444 2656 478 2718 ad
502 2654 619 2736 polum,
643 2653 723 2716 circa
746 2671 833 2732 quam
857 2652 987 2716 uoluitur
1011 2655 1135 2716 caelum.
1182 2657 1358 2727 Positum,
1381 2657 1402 2715 i·
1420 2659 1539 2717 missam.
1566 2655 1597 2714 l't

328 2767 363 2820 at
384 2758 472 2819 luno
495 2768 529 2819 at
552 2759 681 2819 Venus.
727 2755 826 2816 Venus
848 2775 863 2816 a
887 2765 1042 2818 uenustate
1065 2757 1183 2827 dicitur,
1207 2757 1230 2816 i·
1254 2776 1269 2818 a
1293 2757 1517 2835 pulchritudine.
1554 2757 1597 2817 Ve·

237 2853 446 2930 soo‚1nustnm
471 2860 549 2920 cuim
573 2859 699 2919 dicimus
721 2858 870 2918 hominem
893 2856 1062 2936 pulchrum.
1108 2859 1318 2928 Geminant,
1347 2861 1373 2918 i·
1398 2859 1554 2938 duplicant,
1573 2867 1597 2918 ut

328 2963 421 3022 ‘aiio'.
465 2959 523 3020 Sed
546 2963 613 3040 quia
638 2959 734 3020 hiatus
755 2957 950 3020 intolerabilis
974 2968 1037 3020 erat
1058 2962 1137 3021 iuter
1158 2968 1202 3020 tot
1223 2958 1358 3030 uocales,
1392 2961 1539 3041 expulsum
1562 2968 1622 3019 ests

328 3080 419 3124 uuum
448 3065 458 3121 i
486 3082 502 3123 a
531 3059 800 3140 perspicacioribus
827 3059 920 3121 altero
953 3070 1126 3122 renrauente
1154 3078 1209 3139 pro
1237 3059 1352 3122 duabus
1380 3061 1597 3123 consonantibus.

236 3165 369 3225 ³⁶⁹›2Vt
396 3165 453 3224 aio
484 3170 517 3222 tc
545 3162 701 3223 Aeacida
730 3162 915 3222 Romanos
945 3163 1096 3222 uincere
1125 3179 1244 3242 posse.
1287 3161 1431 3224 Aeacides
1457 3163 1598 3224 dictusest

325 3263 471 3343 Pyrrhus,
500 3265 551 3342 qui
578 3282 645 3324 cum
674 3261 798 3324 deberet
824 3265 868 3324 ire
898 3261 933 3323 ad
962 3261 1073 3324 bellum
1101 3271 1204 3324 contra
1233 3264 1399 3334 Romanos,
1428 3265 1599 3342 interrogauit

325 3363 507 3445 Apollinem,
542 3372 640 3426 utrum
674 3366 770 3425 uictor
801 3365 951 3426 existeret.
997 3364 1050 3424 Cui
1083 3362 1165 3424 dedit
1197 3363 1321 3426 dubium
1354 3384 1538 3445 responsum,
1567 3371 1597 3430 ut

325 3469 458 3548 quisquis
480 3468 627 3535 uinceret,
650 3467 715 3546 ipse
738 3483 808 3526 uera
832 3465 941 3526 dixisse
963 3464 1126 3526 uideretur.
1171 3465 1243 3527 Nam
1267 3466 1409 3546 dicendo:
1433 3471 1463 3528 ‘o
1483 3466 1622 3534 lucitas

325 3571 372 3628 aio
401 3577 431 3628 te
459 3587 545 3647 posse
572 3569 692 3628 uincere
719 3567 891 3636 Romanos’,
922 3567 1005 3645 quasi
1034 3567 1190 3628 uictoriam
1219 3569 1246 3626 ei
1275 3570 1422 3649 promisit.
1467 3569 1497 3629 Si
1517 3575 1596 3630 autem

325 3670 449 3729 dixeris:
482 3669 512 3729 ‘o
535 3667 674 3738 Aeacida,
699 3670 745 3728 aio
767 3669 917 3730 Romanos
939 3685 1026 3748 posse
1048 3671 1171 3730 uincere
1195 3671 1246 3742 te',
1272 3667 1283 3750 ll
1300 3666 1364 3730 202
1380 3665 1393 3752 ll
1418 3672 1501 3750 quasi
1521 3670 1598 3729 uicto·

323 3773 398 3832 riam
420 3771 562 3831 Romanis
585 3771 745 3850 promittit,
770 3770 848 3831 unde
870 3780 900 3830 et
922 3764 1017 3843 λοξός
1040 3769 1156 3832 dicitnr.
1169 3768 1285 3851 Apollo,
1309 3773 1329 3830 i·
1351 3770 1484 3833 lubricus
1504 3779 1531 3830 et
1549 3779 1597 3829 tor·

324 3880 440 3942 tunsus,
464 3889 500 3932 eo
523 3871 602 3950 quod
626 3870 715 3932 dubia
738 3869 827 3932 dabat
848 3889 1000 3951 responsa.

409 3974 451 4034 [lc
473 3971 681 4034 communibus
703 3970 832 4052 syllabis.
877 3971 1012 4052 Syllabas
1041 3991 1229 4041 communes,
1260 3993 1336 4053 quac
1365 3977 1474 4054 corripi
1496 3981 1523 4036 et
1540 3985 1623 4054 pro-³⁵

324 4074 393 4135 duci
420 4083 561 4155 possunt,
590 4073 755 4136 secundum
779 4072 958 4134 Donatum
980 4072 1043 4135 Vlll
1066 4075 1162 4137 modis
1189 4077 1277 4144 hunt,
1308 4076 1360 4136 sed
1389 4078 1470 4138 iuxta
1498 4075 1595 4136 beatum

323 4175 456 4236 Bedam
479 4174 555 4237 Vllll
580 4181 725 4237 constant.
770 4175 888 4236 Primus
910 4173 1016 4236 modus
1040 4185 1100 4238 est:

679 4275 789 4338 Vasto
812 4277 986 4356 Cyclopis
1007 4277 1044 4338 in
1067 4287 1175 4340 antro

391 4533 511 4596 'lposite
581 4532 610 4580 11
629 4537 767 4592 sequuntur
836 4531 978 4580 tautae
1053 4532 1086 4581 14
1102 4531 1264 4598 dyptongum
1316 4532 1350 4597 dy
1403 4545 1511 4599 ptongus
1569 4529 1592 4577 15

323 4601 472 4665 dyptong'us
543 4601 574 4649 16
592 4599 667 4648 michi
737 4601 768 4649 17
787 4597 886 4657 Eibam,
904 4613 1036 4663 suprascr.
1056 4595 1098 4665 eo]
1123 4601 1188 4650 Post
1205 4601 1268 4650 haec
1285 4603 1419 4652 manutius
1437 4604 1531 4652 litterae
1544 4611 1592 4647 enc-

323 4676 439 4717 nuerunt.
492 4663 733 4730 quia1Anquod?
785 4669 818 4717 20
836 4668 918 4716 ueitur
969 4667 1001 4716 26
1020 4681 1098 4716 ιιιιιιιιι
1116 4668 1132 4720 i,
1151 4683 1165 4717 a
1183 4665 1401 4733 perspicatoribus
1467 4665 1590 4719 ilmcidh

323 4734 361 4784 bie
411 4735 445 4784 28
463 4749 555 4800 pyrrus
623 4737 657 4785 30
675 4733 771 4797 eacida,
789 4735 827 4785 hie
878 4736 911 4785 33
928 4733 1002 4783 loxos
1054 4737 1087 4786 37
1105 4733 1224 4800 baedam]
1242 4753 1270 4801 p.
1290 4739 1361 4786 2352
1379 4737 1405 4786 P
1468 4739 1498 4789 38
1513 4725 1588 4795 Vnsto]

323 4803 358 4865 ef.
378 4803 446 4854 Dore.
462 4819 490 4868 p.
505 4805 592 4868 369,5
610 4818 664 4853 cnon
682 4804 768 4856 adnot,
788 4803 867 4853 Keilii
933 4799 1049 4869 ciclopis]
1073 4803 1151 4870 Verp.
1169 4805 1236 4858 Aen.
1253 4803 1306 4855 111
1323 4806 1373 4854 01⁷
