3394 5448
427 425 428 428 ,
531 393 570 445 m
587 392 674 446 non.
692 391 962 446 nannumouvu.
1328 390 1389 455 271

103 585 146 643 Vt
168 588 203 642 et
231 590 382 644 torrere
405 581 423 641 i·
447 597 592 658 coquere;
622 587 758 660 parant
779 581 799 640 i·
822 579 942 642 student
961 587 991 641 et
1012 588 1205 659 praeparant;
1227 577 1513 649 flammicomus

103 685 124 742 i·
147 675 287 759 'ignibus;
319 692 355 744 et
382 682 562 760 frangere
590 684 610 742 i·
640 682 751 743 molere
778 689 946 761 s.pa1·ant;
974 699 1062 742 saxo
1090 681 1109 740 i·
1139 680 1226 742 mola.
1271 680 1333 744 lloc
1359 684 1391 743 in

102 783 265 862 Virgilio
287 783 324 846 de
340 784 476 845 Troianis
490 785 650 863 reperitur.
689 782 838 845 Debuerat
860 785 938 844 enim
962 785 1044 863 prius
1066 782 1167 844 dicere
1189 782 1231 843 ‘et
1253 782 1391 863 frangere

101 903 174 948 saxo
196 887 320 966 parant*
339 895 368 946 et
390 892 451 947 tum
474 889 607 948 ‘torrere
629 886 783 948 hammis’.
828 884 915 947 Prius
938 887 1018 947 enim
1045 884 1148 963 fruges
1177 902 1248 946 saxo
1270 885 1290 944 i·
1314 885 1391 946 mola

74 989 343 1050 scommiuuuntur
365 989 385 1047 i·
409 986 569 1056 moluntur,
592 986 698 1048 deinde
722 994 873 1048 torrentur
894 988 912 1046 i·
929 987 998 1064 igne
1020 995 1197 1066 coquuntur.
1234 987 1391 1048 Seruius

100 1098 200 1151 autem
228 1089 301 1150 dicit
328 1090 364 1148 in
392 1097 599 1149 commento
623 1087 795 1166 Virgilii,
825 1087 960 1150 hicnon
989 1107 1054 1149 esse
1076 1086 1211 1149 ordinem
1233 1096 1389 1150 mutatum.

101 1191 224 1252 Troiani
246 1193 324 1251 enirn
347 1190 451 1267 fruges
473 1193 492 1250 i·
515 1191 715 1259 trumentum,
743 1207 819 1271 quae
846 1197 912 1270 post
935 1197 1139 1270 tempestatem
1161 1187 1219 1252 illis
1240 1208 1390 1252 remanse-

100 1300 170 1354 rant
191 1303 222 1354 et
243 1294 401 1376 aspergine
414 1288 425 1372 ΙΙ
441 1288 505 1352 210
520 1289 531 1374 ΙΙ
547 1293 638 1352 maris
653 1292 837 1353 humefactus
857 1291 989 1361 inerant,
1013 1290 1166 1352 torrebant
1186 1293 1206 1352 i·
1229 1281 1390 1363 siccabant,

101 1394 209 1456 deinde
232 1411 303 1456 saxo
325 1392 511 1472 frangebant.
559 1392 633 1454 Nam
663 1400 694 1454 et
721 1391 808 1454 bodie
836 1394 942 1455 siccari
964 1401 1032 1455 ante
1053 1394 1155 1472 fruges
1179 1400 1208 1454 et
1229 1395 1273 1454 sio
1294 1394 1390 1473 frangi

63 1521 86 1557 ιο
101 1495 239 1557 uidemus
262 1503 292 1556 et
314 1497 382 1573 quia
405 1494 483 1574 apud
506 1495 634 1556 maiores
657 1503 775 1556 nostros
798 1495 942 1557 molarum
965 1513 1035 1556 usus
1057 1513 1116 1556 non
1140 1502 1219 1566 erat,
1242 1496 1390 1557 frumenta

100 1597 260 1660 torrebant
281 1608 311 1658 et
332 1616 365 1658 ea
388 1599 418 1657 in
441 1596 516 1676 pilas
539 1598 627 1659 missa
649 1596 820 1675 pinsebant,
844 1604 874 1658 et
889 1597 946 1658 hoc
961 1603 1025 1658 erat
1040 1613 1134 1674 genus
1148 1595 1287 1668 molendi,
1311 1596 1390 1658 unde

101 1709 132 1761 et
154 1702 327 1780 ‘pinsores'
350 1697 421 1759 dicti
444 1708 526 1769 sunt,
549 1700 601 1778 qui
623 1716 704 1760 nunc
726 1699 889 1778 ‘pistores'
913 1705 1069 1760 uocantur.
1110 1695 1268 1761 ‘Pinsere’
1291 1707 1390 1762 autem

101 1801 161 1864 dici
181 1802 335 1863 Persius
356 1799 478 1881 probat,
502 1808 551 1861 ut:

305 1901 456 1975 Olane,
479 1921 496 1963 a
518 1909 631 1998 tepgo
654 1919 759 1979 quem
783 1901 884 1964 nulla
906 1904 1052 1965 ciconia
1076 1903 1203 1984 pinsit.

63 2005 125 2068 no
149 2005 238 2067 lane
259 2006 279 2066 i·
303 2025 321 2067 o
343 2004 491 2086 prudens;
515 2022 531 2065 a
552 2003 660 2082 tergo
682 2005 701 2064 i·
718 2012 816 2073 retro;
839 2023 943 2084 quem
967 2003 1068 2066 nulla
1097 2005 1242 2067 ciconia
1269 2005 1391 2085 pinsit

43 2157 50 2175 ,
98 2109 124 2167 i·
148 2126 239 2188 quem
266 2105 365 2169 nullus
391 2105 487 2167 iaculo
520 2105 704 2167 incidentiae
734 2113 763 2166 et
790 2104 959 2168 calliditatis
987 2115 1069 2168 retro
1097 2109 1254 2187 percussit
1302 2105 1392 2168 lanus

100 2213 183 2271 enim
205 2208 319 2270 bilrons
341 2216 386 2271 est
408 2216 437 2270 et
458 2206 591 2289 prudens
612 2207 701 2268 bomo
721 2207 851 2288 undique
873 2208 1108 2290 circumspectus
1130 2217 1160 2270 et
1180 2207 1313 2271 oculatus
1336 2217 1390 2284 est,

98 2311 181 2372 unde
203 2319 233 2372 et
254 2309 363 2371 nullius
384 2311 499 2371 inimici
520 2307 650 2371 bominis
671 2307 729 2371 tela
751 2310 842 2371 timet

186 2411 420 2492 hnastrophe
444 2419 500 2472 est
522 2410 726 2473 uerborum
750 2418 906 2484 tantum,
937 2431 966 2474 s·
989 2430 1049 2474 non
1071 2413 1247 2474 sententiae.
1292 2412 1517 2489 Ordouicas

63 2537 87 2576 ro
102 2522 392 2594 praeposterus,
414 2523 455 2575 ut
477 2512 643 2575 ‘ltaliam
666 2515 825 2575 contra'.
862 2514 997 2576 ‘Contra’
1019 2515 1200 2595 praepositio
1222 2522 1281 2584 ast,
1303 2534 1390 2596 prae·

100 2618 211 2698 positio
240 2625 337 2678 autem
360 2633 376 2675 a
398 2613 609 2696 praeponendo
640 2613 757 2676 dicitur.
802 2615 874 2678 Cum
897 2633 968 2695 ergo
989 2617 1168 2696 supponitur
1189 2618 1220 2677 lu
1242 2616 1389 2688 hocloco,

99 2718 176 2779 ordo
197 2725 407 2798 praeposterus
429 2724 475 2778 est
496 2717 517 2776 i·
539 2724 734 2798 permutatus.
781 2717 1007 2796 Virgilius
1036 2717 1093 2780 boc
1115 2718 1187 2780 dicit
1208 2718 1245 2780 de
1268 2719 1390 2780 Cartba-

98 2821 186 2899 gine,
216 2837 291 2897 quae
319 2825 421 2880 contra
444 2817 557 2880 ltaliam
580 2839 615 2880 er
638 2820 658 2879 i·
682 2827 786 2880 contra
808 2819 932 2881 Romam
954 2821 1008 2882 sita
1031 2827 1084 2882 est
1130 2819 1221 2881 Roma
1244 2822 1323 2881 enim
1346 2828 1392 2882 est
1451 2899 1456 2902 -

98 2921 155 2982 bac
179 2929 263 3001 parte
287 2923 392 2992 maris,
416 2920 562 2999 Carthago
586 2940 657 2983 uero
680 2941 716 2982 ex
743 2920 810 2982 alia.
854 2921 936 2984 ltalia
964 2921 1040 2982 dicta
1070 2929 1114 2982 est
1140 2921 1178 2983 ab
1205 2919 1278 2982 ltalo
1304 2939 1387 3001 rege.

62 3027 244 3086 udeneas
271 3023 375 3094 mittit;
403 3023 570 3103 rapidum
599 3025 623 3083 i·
653 3022 786 3084 uelocem
812 3021 944 3084 Achaten
972 3022 1009 3084 ad
1037 3041 1138 3085 naues.
1183 3023 1287 3086 Cetera
1316 3042 1389 3086 uero
1403 3047 1542 3101 epheta

99 3143 176 3205 quae
198 3132 373 3201 sequuntur,
391 3143 443 3205 per
458 3125 649 3204 parenthesin
671 3127 846 3206 interposita
868 3133 937 3187 sunt
960 3126 1093 3204 ‘neque
1115 3127 1209 3188 enirn
1232 3127 1389 3205 patriua’

98 3235 127 3288 et
150 3234 261 3288 cetera·
299 3226 362 3288 lloc
384 3235 483 3288 autem
506 3225 543 3289 de
565 3230 664 3290 Aenea
686 3229 797 3290 dictum
821 3235 879 3303 est,
908 3228 960 3307 qui
987 3246 1055 3290 curn
1078 3237 1155 3291 esset
1177 3247 1243 3290 cum
1266 3227 1389 3300 Didone,

98 3330 183 3390 misit
203 3328 336 3390 Achaten
358 3329 538 3407 armigerum
561 3349 645 3392 suum
668 3330 705 3391 ad
728 3347 821 3392 naues
842 3337 966 3410 propter
986 3331 1152 3394 Ascanium.

187 3431 261 3493 Una
284 3430 451 3492 dictione
473 3428 532 3493 uel
560 3431 734 3511 pluribus
762 3433 980 3494 interiectis
1001 3433 1021 3493 i·
1044 3433 1241 3513 interpositis,
1271 3431 1529 3512 quandop,401,14

60 3532 239 3596 muidelicet
267 3533 298 3592 in
327 3531 425 3594 medio
453 3532 538 3595 uerbi
564 3553 622 3596 una
646 3534 693 3596 uel
715 3534 816 3614 plures
845 3533 989 3596 dictiones
1015 3535 1255 3614 interponuntur.
1299 3535 1428 3615 Sep-ar,
1436 3563 1508 3614 μοι,
1517 3561 1542 3602 15

98 3635 246 3696 tentrio
273 3650 381 3696 nomen
409 3637 602 3715 compositum
633 3643 690 3699 est:
720 3635 777 3698 boc
807 3655 866 3697 uno
894 3637 1014 3698 nomine
1036 3635 1133 3698 diuiso
1156 3636 1264 3698 nrmtae
1285 3635 1389 3699 dictio·

97 3755 153 3798 nes
176 3737 416 3814 interponuntur.
461 3736 590 3799 Plurima
619 3739 707 3799 etiam
737 3737 802 3798 talia
832 3739 963 3799 inueniri
985 3747 1120 3817 possunt
1166 3736 1342 3800 Subiecta
1364 3757 1388 3800 s·

97 3839 175 3900 baec
197 3856 267 3918 pars
282 3837 392 3900 mundi
429 3838 697 3918 septentrioni.
735 3839 905 3919 Septentrio
928 3847 1190 3920 autemaseptem
1211 3839 1304 3902 stellis
1326 3842 1389 3902 axis

97 3947 239 4008 uocatus,
263 3941 384 4016 quaein
400 3959 432 4001 se
446 3940 600 4020 reuolutae
615 3948 750 4002 rotantur
766 3939 777 4025 ΙΙ
793 3938 854 4002 211
873 3939 897 4025 ll.
933 3942 995 4004 lloc
1010 3948 1108 4004 autem
1124 3943 1245 4023 proprie
1261 3944 1388 4004 ‘uertex'

60 4042 221 4112 adicitur,
245 4058 279 4103 eo
302 4039 381 4120 quod
404 4043 540 4113 uertitur,
564 4043 642 4104 sieut
662 4051 772 4123 poeta
795 4044 848 4104 ait:

455 4144 623 4206 Vertitur
644 4145 793 4207 interea
816 4146 969 4208 caelum.

186 4244 427 4325 synchysis
454 4255 520 4308 est
546 4245 827 4327 hyperbaton
856 4266 903 4310 ex
930 4249 1042 4309 omni
1068 4257 1173 4329 parte
1195 4251 1527 4330 conlusump.401,1⁸

99 4351 119 4409 i·
144 4348 337 4410 commixtum
360 4349 381 4408 i·
404 4347 522 4429 quando
544 4347 636 4410 uerba
660 4357 690 4409 et
711 4366 814 4412 sensus
836 4350 1068 4412 contunduntur.
1113 4351 1155 4412 Vt
1180 4341 1251 4414 tr'is
1279 4355 1304 4413 i·
1328 4361 1389 4414 tres
1402 4390 1423 4432 p.
1437 4381 1487 4432 401,
1501 4381 1527 4425 ,ο

167 4537 227 4585 det
245 4545 339 4584 torrere
408 4531 559 4601 dseruius]
585 4531 918 4601 ad'Verp.Aen.11⁷9:
948 4537 1020 4588 Multi
1037 4538 1269 4605 Hysteroproteron
1287 4547 1387 4605 putant,

99 4617 150 4654 non
169 4603 336 4669 respicientes
359 4603 507 4669 superiora:
531 4603 592 4666 quia
614 4603 680 4654 dixit
703 4603 779 4655 undis
798 4603 913 4655 Cererem
931 4621 988 4656 esse
1006 4615 1165 4672 corruptam,
1189 4621 1265 4670 quam
1283 4621 1388 4657 neceese

97 4671 182 4722 luerat
203 4683 263 4721 aute
285 4673 384 4723 siccari.
400 4697 433 4706 -
451 4671 484 4721 lit
501 4671 590 4722 nolunt
607 4673 683 4721 etiam
703 4671 743 4722 hic
761 4673 887 4737 Hysteron
905 4685 1027 4739 proteron
1045 4691 1115 4724 esse:
1138 4676 1208 4737 quod
1229 4674 1322 4726 laisum
1341 4687 1387 4731 est.
1421 4681 1426 4692 “

98 4739 163 4790 liam
183 4749 208 4790 et
225 4739 352 4802 hodieque
369 4745 416 4790 etc.
485 4737 592 4805 9Nam]
611 4739 676 4798 Sunt
693 4739 779 4792 Seruii
794 4741 873 4792 uerba
890 4745 908 4791 l.
921 4745 938 4792 l.
996 4753 1020 4792 et
1037 4742 1165 4805 hodieque
1181 4742 1287 4795 Seruius
1355 4746 1387 4795 ta

97 4807 213 4871 Persius]
233 4807 319 4858 SatI
335 4808 455 4858 cauata
523 4810 555 4860 22
574 4809 724 4875 clrartsgine
792 4811 825 4862 35
842 4807 930 4877 poem]
947 4809 1216 4878 Verp.Aea.11250
1284 4814 1316 4866 37
1334 4813 1389 4864 siu-

97 4875 190 4926 chrisis
209 4885 249 4926 est
265 4876 405 4943 yperhaton
