3390 5444
642 365 855 420 renuerem.
1144 405 1146 408 .
1336 363 1395 427 121

187 553 220 615 ln
242 552 289 615 alr
313 569 431 630 quoque
453 571 544 615 unum
568 571 676 614 nomen
699 554 861 624 inuenitur,
885 562 917 615 ut
939 553 1002 615 calx
1027 553 1125 624 calcis,
1148 553 1228 634 quod
1250 553 1396 634 posterio-

97 673 166 716 rem
190 663 306 733 partem
330 654 413 735 pedis
435 655 588 733 significat.

188 758 221 819 ln
244 775 297 819 ans
320 764 394 834 quot
415 775 524 836 genera
547 757 757 820 inueniuntur?
793 757 873 819 tdtst
890 761 959 828 tria,
984 757 1144 820 masculina
1161 759 1302 819 feminina
1318 775 1406 828 com·¹

98 862 219 929 munia;
243 857 420 927 masculina,
444 866 477 919 ut
493 857 546 936 ¹bic
569 858 710 920 adamans
731 858 820 922 buius
843 859 1020 930 adamantis,
1044 877 1154 920 nornen
1176 858 1282 940 lapidis
1304 858 1399 920 duris·

71 963 180 1023 ssimi.
226 961 298 1022 ltem
327 960 376 1022 bic
404 962 508 1040 gigans
536 959 624 1022 buius
652 962 788 1040 gigantis.
837 962 1007 1032 Feminina,
1040 959 1173 1022 ut·bacc
1202 959 1297 1039 glans·
1313 959 1400 1021 huius

97 1062 221 1142 glandis
242 1070 273 1125 et
294 1062 368 1123 baec
390 1062 519 1125 dodrans
542 1061 629 1124 buius
651 1061 819 1143 dodrantis,
850 1061 906 1124 boc
930 1071 975 1125 est
996 1080 1104 1126 nomen
1127 1061 1268 1141 ponderis
1291 1080 1399 1123 nouem

98 1167 206 1226 uncias
227 1163 373 1227 habentis.
406 1165 580 1227 Communia
602 1166 690 1225 trium
713 1181 856 1243 generum
879 1166 910 1226 in
932 1181 995 1234 ans,
1018 1173 1052 1226 ut
1072 1165 1120 1226 bic
1143 1173 1173 1225 et
1195 1164 1270 1226 baec
1291 1171 1321 1225 et
1342 1163 1401 1224 boc

100 1285 209 1328 amaus
236 1265 325 1328 buius
354 1268 494 1336 amantis3
523 1269 566 1328 sic
588 1275 668 1328 stans
691 1274 721 1327 et
742 1265 910 1336 ambulane;
942 1275 971 1328 et
993 1268 1092 1329 omnia
1115 1267 1272 1346 participia
1294 1267 1325 1326 in
1347 1283 1401 1326 ans

99 1368 283 1439 desinentis,
315 1385 391 1446 quae
419 1386 537 1450 semper
564 1389 581 1430 a
611 1372 708 1449 prima
736 1369 943 1448 coniugatione
970 1369 1110 1439 ueniunt,
1140 1370 1227 1429 trium
1257 1384 1401 1446 generum

63 1483 87 1524 ιο
101 1472 276 1532 communie
299 1476 377 1532 sunt.

189 1571 223 1633 ln
246 1590 295 1634 ars
316 1571 374 1635 dua
396 1591 506 1652 genera
528 1573 730 1643 inueniuntur,
753 1572 963 1643 masculinum,
988 1579 1021 1634 ut
1042 1573 1090 1634 bic
1113 1573 1192 1634 blare
1213 1570 1302 1632 buius
1324 1570 1401 1631 ldar·

101 1675 156 1744 tis;
186 1673 237 1735 bic
264 1682 362 1736 antem
385 1673 464 1736 blare
492 1682 576 1754 pater
597 1673 716 1736 ltcmuli
743 1673 839 1753 dictus
861 1686 919 1745 est,
950 1691 1036 1752 quem
1060 1673 1185 1735 Romani
1207 1672 1291 1751 quasi
1314 1671 1401 1732 detrm

101 1775 284 1843 adorabant;
307 1778 482 1838 femininum
505 1777 537 1836 in
559 1795 617 1846 are,
640 1783 672 1837 ut
694 1776 765 1837 baec
788 1795 837 1838 ars
859 1776 946 1838 buius
968 1777 1049 1837 artis.

190 1877 224 1939 ln
240 1876 293 1939 abs
308 1876 364 1940 dua
380 1895 490 1956 genera
505 1879 714 1948 inueniuntur,
738 1876 795 1939 boc
811 1885 858 1938 est
872 1877 1068 1939 masculinum
1084 1886 1113 1939 et
1128 1894 1301 1946 commuue:
1325 1893 1403 1938 mas-

66 1992 90 2032 15
103 1978 253 2057 colinum,
275 1987 308 2040 ut
329 1979 379 2040 bic
400 1979 484 2041 trabs
506 1978 594 2040 buius
608 1978 717 2040 trabis:
740 1979 988 2062 {lieronymus
1003 1978 1122 2042 ‘trabis'
1138 1979 1319 2040 nominatiuo
1334 1995 1403 2057 pro-

104 2082 269 2151 nuntiauit,
298 2083 375 2143 sicut
397 2083 433 2142 in
457 2080 651 2158 euangelio
674 2078 796 2159 legitur:
831 2091 867 2142 ct
893 2100 977 2143 ecce
1000 2080 1119 2143 trabis
1140 2083 1181 2148 in
1199 2078 1309 2142 oculo
1331 2085 1403 2141 tuo.

105 2185 272 2245 Commune
294 2183 419 2244 duorum
443 2200 600 2260 generum,
625 2191 657 2243 ut
678 2183 726 2244 bic
749 2191 779 2243 et
800 2183 874 2244 baec
896 2181 990 2245 Arabs
1012 2183 1101 2245 buius
1115 2181 1235 2252 Arabis,
1258 2179 1337 2262 quod
1360 2187 1405 2241 est

104 2284 218 2364 gentile
240 2285 277 2347 de
299 2283 405 2347 orabis
424 2284 592 2346 diriuatum.

192 2387 226 2448 ln
241 2406 294 2449 arx
309 2404 400 2448 uuum
417 2404 526 2448 nomen
542 2387 727 2455 femininum,
750 2395 783 2447 ut
804 2386 878 2447 baec
900 2404 952 2447 arx
969 2387 1057 2448 buius
1073 2388 1150 2448 arcis
1166 2386 1235 2447 huic
1251 2385 1313 2446 arci
1328 2382 1404 2445 banc

68 2501 208 2553 ²⁰areem
231 2507 250 2550 o
272 2507 325 2550 arx
348 2487 385 2550 ab
407 2488 462 2549 hac
484 2505 552 2549 arce
575 2489 631 2550 bae
653 2505 737 2548 arces
765 2488 869 2549 barum
898 2489 1011 2550 arcium
1034 2487 1082 2550 bis
1104 2486 1223 2549 arcibus
1246 2487 1299 2550 bas
1320 2503 1405 2547 arces

74 2649 78 2656 .
106 2610 234 2654 oarccs
257 2591 295 2652 ab
317 2591 364 2651 bis
385 2587 513 2652 arcibus.

194 2693 227 2754 ln
250 2691 298 2754 uls
322 2709 411 2753 unum
434 2708 544 2753 nomen
567 2693 756 2762 femininum,
781 2701 812 2753 ut
834 2693 906 2754 baec
929 2690 995 2772 puls
1017 2690 1116 2772 pultis.

194 2794 228 2855 ln
252 2813 308 2855 anx
331 2810 424 2855 unum
447 2810 556 2855 nomen
580 2794 767 2864 femininum,
797 2803 830 2855 ut
850 2795 923 2856 baec
946 2795 1013 2854 lanx
1035 2789 1240 2855 buius‘lancis
1263 2796 1293 2851 et
1313 2807 1405 2852 unum

108 2896 322 2965 masculinum,
345 2902 379 2956 ut
399 2894 448 2956 blc
470 2894 598 2975 phalanx
620 2893 708 2955 buius
730 2895 894 2976 phalangis.

72 3009 96 3050 2⁵
195 2998 229 3060 ln
252 3014 420 3060 unrocum
440 3013 731 3067 nomeccommune,
755 3005 786 3059 ut
800 3001 851 3061 bie
864 3005 894 3059 et
908 2999 980 3060 boec
1003 2999 1132 3060 coniunx
1154 2997 1241 3057 buius
1264 2995 1405 3072 coniugis.

197 3099 228 3160 ln
252 3117 305 3161 eus
327 3107 399 3179 quot
421 3116 530 3177 genere
550 3100 767 3160 terminantur?
802 3101 864 3161 Hoc
881 3107 925 3162 est
939 3108 1087 3181 quattuor,
1110 3096 1306 3160 masculinum
1323 3097 1407 3157 lemi-

109 3204 214 3264 ninum
237 3219 396 3263 commune
419 3202 634 3281 promiscuum:
658 3200 863 3272 masculinum,
887 3212 920 3265 ut
934 3203 982 3264 bio
999 3203 1073 3263 dens
1087 3201 1175 3262 buius
1191 3199 1296 3259 dentis.
1334 3197 1407 3258 ltem

109 3305 281 3384 proprium,
314 3312 346 3364 ut
374 3302 422 3364 hic
450 3303 552 3372 Vicum
589 3303 777 3374 femininum,
807 3312 839 3365 ut
866 3305 939 3366 baec
967 3321 1050 3366 mens
1080 3303 1187 3363 mentis
1215 3318 1287 3378 gens
1314 3301 1409 3377 gentis

110 3405 218 3467 bidens
240 3404 377 3475 bidentis,
401 3405 480 3486 quod
503 3423 590 3466 ouem
612 3407 765 3484 significat,
790 3413 818 3466 et
841 3404 904 3467 lens
926 3406 1023 3475 lentis,
1046 3422 1141 3484 genus
1163 3403 1248 3481 panis
1269 3399 1408 3478 legumen

75 3517 173 3578 mesu
201 3509 273 3568 item
302 3505 365 3567 lens
392 3505 503 3576 lendis,
532 3507 639 3570 animal
669 3515 723 3568 est.
769 3507 930 3570 Commune
952 3508 1042 3568 trium
1065 3522 1223 3583 generum,
1254 3511 1286 3564 ut
1307 3503 1357 3563 bic
1380 3509 1411 3564 et

111 3609 186 3670 baec
215 3616 246 3670 et
271 3608 329 3669 boc
356 3607 449 3670 cliens
477 3609 565 3670 huius
592 3607 707 3670 clientis
735 3609 805 3672 buic
832 3609 932 3670 clienti
961 3608 1040 3669 bunc
1068 3613 1097 3666 et
1118 3604 1195 3666 banc
1218 3604 1356 3665 clientem
1381 3611 1411 3664 et

111 3711 169 3773 boc
197 3711 291 3772 cliens
318 3729 336 3772 ο
364 3710 458 3772 cliens
485 3709 523 3771 ab
551 3710 606 3771 boc
635 3718 664 3772 et
691 3711 728 3772 ab
757 3712 812 3771 hac
835 3720 865 3772 et
887 3710 923 3771 ab
945 3709 1003 3771 boc
1026 3708 1127 3770 odienti
1149 3715 1179 3769 et
1200 3705 1307 3788 plurali
1330 3707 1360 3768 bi
1383 3715 1412 3767 et

111 3814 170 3875 bae
200 3811 325 3874 clientes
357 3821 387 3874 et
418 3814 492 3874 baec
519 3811 638 3874 clientia
666 3814 772 3875 borum
802 3821 832 3873 et
859 3813 963 3872 harum
993 3819 1022 3873 et
1049 3811 1155 3872 borum
1184 3810 1334 3871 clientium
1364 3807 1412 3869 bis

113 3915 126 3996 ll
144 3915 164 3976 l.
184 3911 262 3976 108·
278 3911 290 3996 ΙΙ
311 3912 468 3976 clientibus
497 3915 552 3975 bos
581 3924 610 3976 et
637 3915 691 3976 bas
717 3914 840 3977 clientes
868 3921 899 3976 et
920 3913 992 3976 baec
1015 3913 1133 3976 clientia
1156 3931 1175 3973 o
1196 3911 1321 3986 clientes
1343 3920 1373 3972 et
1394 3930 1412 3971 o

77 4016 232 4078 saclientia
256 4017 293 4078 ab
314 4015 362 4078 bis
385 4015 558 4078 clientibus:
582 4019 626 4079 sic
649 4017 834 4080 declinantur
857 4016 989 4098 prudens
1011 4017 1117 4094 ingens
1137 4014 1279 4092 frequens
1295 4012 1413 4091 sapiens

116 4127 144 4180 et
167 4119 266 4180 omnia
288 4120 443 4200 participia
466 4121 632 4200 praesentis
654 4121 795 4199 temporis
816 4121 847 4180 in
871 4138 924 4180 ens
946 4119 1121 4186 desinentia,
1146 4135 1221 4196 (luae
1243 4121 1312 4176 sunt
1334 4131 1413 4174 conr-

116 4221 216 4282 munia
238 4221 328 4281 trium
350 4239 504 4300 genemm.
543 4221 675 4284 Duorum
698 4239 842 4301 generum
865 4221 1043 4289 communia,
1068 4227 1099 4280 ut
1121 4218 1170 4278 bic
1193 4224 1223 4278 et
1240 4215 1313 4276 haec
1329 4212 1414 4275 libri·

115 4341 204 4402 pens,
229 4321 286 4384 boc
309 4325 426 4402 estqui
449 4322 556 4399 libram
579 4323 691 4405 pendit.
776 4331 788 4352 ⁸

119 4443 348 4454 *-

185 4511 245 4560 lin
263 4509 316 4560 oles
367 4510 421 4562 cels
488 4511 679 4563 dinuenisstur
730 4513 779 4561 tria
796 4511 887 4562 addidi
955 4507 1072 4561 'lunties
1158 4506 1190 4555 12
1208 4504 1299 4554 romoll
1366 4519 1416 4567 que

117 4579 217 4629 romoni
288 4581 320 4630 ta
337 4577 400 4629 haec
417 4595 458 4630 ars
476 4579 555 4631 hortis
642 4582 674 4632 lb
691 4580 848 4630 hieronimus
918 4571 1196 4642 euuangelioLMattb.
1219 4571 1313 4621 7114
1384 4572 1421 4620 17.

118 4646 178 4696 baec
195 4645 283 4696 arabis
352 4649 384 4698 19
402 4663 458 4698 eres
477 4657 504 4698 ut
521 4649 573 4697 ium
592 4662 684 4698 nomen
735 4663 792 4697 arcs
861 4647 894 4697 20
911 4660 968 4696 arcs
1020 4643 1131 4692 ortiuum
1204 4641 1237 4690 22
1256 4639 1315 4706 plus
1383 4641 1417 4689 at

118 4715 211 4780 palenx
264 4713 383 4780 pelsngis
451 4715 485 4766 ib
502 4715 528 4764 in
547 4730 600 4766 unx
618 4725 647 4765 ut
664 4716 725 4767 baec
743 4717 870 4766 coniunex
921 4713 1048 4778 congugis
1103 4711 1136 4760 26
1154 4711 1222 4771 quod
1274 4708 1308 4758 28
1325 4705 1416 4756 buleus

118 4782 284 4848 fflligumen
336 4785 369 4834 30
386 4783 460 4833 lentis
478 4784 759 4837 enimslemconrmuni
828 4787 860 4834 31
878 4782 994 4833 clientem
1064 4779 1097 4829 32
1115 4778 1195 4827 cliens
1247 4775 1333 4825 clienti
1384 4775 1417 4825 33

119 4851 149 4902 be
200 4852 250 4902 bae
267 4851 368 4902 clientis
422 4854 455 4904 36
474 4853 558 4908 omnis
576 4865 591 4900 c
608 4851 743 4918 participia
811 4852 845 4904 38
861 4849 952 4901 librem
969 4847 1064 4915 pendet
