3420 5450
697 359 746 410 DE
766 355 886 412 LIBRIS
905 357 1165 411 BERNENSIBVS.

728 594 768 697 2)
798 601 887 674 sou.
914 602 1030 674 nem.
1057 601 1142 674 123.

371 771 441 830 dod.
467 770 562 829 Bern.
587 774 642 827 123
663 785 744 830 suec.
769 769 804 828 X
823 768 931 845 forma
951 772 1087 830 monimo
1110 771 1154 829 nit
1174 771 1235 830 nisi
1252 772 1472 844 prummuticos
1493 771 1589 831 libros

284 874 441 932 continens
464 870 551 942 foliis
580 869 758 957 CXXVIII
780 876 913 931 comtut:
940 871 996 930 sed
1021 875 1050 930 et
1071 872 1102 930 in
1124 871 1210 931 initio
1232 882 1260 929 et
1282 873 1313 931 in
1331 875 1394 944 fine
1415 869 1488 931 bino
1507 871 1588 944 folin

285 974 431 1034 udiunctn
452 980 524 1032 sunt
549 972 657 1032 luceru
678 973 855 1056 condicione
875 974 998 1033 saecun
1027 974 1465 1074 quintodseseQ
1492 975 1587 1032 eccie-

284 1077 402 1135 siastici
416 1076 601 1148 -crpnmenti
648 1075 751 1135 Codex
773 1081 802 1132 et
822 1075 859 1133 ob
883 1073 969 1133 initio
990 1080 1019 1132 et
1040 1076 1071 1133 in
1097 1077 1160 1147 fine
1186 1077 1341 1134 mutilatus
1369 1077 1439 1134 oiim
1462 1074 1588 1134 Florio-

283 1144 655 1250 cfflis,
679 1177 766 1236 cuius
786 1191 879 1235 manu
901 1175 995 1235 multo
1010 1177 1048 1235 in
1070 1177 1259 1250 murpinibus
1283 1179 1501 1252 scriptumne,
1527 1183 1589 1235 turn

277 1278 453 1351 ·Bonporsii
467 1276 549 1350 fnit,
573 1279 659 1338 cuius
680 1293 786 1338 nomen
809 1279 840 1336 in
859 1277 962 1352 primu
977 1284 1007 1337 ct
1021 1279 1053 1337 in
1075 1280 1182 1339 uitirna
1198 1279 1319 1352 popina
1341 1279 1464 1351 lepitur.
1505 1275 1587 1347 Oua-

283 1382 450 1441 ternionum
471 1382 560 1453 sipnu
582 1379 768 1452 repuleriter
785 1361 888 1454 positu
906 1387 974 1439 sunt
995 1380 1066 1439 iude
1081 1396 1100 1438 o
1117 1377 1146 1451 s.
1164 1373 1281 1460 s⁶(11)
1299 1379 1450 1454 usquead
1466 1377 1496 1450 s.
1516 1375 1589 1437 128⁶

285 1479 414 1562 (XVII)
433 1483 547 1557 possim
565 1479 730 1557 putredine
751 1481 864 1549 deletu,
887 1481 942 1540 sed
961 1483 1127 1541 monimum
1144 1487 1268 1556 purtem
1290 1487 1459 1556 temporum
1481 1481 1588 1555 oequi-

283 1589 343 1643 tote
369 1589 562 1643 conseruato.
608 1581 742 1642 PAmmn
769 1584 865 1655 ipitur
892 1583 993 1658 operis
1020 1585 1248 1658 quaternionem
1277 1583 1464 1643 intercidisse
1488 1588 1587 1656 potet,

283 1687 369 1745 cuius
390 1691 598 1759 arpunentun
619 1691 720 1745 utrum
742 1684 786 1743 od
805 1686 901 1746 solum
921 1699 1006 1761 eum,
1029 1700 1049 1743 o
1071 1701 1132 1759 quo
1154 1683 1230 1744 liber
1252 1685 1376 1759 incipit,
1401 1691 1496 1743 ortem
1515 1699 1589 1758 per·

284 1789 423 1855 tinuerit,
446 1803 487 1846 on
509 1787 574 1845 otio
595 1802 713 1861 quoque
733 1787 850 1862 scripto
871 1788 1053 1862 conplexum
1071 1784 1179 1858 fuerit,
1204 1784 1333 1858 difficile
1347 1792 1391 1846 est
1406 1785 1586 1852 diiudicetur,

283 1889 337 1947 sed
350 1905 418 1949 cum
433 1904 469 1946 eu
484 1905 550 1956 ors,
574 1904 635 1963 quo
651 1903 731 1948 nune
744 1886 1012 1964 nubetursormof
1032 1889 1093 1947 iom
1115 1904 1135 1947 o
1157 1889 1265 1948 litteris
1285 1888 1446 1948 exordium
1468 1889 1586 1964 enpiot,

284 1991 476 2050 uerisimilius
496 1997 540 2049 est
560 1991 624 2049 otia
645 2005 763 2064 quoque
784 1990 986 2052 antecessisse.

368 2092 476 2166 Imque
493 2089 521 2163 s.
542 2096 576 2147 1⁶
592 2124 632 2131 —
643 2089 674 2163 f.
692 2087 760 2149 31⁶:
783 2091 982 2152 Clementis
996 2089 1115 2165 Scoti‚
1139 2094 1194 2167 qui
1213 2097 1352 2164 uocetur,
1376 2108 1430 2150 ors
1444 2097 1532 2151 entut
1546 2091 1586 2152 ob

283 2195 368 2253 initio
388 2194 507 2254 mutila:
538 2200 584 2252 est
606 2189 652 2270 ap'
676 2191 798 2252 latinum
823 2188 913 2271 (corr.
938 2191 1003 2270 -os)
1032 2191 1112 2252 nunde
1141 2192 1269 2252 latinitas
1298 2198 1363 2252 orta
1392 2199 1446 2253 est.
1491 2191 1588 2253 Maior

284 2294 410 2372 populus
433 2303 462 2353 et
483 2294 576 2372 magis
598 2293 726 2372 egregiis
748 2293 862 2354 artibus
883 2291 999 2373 pollens
1022 2294 1098 2353 tusci
1121 2294 1241 2354 inerunt
1265 2295 1317 2369 qui
1341 2291 1377 2353 de
1400 2301 1504 2353 natura
1526 2279 1586 2354 iin-

282 2413 359 2472 guue
382 2413 452 2457 suae
475 2414 497 2456 s.
522 2393 651 2456 litterum
673 2411 743 2456 runo
766 2401 949 2474 expromunt.
973 2393 1029 2470 hec
1050 2413 1101 2456 res
1124 2413 1187 2456 eum
1204 2395 1274 2456 iecit
1296 2394 1407 2456 habere
1430 2393 1586 2473 liquidam.

369 2497 432 2558 Hoc
454 2495 606 2558 sciendum
631 2495 708 2574 quod
732 2499 788 2557 ista
810 2495 923 2556 'littera
944 2529 988 2540 -
1009 2495 1060 2557 Est
1082 2499 1171 2558 etiam
1195 2494 1370 2575 abnegatiua
1394 2507 1426 2557 ut
1448 2514 1586 2558 securus.

284 2597 424 2661 Preterea
441 2601 549 2660 seorsit
570 2593 779 2660 aduerhinnia
791 2616 823 2658 se
839 2609 871 2658 uu
887 2616 902 2658 u
918 2599 956 2659 de
972 2596 1113 2659 deorsum
1131 2608 1161 2659 et
1176 2617 1191 2659 a
1208 2616 1297 2678 super
1312 2617 1439 2659 sursum.
1478 2598 1586 2660 FlNlT

283 2699 326 2771 ire
348 2699 653 2771 rurensiulonim
698 2701 796 2761 Manu
827 2703 993 2761 recentiori
1023 2704 1161 2776 quemuis
1199 2704 1275 2761 sotis
1313 2703 1439 2776 antiquo
1471 2719 1587 2778 super-

281 2807 428 2881 scriptum
448 2811 492 2864 est
513 2784 579 2866 Lii}
598 2803 647 2865 DE
670 2801 816 2880 PART1B3
840 2781 1057 2862 onustoiiet
1076 2819 1168 2878 super
1189 2803 1248 2863 noe
1267 2817 1374 2875 monn,
1398 2811 1431 2863 ut
1450 2803 1585 2880 uidetur,

281 2911 371 2968 etium
392 2909 556 2966 recentiori
576 2902 788 2965 CLEMENTIS
813 2901 935 2968 SCOTi.
958 2902 1003 2976 cf.
1023 2905 1118 2964 Keilii
1130 2903 1240 2980 prees.
1258 2903 1302 2962 od
1318 2903 1435 2965 diturus.
1450 2921 1585 2980 prorum.

282 3009 383 3069 Latin.
406 3009 468 3068 uol.
492 3009 512 3066 I
526 3023 562 3082 p.
586 3005 669 3065 XIX
694 3011 724 3065 et
746 3007 784 3066 de
806 3005 963 3065 Clementis
985 3005 1070 3066 Scoti
1089 3009 1210 3066 nomine
1230 3007 1301 3066 ibid.
1320 3023 1356 3081 p.
1379 3007 1445 3070 XX
1455 3011 1527 3068 not.
1554 3018 1586 3068 ct

279 3125 467 3186 propromm.
486 3109 614 3183 Ertoup.
633 3113 709 3165 1868
725 3123 761 3182 p.
780 3113 829 3166 11.¹
869 3104 1088 3181 decerpsimus
1101 3123 1142 3168 en
1157 3109 1216 3168 noc
1231 3112 1298 3168 drte
1313 3111 1460 3169 nonnullo
1470 3109 1584 3186 praef.

202 3209 205 3214 '
275 3209 382 3287 portis
404 3208 515 3286 tertiae
534 3216 605 3268 sect.
629 3207 773 3286 11‚111,
797 3209 831 3277 V,
862 3210 915 3287 VI,
939 3209 981 3282 Χ,
1005 3209 1066 3269 ul.

369 3311 443 3373 Tum
464 3314 598 3386 sequitur
619 3311 705 3370 nullo
721 3312 884 3386 proposita
905 3312 1099 3385 inscriptione
1113 3327 1167 3372 urs
1188 3313 1372 3388 quaedum
1394 3328 1586 3391 anonymo

278 3414 307 3488 s.
331 3412 382 3474 31⁶
396 3413 478 3487 —f.
497 3419 563 3481 53⁶,
586 3429 665 3488 quoe
686 3412 787 3472 uerbis
808 3415 840 3472 in
858 3415 921 3485 fine
937 3413 1060 3493 positis:
1083 3410 1144 3473 Nec
1161 3409 1228 3490 (lep.
1245 3411 1331 3491 hanc)
1353 3430 1441 3492 quarn
1467 3412 1586 3474 breuis-

281 3517 355 3576 sime
388 3516 500 3576 nostuis
532 3516 634 3594 pueris
666 3511 761 3592 legem
796 3512 1038 3592 interrogationis
1066 3531 1102 3573 ex
1131 3513 1236 3576 Donati
1270 3523 1334 3578 arte
1361 3515 1586 3594 promulgatum

280 3615 513 3696 conscripsimus
534 3619 602 3691 ipso
629 3617 667 3676 de
687 3632 720 3676 se
744 3616 926 3691 praedicat,
958 3631 1071 3676 merum
1094 3631 1149 3676 nos
1170 3617 1322 3679 Donatum
1344 3617 1394 3678 iiie
1415 3620 1478 3678 illie
1499 3617 1586 3678 diiu-

172 3739 174 3752 ·
280 3725 373 3780 totum
400 3719 627 3795 expositumque
653 3719 792 3778 munibus
819 3725 931 3779 tenere.
976 3719 1073 3793 Atque
1102 3717 1159 3779 nuo
1186 3720 1283 3794 ipsun
1306 3721 1380 3780 iocis
1401 3719 1588 3794 quibusdum

280 3822 409 3882 conlutis
422 3819 638 3897 conprobatur.
671 3819 739 3879 Iam
756 3821 862 3896 primu
877 3823 955 3881 ortis
968 3819 1063 3880 uerbo
1077 3821 1193 3881 Donati
1205 3823 1282 3882 ortis
1304 3823 1429 3880 maioris
1450 3824 1586 3895 uestipia

281 3924 360 3984 odeo
374 3930 533 3998 premunt,
557 3931 590 3982 ut
608 3929 734 3998 praeter
755 3923 973 3996 interropondi
991 3929 1020 3982 et
1040 3923 1245 3998 respondendi
1261 3921 1398 3995 formum
1417 3923 1461 3983 nii
1480 3939 1588 3998 poene

281 4026 355 4085 noui
375 4025 526 4086 addetur:
1148 4039 1153 4049 ¹

365 4139 373 4224 i]
389 4145 407 4202 i.
424 4139 483 4204 31¹³
498 4139 506 4224 Η
529 4145 597 4214 Quid
621 4153 663 4204 est
686 4147 756 4207 uox?
792 4149 844 4203 Aer
867 4150 937 4204 ictus
959 4145 1098 4204 sensibilis
1120 4155 1253 4221 quantum
1277 4147 1303 4202 in
1327 4149 1387 4222 ipso
1409 4155 1460 4202 esi.
1505 4144 1589 4214 Quot

282 4227 375 4305 (qnod)
403 4231 553 4289 diuisiones
582 4231 680 4288 habet?
724 4233 792 4289 Duas
819 4233 993 4308 principales.
1040 4229 1130 4299 Quasi
1166 4230 1342 4289 Articuiatam
1372 4240 1400 4287 ei
1426 4231 1587 4290 confusum.

280 4315 353 4383 ane
376 4325 418 4373 est
440 4315 601 4374 articulata?
637 4314 711 4384 Quae
733 4317 816 4375 serihi
838 4327 940 4392 potest.
984 4315 1058 4385 Quae
1081 4317 1212 4374 confusa?
1234 4314 1309 4384 Quae
1331 4316 1413 4373 scribi
1436 4333 1491 4372 non
1515 4327 1588 4390 poi·

280 4411 332 4456 est.
376 4401 465 4458 Litera
495 4402 559 4476 quid
588 4403 648 4458 esti
693 4401 758 4458 Pars
785 4397 900 4460 minime*
921 4403 998 4459 nocis
1028 4403 1195 4461 articulatae.
1239 4399 1311 4470 Quot
1339 4411 1403 4458 sunt
1426 4401 1587 4460 diuisiones

279 4486 449 4542 iiiterurnnri
477 4486 546 4542 ltnuo
563 4482 747 4560 principales.'
765 4485 858 4555 Quae?
881 4487 993 4545 Vocnies
1008 4497 1035 4543 et
1051 4497 1243 4546 consonantes.
1281 4485 1354 4554 Quot
1368 4495 1432 4543 sunt
1448 4486 1587 4544 uocales?

279 4568 413 4645 Quinque.
443 4569 535 4637 Quae?
558 4573 709 4629 Aeiuu.
746 4568 819 4639 Quot
833 4587 864 4628 ex
880 4573 922 4628 his
946 4581 1089 4630 transeunt
1110 4575 1137 4630 in
1160 4572 1370 4630 consonantium
1392 4575 1588 4647 potestatem?

280 4657 357 4712 Duae.
402 4653 492 4723 Quae?
530 4656 589 4712 iet
611 4673 638 4712 n.
680 4654 793 4724 Quando
823 4665 964 4714 transeunt
991 4659 1019 4714 in
1047 4675 1129 4732 supra
1157 4657 1255 4714 dictam
1284 4655 1464 4732 potestatem?
1508 4657 1588 4717 Cum

280 4743 351 4797 inter
379 4758 408 4798 se
436 4742 623 4816 geminantur,
653 4752 699 4799 unt
727 4759 788 4800 sunu
817 4741 876 4800 aliis
904 4741 1045 4800 uocalibus
1073 4744 1233 4818 iunguntur.
1277 4743 1312 4800 {iu
1334 4741 1464 4817 exempla.
1508 4742 1588 4802 luno

281 4834 357 4882 uates
379 4835 442 4900 eto,
464 4825 505 4900 es.
526 4825 636 4883 Donati
656 4835 711 4886 art.
733 4827 772 4885 11
787 4845 817 4901 p.
841 4831 910 4900 367,
934 4831 1043 4884 5-14.
