3390 5444
643 373 853 428 sennonem.
1335 377 1396 440 129

100 561 296 640 laqueatus
324 562 445 632 lacus;
474 560 604 624 uultus
632 581 780 644 quoque
809 564 888 642 ipsa
913 583 973 624 res
996 584 1076 625 esse
1099 565 1252 627 uidetur
1275 584 1290 626 a
1313 565 1399 627 uolo

98 647 232 736 uerbo,
265 665 446 746 quomodo
476 685 492 726 a
525 663 606 725 colo
637 664 768 726 cultus.
813 664 968 746 Excipitur
996 674 1103 727 uentus
1131 669 1228 737 uenti,
1264 671 1400 748 quamuis

99 767 239 828 uideatur
262 767 319 828 boc
341 786 451 830 nomen
472 765 569 829 simile
591 785 657 828 esse
679 765 875 847 incorporali,
900 767 978 846 quod
997 786 1013 828 a
1030 768 1117 828 uenio
1140 767 1233 829 uerbo
1257 771 1398 839 nascitur,

94 886 132 928 ex
157 887 218 948 quo
245 871 432 950 conpositum
462 869 607 931 aduentus
630 869 759 930 aduenti.
806 867 867 930 Nec
894 888 953 930 non
985 870 1131 947 excipitur
1153 877 1273 932 sanctus
1294 873 1399 940 sancti,

67 972 239 1047 squamuis
261 989 278 1031 c
299 970 407 1033 babeat
435 978 504 1032 ante
532 978 590 1032 tus.
635 969 708 1032 ltem
738 972 877 1032 feminina
906 972 936 1031 in
970 989 1004 1031 us
1036 980 1204 1050 correptam
1235 972 1399 1034 desinentia

94 1081 223 1150 quartae
246 1071 451 1134 declinationis
474 1080 557 1143 sunt,
582 1080 614 1133 ut
636 1072 709 1134 baec
731 1091 837 1135 manus
859 1072 947 1133 huius
970 1091 1092 1142 manus,
1117 1073 1190 1135 liaeo
1206 1092 1309 1144 nurus,
1327 1075 1400 1134 lraec

94 1192 221 1244 socrus,
251 1174 325 1236 haec
352 1177 502 1254 porticus,
534 1173 608 1234 baec
636 1193 712 1235 anus
735 1182 765 1235 et
786 1184 895 1236 cetera.
939 1174 1093 1253 Excipitur
1120 1175 1194 1236 baec
1221 1174 1304 1237 aluus
1332 1174 1399 1244 alui,

93 1274 208 1336 humus
231 1275 328 1347 humi,
352 1283 381 1335 et
403 1275 476 1336 baec
498 1275 605 1336 domus
627 1275 717 1338 huius
740 1276 819 1337 dorni
843 1275 890 1337 uel
914 1276 1003 1337 buius
1025 1275 1146 1347 domus,
1171 1284 1200 1338 et
1222 1275 1296 1338 liaeo
1318 1276 1400 1339 colus

93 1377 187 1440 liuius
211 1377 267 1438 coli
289 1376 337 1439 uel
360 1377 447 1438 buius
469 1375 561 1438 colus.
600 1377 662 1440 atta
686 1397 758 1440 uero
781 1380 901 1440 nomina
923 1380 953 1440 in
977 1397 1011 1439 us
1034 1385 1201 1458 correptam
1225 1379 1400 1448 desinentia,

54 1493 79 1530 1⁰
93 1480 161 1540 siue
184 1477 348 1541 masculina
371 1480 435 1540 siue
457 1480 599 1540 feminina
622 1480 747 1549 luerint,
776 1479 925 1541 secundae
947 1480 1154 1542 declinationis
1177 1490 1260 1542 sunt:
1285 1499 1400 1542 mascu-

92 1579 172 1650 lina,
205 1591 238 1642 ut
259 1581 309 1642 bic
332 1579 428 1642 bonus
451 1581 539 1643 buius
562 1580 647 1650 boni,
677 1581 726 1642 bic
754 1581 896 1643 humerus
923 1581 1010 1644 buius
1038 1582 1171 1653 humeri,
1200 1581 1249 1642 hic
1277 1600 1400 1643 somnus

91 1680 187 1743 buius
210 1683 307 1744 somni
329 1692 359 1743 et
382 1685 481 1744 omnia
509 1682 624 1744 adiecta
652 1663 774 1743 mollitia
796 1685 827 1744 in
849 1702 884 1745 us
906 1683 1072 1746 desinentia
1099 1727 1268 1744 ......
1292 1683 1319 1744 si
1339 1685 1400 1744 sint

91 1786 218 1863 propria
242 1781 289 1844 uel
311 1787 501 1861 appellativo
517 1785 630 1845 Graeca
652 1785 683 1844 in
699 1802 732 1844 os
753 1785 830 1865 apud
847 1785 976 1846 Graecos
998 1786 1164 1848 desinentia
1186 1785 1234 1849 uel
1257 1785 1398 1848 arborum

92 1887 234 1954 nomina,
257 1886 408 1948 secundae
429 1895 498 1947 sunt
520 1885 740 1954 declinationis;
770 1888 906 1966 propria,
936 1896 969 1949 ut
991 1887 1066 1964 baec
1087 1885 1183 1967 Tyrus
1205 1887 1294 1949 buius
1317 1889 1397 1968 Tyri,

53 2001 77 2040 1⁵
92 1987 171 2048 liaeo
194 1987 309 2067 Cyprus
332 1987 420 2048 buius
443 1989 542 2068 Cypri,
566 1991 757 2065 appellativa
779 1988 900 2060 Graeca,
926 1995 959 2049 ut
980 1989 1054 2050 baec
1076 1995 1176 2050 arctus
1199 1990 1288 2058 arcti;
1312 1991 1399 2051 arbo·
1431 1991 1433 1996 '

90 2108 163 2150 rum
179 2091 319 2158 nomina,
343 2099 376 2150 ut
397 2089 471 2150 baec
493 2108 657 2170 cupressus
673 2093 823 2171 cupressi,
846 2092 932 2170 pirus
945 2090 1018 2168 piri,
1042 2088 1165 2150 arbutus
1181 2090 1290 2160 arbuti,
1313 2089 1399 2152 alnus

90 2190 167 2252 alni.
215 2191 368 2270 Excipitur
391 2209 484 2252 unum
508 2210 617 2253 nomen
645 2193 822 2252 lemininum
851 2191 1021 2271 proprium,
1046 2191 1125 2270 quod
1149 2193 1287 2269 quamuis
1310 2195 1342 2253 in
1365 2211 1400 2253 us
1455 2266 1459 2275 Ι

91 2299 267 2372 correptam
295 2293 419 2365 desinit,
444 2301 542 2355 tamen
565 2295 669 2355 tertiae
696 2292 901 2354 declinationis
931 2300 991 2363 est,
1020 2299 1053 2354 ut
1081 2291 1153 2353 baec
1183 2295 1281 2355 Venus
1310 2294 1400 2355 buius

91 2395 238 2464 Veneris,
262 2394 330 2456 ideo
354 2415 402 2466 ne,
425 2397 451 2456 si
473 2395 572 2457 Venus
595 2397 669 2456 Veni
691 2393 899 2464 declinaretur,
923 2393 1138 2456 dubitationem
1162 2394 1287 2456 liaberet
1308 2413 1399 2474 gene-

52 2497 177 2556 ocinus
208 2514 276 2557 cum
304 2496 400 2558 uerbo
429 2499 606 2577 imperatiuo
635 2498 714 2558 ueni.
764 2494 798 2556 ln
826 2513 861 2556 us
894 2505 991 2556 autem
1026 2495 1200 2575 productam
1234 2494 1397 2580 desinentia

91 2598 220 2658 nomina
248 2598 388 2660 feminina
417 2601 483 2660 sine
511 2597 602 2658 dubio
631 2600 736 2660 tertiae
764 2595 970 2658 declinationis
998 2603 1082 2667 sunt,
1114 2604 1146 2658 ut
1167 2596 1240 2658 baec
1269 2601 1399 2659 seruitus

91 2700 185 2760 liuius
215 2701 381 2762 seruitutis:
411 2701 466 2760 sic·
482 2708 620 2761 senectus
647 2701 788 2761 iuuentus
814 2697 902 2760 tellus
928 2697 1024 2778 palus.
1068 2699 1179 2760 Neutra
1207 2717 1281 2759 uero
1309 2701 1398 2761 inus

90 2801 264 2861 desinentia
294 2819 346 2862 seu
374 2801 548 2879 productam
578 2820 630 2862 seu
660 2807 828 2880 correptam
857 2802 962 2861 tertiae
991 2798 1197 2861 declinationis
1225 2807 1295 2860 sunt
1318 2807 1347 2860 et
1368 2801 1398 2860 in

88 2905 136 2964 ris
168 2903 331 2963 terminant
357 2903 514 2981 genetiuo,
543 2911 576 2964 ut
602 2905 650 2964 ius
677 2904 765 2972 iuris,
794 2901 863 2981 plus
885 2901 992 2982 pluris,
1023 2903 1118 2962 maius
1140 2897 1276 2971 maioris,
1300 2902 1398 2963 minus

50 3019 75 3058 2⁵
90 3005 241 3078 minoris,
271 3021 380 3084 corpus
402 3007 553 3085 corporis,
582 3004 699 3082 pondus
722 3002 877 3083 ponderis,
906 3010 1012 3082 pectus
1033 3005 1179 3082 pectoriS,
1203 3021 1312 3064 munus
1333 3021 1398 3064 mu·

89 3107 189 3168 neris.
228 3103 422 3185 Excipiuntur
444 3106 502 3167 lxoc
524 3104 646 3185 pelagus
667 3102 777 3184 pelagi,
802 3103 881 3182 quod
905 3105 1051 3166 Graecum
1075 3111 1164 3166 estet
1184 3105 1399 3185 interpretatur

87 3206 295 3288 protundum,
324 3217 354 3267 et
381 3207 438 3268 boc
460 3207 569 3286 uulgus
591 3205 687 3284 uulgi,
717 3204 797 3283 quod
821 3212 850 3266 et
872 3205 1067 3267 mascnlinum
1092 3215 1150 3277 est,
1180 3214 1209 3267 et
1237 3207 1319 3268 uirus
1341 3207 1399 3267 uiri

87 3318 120 3370 et
152 3327 212 3388 pus
240 3307 460 3370 indeclinabile.
506 3308 679 3370 Communia
708 3325 781 3368 uero
810 3308 902 3368 trium
933 3325 1075 3386 generum
1104 3309 1135 3369 in
1163 3327 1200 3369 us
1229 3316 1397 3388 correptam

87 3412 264 3474 desinentia
286 3413 393 3472 tertiae
415 3409 622 3472 declinationis
648 3417 731 3484 sunt,
760 3417 794 3470 ut
816 3409 866 3470 bic
887 3416 917 3468 et
939 3408 1012 3469 baec
1036 3418 1065 3469 et
1088 3407 1144 3469 boc
1167 3417 1253 3469 uetus
1275 3411 1397 3478 ueteris,

48 3527 73 3567 ³⁰
88 3515 142 3576 lric
167 3523 198 3574 et
221 3513 294 3574 boec
318 3521 347 3574 et
369 3513 426 3573 boc
454 3512 543 3591 Ligus
569 3512 704 3590 Liguris,
734 3509 812 3591 quod
837 3520 881 3571 est
902 3511 1028 3588 gentile,
1059 3517 1088 3570 et
1110 3509 1169 3572 duo
1192 3511 1311 3571 nomina
1335 3531 1397 3572 mo·

86 3613 248 3695 nosyllaba
272 3616 442 3675 communia
466 3614 592 3674 duorum
613 3630 775 3690 generum,
804 3630 879 3692 quae
907 3610 1114 3690 producuntur
1137 3613 1335 3683 nominatiuo,
1366 3621 1398 3673 ut

86 3717 140 3778 hic
166 3725 198 3776 et
221 3716 295 3776 baec
317 3735 369 3778 sus
392 3717 469 3786 suis,
494 3714 543 3774 bic
566 3723 595 3774 et
617 3712 690 3775 baec
712 3731 785 3792 grus
808 3715 906 3790 gruis:
935 3731 1003 3773 nam
1027 3729 1093 3773 mus
1116 3712 1210 3773 muris
1232 3713 1398 3792 epicoenon

86 3829 154 3888 est,
186 3817 266 3897 quod
290 3835 305 3878 a
330 3817 442 3878 Graeco
470 3813 535 3896 μῦς
562 3815 688 3876 mutauit
715 3835 738 3875 υ
759 3815 791 3875 in
814 3833 833 3875 u
856 3813 983 3890 longam.
1029 3813 1149 3875 Nullum
1177 3816 1257 3876 enim
1288 3832 1397 3876 nomen

86 3919 236 3982 Latinum
265 3919 462 3980 masculinum
490 3919 522 3977 in
546 3935 580 3977 us
602 3916 777 3998 productam
801 3916 921 3977 desinit.
966 3916 1077 3977 Graeca
1105 3917 1196 3994 igitur
1217 3917 1248 3976 in
1271 3935 1306 3977 us
1327 3935 1398 3995 pro·

46 4023 217 4084 oduntem
241 4020 405 4082 desinentia
429 4019 506 4099 apud
530 4020 660 4080 Graecos
683 4019 711 4079 in
736 4015 793 4090 dog
821 4019 1009 4079 terminantia
1037 4020 1208 4097 genetiuum
1224 4014 1236 4101 ΙΙ
1251 4017 1273 4081 i.
1290 4015 1365 4079 111ιι
1382 4015 1396 4101 Η

164 4236 320 4292 llaoearur‘
364 4253 430 4288 arro
450 4238 527 4288 uerbo
579 4237 702 4288 iaculo
755 4239 850 4289 bitem
867 4235 1002 4304 feminino]
1021 4239 1056 4301 cf.
1076 4239 1158 4290 Prisc.
1177 4256 1204 4304 p.
1225 4241 1285 4300 445,
1296 4241 1331 4289 20
1382 4241 1398 4289 6

85 4325 184 4360 murus
255 4307 355 4360 telios
423 4303 521 4357 tcolis
575 4305 630 4356 Alia
649 4319 709 4356 nero
729 4303 844 4372 nomine]
863 4307 899 4370 ef.
916 4307 1002 4357 Prisc.
1021 4309 1038 4357 t.
1056 4311 1073 4362 l.
1090 4323 1117 4372 p.
1137 4308 1231 4364 445,4
1301 4310 1329 4357 11
1350 4307 1399 4356 hu·

85 4374 195 4442 merus]
214 4376 340 4427 Homerus
358 4375 442 4425 Prisc.
460 4377 532 4440 apud
547 4373 657 4424 Keilium
673 4391 700 4439 p.
719 4377 780 4438 445,
799 4378 816 4424 5
897 4377 927 4424 12
946 4376 972 4423 in
990 4389 1020 4423 us
1038 4371 1193 4439 desinentia]
1213 4375 1248 4438 ef.
1269 4375 1352 4425 Probe.
1367 4391 1397 4440 p.

85 4448 215 4511 445,15;
235 4445 262 4494 ln
274 4459 304 4494 ns
322 4453 465 4508 correptam
483 4443 625 4493 desinentia
644 4441 767 4492 feminina
784 4443 807 4491 si
826 4443 877 4492 sint
894 4444 999 4507 propria
1017 4441 1057 4490 uel
1076 4441 1233 4508 appellatiua
1244 4441 1340 4492 Graeca
1352 4453 1398 4492 eto.

86 4518 121 4565 13
140 4511 309 4578 appelletiue
326 4527 374 4563 om.
443 4526 534 4576 greerm
621 4510 653 4560 15
671 4511 757 4575 ciprus
775 4509 852 4559 huius
869 4511 941 4575 cypri
963 4525 1055 4574 grecus
1078 4521 1106 4560 ut
1123 4509 1186 4560 hoec
1203 4519 1288 4560 arctus
1366 4512 1398 4560 16

85 4583 219 4632 erbrestus
237 4580 336 4631 arbusti
406 4581 437 4629 19
455 4592 514 4628 nam
527 4579 550 4629 si
562 4578 651 4628 Venus
661 4574 740 4642 Veni]
759 4578 793 4640 rs.
806 4577 891 4630 Prisc.
908 4577 926 4626 Ι
942 4592 969 4641 p.
981 4579 1039 4638 269,
1050 4580 1083 4628 21
1152 4579 1186 4629 20
1204 4579 1232 4626 ln
1250 4593 1280 4626 us
1299 4574 1396 4643 nartem]

84 4651 122 4714 cf.
144 4649 236 4703 Prisc.
254 4649 287 4700 de
305 4649 403 4698 nomine
422 4654 469 4698 etc.
486 4663 514 4712 p.
533 4649 594 4710 445,
615 4648 650 4696 36
752 4647 784 4694 22
803 4643 898 4695 Neutra
916 4641 990 4712 uero]
1010 4645 1044 4708 cf.
1064 4646 1398 4710 Ρνίεε.1.1.ρ.445,24

85 4721 121 4769 24
140 4718 233 4767 miuus
250 4717 337 4766 minus
355 4715 463 4765 minoris
531 4715 564 4765 26
582 4713 662 4779 pilagi
731 4701 765 4762 28
783 4722 808 4763 et
825 4713 884 4780 plns
937 4711 1087 4764 Communia
1106 4710 1179 4779 uero]
1198 4715 1234 4778 cs.
1252 4714 1398 4768 Proeti.

84 4789 123 4837 28
200 4783 342 4849 80ligoris
411 4785 443 4834 32
462 4783 546 4847 epicos
566 4797 617 4831 non
686 4783 719 4832 33
737 4781 786 4830 mis
839 4783 973 4831 mntnrriti
1025 4779 1130 4847 nomen]
1150 4781 1296 4848 numerem!
1366 4783 1399 4833 34

85 4855 193 4905 Graeca
211 4849 302 4920 igitur]
323 4852 407 4902 Prisc.
427 4855 443 4902 l.
463 4853 480 4903 t.
502 4853 539 4901 33

112 4954 219 4995 (tun.
231 4960 284 4992 nar.
297 4950 380 4992 suren.
1180 4937 1196 4988 9
