3390 5444
558 377 705 430 coenus
723 375 930 432 unaunnsm
948 379 990 432 aa.
1116 394 1119 400 ·
1365 375 1424 440 179

212 566 356 638 ‘Clraus’‚
379 576 413 630 ut
441 569 483 628 ait
515 568 549 628 ln
580 565 746 646 epistola
773 566 815 627 ad
844 566 1026 627 Euodium
1055 567 1284 645 Augustinus
1312 565 1425 626 Graece

119 667 236 730 dicitur
259 668 388 731 chasma.

212 871 224 954 l¹
243 873 262 934 i.
279 869 317 933 po
335 871 351 956 1)
374 872 446 934 Nam
470 873 578 933 necin
601 873 649 934 his
671 874 744 952 ipsis
767 871 906 933 uidelicet
930 873 996 933 ‘sis’
1013 881 1042 934 et
1064 872 1162 933 ‘uelis’
1187 889 1284 951 neque
1307 873 1336 931 in
1360 871 1426 933 aliis

120 973 228 1036 acerbis
262 975 463 1037 coniunctiuis
496 975 649 1054 praeteriti
683 974 730 1035 uel
762 975 854 1036 iuturl
889 972 978 1035 debet
1009 971 1157 1036 ullatenus
1184 977 1213 1034 in
1244 974 1426 1053 paenultima

89 1075 250 1156 opturatis
272 1077 388 1138 numeri
412 1077 576 1157 primarum
600 1095 652 1138 scu
676 1075 873 1137 secundarum
897 1093 1092 1154 personarum
1109 1078 1220 1155 corripi
1243 1084 1317 1136 teste
1341 1075 1426 1136 Ser-

120 1181 187 1241 uio
209 1196 299 1258 super
322 1176 525 1257 Virgilium
548 1179 584 1239 in
609 1177 708 1239 libro
732 1177 773 1238 lll
796 1177 1047 1239 Aeneidorum
1070 1177 1107 1238 dc
1130 1177 1292 1258 praeterito

232 1281 441 1359 Egerimus,
465 1281 565 1341 nosti
590 1286 625 1340 ct
647 1281 801 1340 nimium
825 1282 1042 1341 meminisse
1066 1297 1223 1340 neccsse
1247 1288 1313 1340 est.

118 1384 173 1445 an
200 1383 296 1444 enirn:
333 1381 393 1444 ‘lli
430 1381 663 1443 necessitate
700 1383 808 1442 metri
845 1383 1057 1462 corripuit?
1107 1381 1144 1442 Et
1173 1381 1360 1442 lutrcncus
1388 1381 1425 1441 de

119 1484 225 1545 tuturo
246 1491 387 1546 testatur:
777 1485 780 1494 '

81 1601 107 1640 ¹0
301 1587 373 1648 Nec
396 1584 554 1648 canibus
576 1593 745 1646 sanctum
769 1585 953 1646 dederitis
975 1603 1069 1647 neue
1092 1582 1232 1647 uelitis.

121 1688 163 1748 Et
185 1689 417 1767 Augustinus
438 1689 476 1748 in
499 1685 599 1748 libro
622 1687 664 1748 de
687 1687 865 1749 doctrina
889 1686 1118 1757 Christiana,
1142 1684 1194 1746 ubi
1218 1704 1331 1765 ponens
1353 1687 1425 1749 illud

122 1790 268 1870 apostoli:
293 1791 409 1851 ‘Carnis
431 1806 533 1850 curam
556 1807 594 1850 ne
617 1788 747 1851 leocritia
769 1791 800 1850 in
824 1788 1102 1867 concupescentiis',
1127 1787 1283 1849 euidenter
1298 1789 1426 1851 ostendit

121 1891 285 1953 ‘feceritis'
308 1909 373 1952 esse
395 1890 578 1952 dichoreum.

211 1992 256 2054 hb
278 1991 453 2055 ‘adolosco’
478 1992 571 2054 uerbo
596 1995 678 2054 uenit
700 1994 889 2074 participium
914 1992 1133 2062 ‘adolescens',
1164 1991 1202 2053 ob
1230 1995 1315 2054 cuius
1342 1994 1423 2056 dille·

82 2111 109 2151 ra
124 2097 256 2156 rentiam
291 2092 378 2156 docet
410 2095 529 2175 Caper
562 2097 788 2176 antiquissimus
811 2102 840 2156 et
862 2095 1054 2156 doctissimus
1085 2094 1122 2152 in
1151 2091 1424 2176 orthographia

122 2215 207 2267 sua,
231 2195 309 2276 quod
333 2198 416 2276 peri
438 2195 592 2274 protertur
615 2217 723 2260 nomen
746 2197 952 2265 aduliscens,
976 2194 1055 2256 unde
1078 2195 1225 2258 diriuatur
1249 2197 1425 2260 ‘adoliscen-

123 2299 189 2369 tia',
213 2298 388 2359 diminuitur
410 2297 677 2370 ‘adoliscentulus',
701 2305 883 2380 propagatur
905 2297 1148 2360 ‘adoliscentior’.

213 2501 225 2583 ll
244 2501 262 2562 l.
281 2498 322 2565 8¹>
340 2498 352 2584 ll
376 2500 529 2582 ‘Explicit’
545 2501 626 2565 nullo
648 2501 736 2564 modo
759 2501 816 2563 dici
840 2503 918 2582 quit,
942 2503 998 2564 nisi
1022 2501 1204 2563 consuetudo
1226 2512 1349 2582 patrona
1371 2507 1424 2574 sit:

125 2605 288 2666 auctoritas
321 2605 400 2664 eninr
429 2613 459 2666 et
486 2605 562 2666 ratio
585 2603 706 2683 regulae
734 2604 840 2665 delicit.
885 2605 1019 2684 Denique
1048 2601 1152 2664 beatus
1183 2603 1426 2687 llicronpruus

81 2725 109 2764 ao
124 2709 163 2768 in
187 2704 436 2788 epistolarum
459 2725 527 2768 una
550 2724 696 2768 suarum
720 2706 830 2768 latetur
858 2704 956 2766 solere
978 2705 1037 2767 dici
1066 2704 1225 2786 ‘explicuit
1253 2705 1347 2767 liber’
1377 2706 1425 2769 uel

124 2808 350 2888 ‘explicuerunt
370 2806 522 2888 capitula’‚
551 2807 618 2869 ideo
640 2810 708 2889 quia
732 2809 771 2869 ita
794 2809 947 2889 profertur
969 2815 1125 2887 corrupte:
1155 2825 1226 2868 reor
1248 2807 1276 2868 id
1300 2812 1425 2889 scripto-

120 2931 190 2974 rum
216 2913 289 2974 uitio
311 2909 462 2981 accidisse,
487 2920 520 2970 ut
541 2910 657 2973 dicatur
680 2911 825 2991 ‘explicit'
849 2928 904 2990 pro
928 2908 1081 2990 ‘explicat'
1098 2907 1145 2969 uel
1162 2909 1338 2990 ‘explicuit’.

211 3011 427 3083 ‘Adulescens',
445 3021 477 3073 ut
492 3013 609 3092 Caper
631 3013 666 3072 in
690 3012 927 3091 orthogralia
950 3031 1012 3074 sua
1037 3019 1168 3082 testatur,
1186 3011 1357 3074 nullomodo
1380 3021 1424 3073 ost

123 3113 300 3184 dicendum:
335 3113 418 3174 uenit
448 3115 541 3185 enim,
574 3115 654 3174 sicut
688 3112 766 3173 idem
801 3113 955 3175 euidenter
976 3114 1094 3193 pandit,
1128 3113 1165 3174 ab
1189 3113 1327 3175 ‘adoleo’
1350 3113 1427 3176 idest

81 3236 107 3276 ss
123 3234 230 3277 cresco
253 3214 348 3277 uerbo
370 3217 557 3297 participium
582 3211 780 3275 ‘adolescens’
805 3222 834 3275 et
856 3231 963 3276 nornen
987 3214 1189 3286 ‘adoliscens’,
1213 3225 1244 3276 ot
1266 3221 1424 3296 utrumque

122 3335 179 3396 per
202 3335 220 3376 o
244 3315 400 3386 uidelicet,
430 3335 465 3378 eo
489 3317 567 3395 quod
590 3315 773 3386 abolendo,
804 3315 881 3377 idest
903 3316 1067 3379 crescendo
1090 3318 1201 3379 dictum
1225 3321 1277 3379 sit:
1303 3328 1425 3399 propter

122 3418 323 3481 dillerentiam
355 3427 454 3479 tamen
489 3436 595 3480 nornen
628 3419 726 3499 ipsum
760 3437 815 3499 per
842 3419 853 3478 i
881 3418 939 3479 dici
974 3417 1085 3479 debere
1119 3418 1201 3480 dicit.
1247 3418 1425 3482 alcuinus

122 3524 230 3590 ctiam,
261 3519 353 3580 ueluti
382 3519 485 3580 debuit
512 3521 561 3582 uir
589 3529 708 3580 sanctus
737 3527 767 3580 et
795 3520 913 3592 doctus,
946 3519 1193 3582 ‘adoliscentem'
1221 3541 1275 3601 per
1304 3541 1423 3583 amaram

123 3621 357 3692 bibliothecam,
389 3620 440 3682 uhi
468 3619 608 3683 uidelicet
635 3639 695 3682 non
724 3623 927 3702 participium,
957 3622 1008 3683 sed
1031 3640 1149 3702 semper
1173 3641 1280 3684 nomon
1304 3623 1333 3685 id
1357 3643 1424 3704 rep-

82 3745 109 3782 :ro
125 3725 222 3805 perit,
247 3726 314 3784 iure
335 3740 390 3801 per
410 3725 420 3782 i
442 3723 655 3802 proterendum
679 3725 822 3796 correxit,
847 3733 893 3786 ut:
923 3723 1100 3785 ‘aduliscens
1123 3723 1177 3784 tihi
1200 3724 1281 3785 dico:
1313 3731 1423 3804 surge’‚

124 3835 170 3888 et:
194 3825 281 3886 ‘dixit
303 3823 512 3886 adoliscentior
535 3845 569 3887 ex
594 3825 650 3887 illis
673 3827 763 3907 patri’
786 3836 817 3886 et
838 3827 880 3886 ‘in
897 3845 956 3906 quo
971 3829 1101 3905 corriget
1122 3823 1330 3888 aduliscentiae
1346 3830 1423 3889 ariam

120 3929 220 3992 suam’
244 3937 273 3988 et
294 3925 540 3989 ‘adolisceutulus
561 3946 627 3990 sum
650 3945 706 4006 ego
729 3934 759 3988 et
781 3929 992 4008 contemptus’.
1042 3927 1086 3991 Ab
1109 3928 1327 3990 ‘adoliscente'
1352 3949 1424 3990 uero

123 4049 234 4093 nomen
258 4037 375 4092 constat
397 4027 647 4092 ‘adoliscentiam'
672 4031 790 4101 uenire,
823 4047 857 4090 ac
879 4048 933 4110 per
961 4030 1017 4091 hoc
1046 4030 1148 4111 procul
1177 4029 1269 4091 dubio
1297 4032 1337 4091 ita
1366 4031 1423 4090 dici

123 4141 207 4193 recte
230 4131 349 4193 debere.
395 4132 427 4193 Si
451 4133 517 4212 quis
539 4141 639 4194 autem
661 4141 759 4213 putat,
783 4131 863 4213 quod
885 4131 961 4194 sicut
983 4131 1124 4194 ‘adultus'
1140 4132 1257 4202 dicitur,
1281 4135 1323 4193 sic
1339 4132 1423 4193 ‘adu-

83 4233 258 4296 aalescens'
281 4252 398 4314 quoque
420 4252 475 4313 per
497 4252 516 4293 u
540 4232 598 4295 (lici
621 4234 742 4306 debeat,
773 4233 865 4295 dubio
887 4234 990 4314 procul
1020 4243 1114 4306 crrat;
1144 4236 1317 4313 frequenter
1345 4237 1422 4295 enim

123 4455 177 4505 sole
194 4479 229 4489 -
246 4467 339 4504 errrore
361 4465 518 4504 monstratur
539 4455 630 4504 eterrim
658 4455 724 4504 sicut
741 4455 796 4504 dies
815 4469 963 4506 antecessum
982 4456 1065 4506 noctis
1084 4471 1219 4523 uesperum
1237 4455 1326 4514 habet,
1345 4457 1382 4504 sic
1401 4468 1425 4503 oc

124 4537 176 4572 nans
194 4521 245 4573 diei
264 4533 355 4572 exortu
373 4537 506 4588 uesperam
526 4523 601 4572 habet
619 4535 644 4572 et
662 4531 700 4572 est
718 4525 815 4588 primae
832 4522 1010 4574 declinationis
1029 4536 1076 4579 etc.

193 4587 295 4641 ICaus
363 4593 484 4641 icasma
553 4589 739 4656 liligerimus]
763 4591 842 4656 Verp.
862 4594 928 4642 Aen.
949 4591 990 4640 VI
1009 4595 1059 4642 514
1144 4587 1319 4659 8luuencus]
1340 4593 1370 4641 h.
1390 4591 1426 4640 II

123 4661 164 4710 ed.
184 4657 250 4710 Ben.
270 4665 327 4710 tom,
346 4658 394 4708 IV
410 4675 435 4723 p.
454 4661 487 4708 ⁶0
505 4660 529 4708 n
600 4657 848 4724 10saucaum1teh
921 4661 952 4710 15
971 4656 1064 4725 Caper]
1084 4661 1166 4725 Apud
1182 4661 1292 4725 Capram
1310 4659 1425 4709 Putarlu’i

122 4727 241 4794 pastu-3
264 4727 367 4777 sitnisi
387 4727 451 4778 haec
471 4729 644 4778 inueniuntur:
669 4728 819 4780 adulescens
838 4741 931 4778 nomen
950 4739 1001 4788 cst,
1023 4727 1173 4778 adolescens
1192 4729 1355 4794 participium
1375 4740 1423 4791 est,

124 4811 189 4860 pune
206 4802 232 4844 et
248 4794 282 4844 nh
299 4795 331 4845 iia
348 4810 413 4860 quae
435 4795 482 4846 boe
504 4799 559 4847 loco
584 4797 702 4846 dicuntur
724 4805 750 4847 et
767 4798 817 4846 illia
839 4813 904 4862 quae
926 4796 998 4859 tarpio
1015 4813 1036 4849 u.
1057 4799 1093 4846 23
1110 4812 1163 4862 seq.
1187 4797 1323 4858 habeatur,
1349 4797 1423 4845 acalcie

123 4866 281 4930 clismepnnt.
351 4865 381 4913 31
402 4874 426 4913 ct
443 4863 468 4912 in
487 4877 518 4914 co
745 4881 752 4892 ·

1164 4947 1214 5000 12*
