3412 5452
305 357 386 406 cmv
474 402 478 407 ,
847 340 1040 394 ΡιιοΒιΔιιι.

389 533 496 595 Petri
516 535 681 594 Iliaconi
700 539 790 592 notnc
812 549 831 590 a
855 531 1041 592 Mommseno
1064 528 1095 591 in
1118 537 1257 592 natarum
1279 534 1427 592 laterculo
1443 549 1478 608 p.
1499 537 1594 590 331-

304 645 364 698 346
387 655 427 699 ca
448 638 551 697 eodem
572 637 677 698 codiee
700 637 851 695 Beruensi
875 635 976 695 editoe
1003 651 1173 710 actamquae
1196 637 1293 711 parui
1312 637 1432 695 omnino
1454 636 1496 694 ad
1517 643 1592 696 uele-

303 757 370 802 rum
391 755 503 800 morem
524 739 763 814 copnoscendum
784 740 926 798 momenti
945 745 1029 812 sunt,
1053 745 1154 798 tamen
1176 741 1249 813 quia
1264 739 1396 798 codicem
1412 738 1593 797 Beruensem

303 859 393 904 unum
415 859 447 902 se
467 847 599 902 seculum
621 857 684 901 csse
706 843 760 916 qui
779 843 956 900 nouissimus
977 841 1073 900 edidit
1092 839 1250 916 professus
1271 846 1314 901 est
1330 857 1365 916 p.
1391 847 1448 900 332
1470 842 1594 900 alterius

300 947 373 1005 libri
400 945 542 1005 Vaticani
566 943 776 1020 speciminibus
803 944 945 1004 nonnisi
970 959 1045 1003 raro
1073 943 1186 1003 additis
1192 959 1212 1021 ,⁴
1232 959 1344 1018 operae
1365 944 1498 1019 pretium
1522 941 1594 1016 sore

302 1048 469 1120 uidebatur,
495 1063 573 1122 quae
595 1047 634 1106 ab
656 1047 709 1106 illo
731 1042 840 1106 omissa
862 1053 976 1118 essent,
1000 1046 1079 1106 libro
1101 1046 1199 1105 denuo
1221 1063 1347 1106 excusso
1369 1053 1515 1106 accurate
1536 1049 1593 1106 eol·

300 1153 380 1211 lecta
401 1150 561 1210 corollarii
580 1146 680 1210 instar
702 1149 772 1209 leuia
792 1149 1061 1223 prammalieorum
1077 1148 1221 1208 uolumini
1234 1149 1322 1222 quasi
1340 1150 1595 1224 supplementario

301 1255 445 1312 inserere.
494 1249 661 1321 Quodnam
686 1249 842 1324 fecissem,
872 1251 932 1309 nisi
953 1248 1166 1323 Mommsenio,
1197 1267 1282 1324 quem
1309 1251 1480 1310 litterarum
1508 1260 1594 1311 notos

300 1358 383 1430 ipsas
402 1369 518 1414 summa
538 1353 600 1423 fide
621 1369 659 1412 ne
681 1369 740 1413 ano
762 1353 882 1428 quidem
904 1368 1009 1412 errore
1023 1354 1176 1412 commisso
1191 1353 1381 1429 descripsisse
1394 1355 1496 1412 statim
1519 1355 1591 1428 uidi,

301 1459 333 1516 in
350 1454 559 1532 praefationis
580 1471 695 1530 quoqne
717 1456 816 1515 nadis
837 1456 1052 1516 constituendis
1073 1458 1170 1530 ipsam
1192 1463 1369 1531 corruptam
1389 1456 1504 1516 codicis
1518 1455 1591 1516 Ber-

300 1561 401 1619 nensis
427 1560 554 1634 speciem
582 1559 808 1618 accuratissime
835 1559 1008 1633 exprimere
1035 1553 1163 1618 admisse
1189 1559 1263 1618 milii
1288 1560 1369 1618 uisus
1390 1564 1465 1618 esset
1487 1565 1543 1619 ant
1564 1561 1593 1619 in

299 1667 411 1722 tectum
440 1677 527 1737 quem
555 1669 666 1740 nocant
693 1661 869 1736 recipiendo
896 1669 949 1719 anet
973 1661 1105 1732 fideliter
1133 1661 1211 1720 inter
1237 1661 1448 1721 adnotationes
1469 1663 1594 1722 criticas

298 1765 568 1825 commemorando.
612 1764 722 1838 ltaque
749 1759 794 1823 sic
821 1769 855 1822 tu
881 1763 1004 1835 andelo,
1034 1778 1081 1822 me
1101 1779 1138 1821 en
1159 1764 1225 1822 sola
1253 1763 1423 1837 collepisse,
1454 1781 1535 1838 quoe
1556 1766 1593 1825 ob

298 1869 352 1928 illo
376 1873 430 1927 out
452 1867 562 1927 omissa
583 1872 637 1926 aut
654 1881 768 1942 parum
791 1871 938 1927 accurate
959 1866 1112 1941 deseriplo
1128 1870 1239 1926 essent.

384 1987 412 2048 p.
435 1963 498 2028 333
521 1968 558 2028 M.
582 1964 603 2027 3
626 1965 813 2047 apocrisarii]
838 1965 1030 2047 apochrisarii
1095 1963 1115 2026 4
1137 1965 1259 2047 imperi]
1282 1967 1400 2046 imperii
1422 1969 1592 2046 (ippollleta

297 2074 451 2133 errauisse
472 2069 608 2146 uidetur)
674 2067 850 2148 sandaliari]
879 2067 1066 2138 candelianii,
1094 2073 1127 2130 in
1154 2085 1252 2144 morp.
1283 2074 1311 2130 ai
1338 2067 1509 2131 cancellarii
1572 2069 1592 2132 5

1414 2151 1449 2192 his
1488 2151 1567 2192 ilerum

298 2203 408 2289 paene]
431 2225 508 2287 pene
597 2202 636 2266 12
658 2204 759 2286 Boin]
783 2223 923 2266 romanus
1011 2202 1049 2266 17
1072 2204 1109 2266 de
1131 2205 1176 2265 his
1198 2204 1319 2286 uerum]
1350 2205 1387 2267 de
1415 2205 1462 2280 his
1485 2225 1591 2280 uerum

297 2327 453 2386 suprascr.
476 2327 514 2369 m.
537 2310 582 2370 ΙΙ.
1350 2309 1356 2320 ”
1665 2387 1668 2394 Ι

381 2429 411 2490 p.
427 2406 537 2479 334,2
558 2408 700 2491 syllabas]
724 2408 844 2470 sillabas
906 2409 928 2471 5
951 2429 1003 2488 pes·
1019 2410 1192 2490 ‚huiusmodi
1215 2419 1300 2472 nolas
1322 2411 1478 2473 breuitatis
1501 2431 1590 2474 causa

297 2519 330 2573 ul
351 2516 382 2573 in
404 2529 502 2589 morp.
525 2514 623 2588 suppl.
710 2508 806 2592 8per
830 2493 879 2590 ·7'·]
904 2530 956 2588 per
980 2513 1034 2585 ·§r·,
1058 2511 1092 2572 n'n
1113 2529 1210 2588 marp.
1237 2511 1275 2589 -ᾼ
1344 2511 1376 2573 11
1405 2513 1517 2594 adhuc]
1541 2515 1590 2574 ad-

298 2614 379 2698 hunc
447 2611 485 2674 12
508 2613 698 2694 biuiumest]
721 2617 933 2676 esliineadel.
997 2611 1035 2675 14
1057 2613 1241 2695 Secundum]
1259 2615 1334 2678 Selia
1398 2612 1441 2677 25
1462 2634 1517 2696 per
1541 2616 1589 2698 ea]

298 2736 331 2777 ca
355 2719 436 2778 deest
500 2713 648 2797 asquia]
672 2714 746 2796 quia.

382 2821 453 2881 Post
473 2821 719 2895 subscriptionem
743 2819 954 2882 Moreonouae
974 2823 1005 2880 in
1027 2827 1167 2881 notarum
1186 2823 1247 2894 fine
1272 2825 1465 2894 collocatam,
1500 2839 1590 2896 quem

298 2922 496 2983 Mommsenus
512 2939 547 2998 p.
565 2929 620 2980 331
641 2920 803 2998 descripsit
816 2921 994 3002 (deuotis-n]
1018 2919 1194 3001 deuotis‘s's.)‚
1218 2927 1298 2998 quod
1318 2927 1453 2998 seminar
1468 2929 1590 3000 popina

291 3027 436 3100 proxima
454 3023 484 3095 f.
508 3023 718 3083 cellita
739 3026 777 3084 de
798 3041 924 3085 numero
944 3034 1038 3102 caput
1061 3026 1118 3101 (cf.
1139 3027 1312 3087 Mommseni
1331 3027 1434 3087 adnot.
1454 3045 1486 3102 p.
1505 3033 1587 3103 331),
1701 3048 1702 3071 ι

295 3127 390 3186 simile
417 3133 460 3186 est
480 3127 526 3185 illi
547 3123 711 3198 tractatui,
742 3144 827 3202 quem
844 3130 966 3202 popina
987 3130 1182 3189 antecedente
1204 3136 1262 3188 330
1282 3146 1322 3189 en
1343 3131 1446 3190 codice
1467 3129 1589 3190 Eiresid·
1700 3165 1701 3178 ι

293 3229 371 3287 lensi
395 3229 498 3287 ultimo
529 3229 595 3287 loeo
623 3229 822 3288 Mommsenus
848 3230 952 3290 edidit.
998 3231 1185 3292 Praemisso:
1221 3231 1380 3308 ‘Sequitur
1403 3231 1440 3290 de
1461 3250 1588 3292 nisinen-o
1700 3281 1701 3288 ,

295 3326 476 3388 litterarum'
499 3331 587 3389 titulo
608 3348 627 3389 a
648 3331 750 3390 littera
772 3331 802 3388 E
820 3333 938 3391 initium
958 3331 1043 3408 capit
1067 3331 1097 3408 (Ε
1119 3331 1197 3408 CCL)
1221 3335 1386 3408 desinitque
1407 3337 1439 3394 in
1463 3334 1487 3392 Z
1509 3337 1588 3394 litte-

294 3447 361 3489 ram
385 3429 415 3508 (Z
438 3430 502 3491 Duo
525 3429 614 3507 osilia)
637 3438 710 3492 note
733 3434 808 3492 ‘mii'
832 3433 939 3507 ubique
959 3436 1077 3494 omissa.
1117 3436 1161 3494 to
1178 3436 1362 3496 Eiresidlensi
1381 3439 1475 3511 ipitur
1495 3438 1587 3496 loter-

294 3535 363 3593 σαι)
384 3550 445 3593 non
466 3535 528 3593 nese
547 3534 623 3594 naec
644 3534 834 3611 discrepant:
862 3533 898 3598 ιι.
915 3533 974 3605 ec,
1005 3535 1071 3604 1.1,
1096 3535 1129 3596 N.
1146 3535 1199 3606 xi,
1229 3535 1263 3606 ο.
1281 3537 1319 3608 o,
1344 3537 1378 3598 ι.
1396 3536 1481 3607 (ιιι,
1508 3538 1537 3598 ι.
1555 3537 1586 3606 n,
1699 3521 1700 3540 ¹

295 3635 324 3696 Z.
350 3634 413 3694 [luo
436 3633 525 3695 milia.
