3412 5452
843 313 1067 408 Ptslsdltnsst.

783 683 789 698 .
884 625 967 692 ess».
992 626 1037 691 ΙΙ.

450 780 509 846 ΒΕ
533 779 723 856 ALIQVOT
745 779 967 847 PRISOIANI
989 776 1219 846 GODIOIBVS
1241 775 1476 843 HACTENVS

829 895 1093 966 INOOGNITIS.

401 1075 427 1154 1)
453 1077 538 1136 Elias
560 1077 719 1138 Pulseltius
737 1074 844 1152 praef.
863 1092 898 1151 0.
924 1082 951 1149 3,
972 1081 1133 1151 postquam
1154 1072 1302 1133 librorum
1324 1057 1609 1145 0000000000ωοοη

315 1181 358 1238 00
378 1179 598 1239 0000000000
620 1175 814 1239 Priscianum
836 1175 1043 1238 adhibitorum
1065 1173 1254 1250 aliorumque
1273 1175 1411 1235 00000000
1432 1177 1609 1234 mentionem

311 1281 402 1354 secli,
425 1281 482 1341 boe
503 1277 662 1341 subintulit
681 1282 756 1342 satis
776 1279 982 1340 memorabile:
1004 1279 1162 1338 ‘lacunae
1176 1275 1293 1352 aliquot
1313 1282 1445 1346 restant,
1468 1293 1557 1351 0000,
1580 1285 1610 1335 00

313 1399 484 1459 speramus,
509 1400 549 1442 ex
572 1382 604 1441 P.
628 1381 750 1442 Patauii
769 1383 926 1443 Senatoris
948 1382 1038 1456 000000
1057 1381 1177 1455 codice,
1209 1395 1294 1454 quem
1315 1379 1362 1438 llis
1384 1375 1505 1438 excusis
1528 1394 1609 1438 0000-

311 1487 427 1563 pimus,
451 1487 482 1545 in
503 1485 582 1545 notis
603 1485 811 1560 explebimus?
842 1483 909 1555 Oua
923 1485 961 1543 de
975 1500 1010 1543 re
1023 1485 1169 1543 Hertzius
1177 1479 1286 1557 praes.
1299 1497 1333 1556 p.
1351 1479 1466 1540 XXVI
1479 1487 1540 1539 not.
1558 1486 1612 1538 too

316 1590 360 1648 ita
383 1587 567 1662 0000000000,
600 1592 633 1646 00
654 1602 727 1662 0000
743 1583 931 1662 potissimum
956 1585 1114 1645 Putscbius
1135 1585 1229 1643 libros
1250 1584 1449 1657 00οἰ0000000
1470 1580 1613 1657 expediri

274 1767 280 1778 ¹
313 1706 400 1765 posse
426 1691 570 1748 maiorem
592 1695 715 1765 portem
744 1695 880 1763 0000000.
926 1688 1046 1747 Ρο00000
1071 1684 1169 1761 initur
1195 1685 1323 1759 codicis,
1355 1686 1439 1744 cuius
1466 1685 1610 1743 memoria

316 1792 386 1852 inde
409 1809 429 1850 u
444 1787 582 1851 Pntscltii
602 1798 699 1850 morte
714 1797 919 1867 praematuro
939 1786 1060 1864 penitus
1076 1789 1234 1862 obmutuit,
1259 1787 1317 1847 duo
1335 1784 1417 1859 folio
1440 1786 1485 1845 00
1506 1793 1611 1846 nostru

316 1900 453 1969 tempora
476 1893 662 1953 deuenerunt
684 1899 773 1968 00000
801 1892 891 1952 bodie
911 1893 943 1950 in
964 1891 1159 1951 bibliothecae
1181 1889 1346 1950 Beruensis
1366 1889 1434 1949 cod.
1459 1889 1486 1947 Α
1510 1893 1557 1962 90,
1577 1894 1612 1946 22

314 2001 433 2056 entant.
479 1993 562 2066 Quae
583 1991 704 2070 quidem
723 1993 806 2066 solia
830 1991 954 2066 formae
975 1995 1128 2054 maximoe
1141 1994 1249 2053 litteris
1263 1987 1468 2051 minutissimis
1482 2005 1566 2050 saec.
1583 1990 1612 2048 X

314 2099 429 2173 scripta
451 2099 580 2186 alterum
603 2096 699 2156 Prisc.
715 2096 766 2155 lib.
784 2095 817 2154 X
825 2094 906 2155 VIII
919 2113 955 2171 0.
975 2101 1040 2170 217,
1059 2101 1212 2169 20-223,
1236 2101 1272 2152 12
1282 2093 1326 2168 Ἠ,
1351 2095 1483 2153 alterium
1496 2092 1615 2152 XVIII

310 2217 345 2276 p.
371 2205 437 2272 230,
456 2205 533 2258 8-
548 2204 616 2272 235,
636 2203 675 2256 24
696 2198 862 2258 continent:
885 2199 930 2257 itu
945 2194 1041 2272 000000
1055 2213 1118 2258 0000
1132 2198 1259 2258 inuicem
1280 2197 1453 2273 excipiunt,
1477 2202 1510 2255 ut
1525 2209 1613 2255 unum

316 2309 395 2375 inter
416 2317 453 2360 ea
471 2299 581 2374 solium
604 2297 793 2360 intercidisse
813 2299 1003 2360 statuendum
1025 2302 1074 2360 sit.
1112 2301 1231 2360 Petauii
1244 2306 1343 2359 autem
1358 2299 1471 2358 codicis
1485 2297 1614 2370 00000000

317 2420 372 2464 000
392 2405 530 2465 manibus
552 2409 667 2476 tenere,
690 2408 818 2463 testatur
839 2403 1018 2476 subscriptio
1039 2399 1073 2462 00
1093 2402 1209 2476 prioris
1219 2400 1294 2474 solii
1306 2402 1445 2474 maraine
1458 2397 1523 2459 ima
1540 2415 1613 2474 ,oro-

308 2509 429 2583 posita:
451 2507 486 2566 P.
503 2503 671 2579 Petouii,
694 2506 749 2566 sub
764 2522 825 2579 000
841 2506 941 2564 altero
956 2510 1042 2564 extat
1057 2505 1120 2563 alio
1135 2519 1226 2562 manu
1240 2505 1373 2577 00000000
1397 2501 1612 2561 Ρο0000000.

318 2608 400 2680 (luae
427 2625 495 2669 cnm
523 2609 643 2669 omnino
672 2608 866 2682 0000000000
894 2609 954 2667 sint
982 2608 1138 2681 utriusque
1166 2607 1229 2664 uiri
1256 2605 1434 2678 doctissimi,
1464 2607 1527 2663 ium
1554 2619 1614 2663 nou

310 2717 410 2786 potest
437 2711 583 2786 dubitari,
612 2712 684 2785 quin
712 2709 747 2769 P.
772 2709 915 2770 Petouius
938 2706 1020 2781 solia
1048 2711 1107 2790 isto
1134 2707 1278 2768 Putsclsio
1309 2706 1526 2778 transmiserit,
1558 2719 1615 2778 000

311 2812 402 2887 sacto
427 2818 496 2888 post
523 2809 662 2872 Putscbii
689 2799 814 2872 mortem
842 2828 903 2872 000
931 2828 997 2871 oum
1020 2812 1127 2871 ceteris
1148 2809 1343 2869 bibliothecae
1364 2807 1610 2882 Bonoorsionae,

236 2991 244 3005 .
316 2914 423 2990 quibus
444 2914 605 2974 Pulsebius
625 2930 696 2973 usus
717 2920 800 2988 erut,
829 2910 919 2973 libris
941 2909 1043 2972 nescio
1065 2929 1124 2987 000
1143 2911 1215 2984 fato
1237 2912 1280 2970 ud
1300 2910 1444 2971 Iacobum
1467 2907 1610 2983 Benear-

315 3019 391 3077 0000
414 3016 516 3075 delata
537 3021 616 3075 sunt.
661 3014 800 3089 Ipsorum
823 3031 928 3074 uerum
946 3013 1093 3087 soliorum
1115 3015 1141 3072 is
1161 3020 1206 3072 est
1227 3013 1361 3086 babitus,
1386 3017 1419 3072 ut
1431 3013 1526 3071 multo
1549 3013 1609 3071 iam

315 3134 450 3194 empore,
481 3123 555 3177 onte
582 3132 672 3192 quarn
695 3117 816 3176 Petonii
837 3116 929 3189 facta
955 3123 1039 3189 sunt,
1069 3133 1109 3175 00
1135 3115 1249 3176 codicis
1275 3100 1324 3175 000
1349 3115 1519 3188 0000000000
1536 3128 1607 3188 per·

322 3213 415 3295 petua
437 3211 539 3279 esiolsa
558 3218 657 3290 fuisse
672 3224 797 3293 pateat,
821 3220 933 3293 000000
954 3233 1032 3292 quae
1048 3233 1110 3292 pro
1124 3217 1197 3276 libri
1210 3217 1337 3276 alicuius
1358 3220 1529 3290 0000000000
1548 3212 1614 3285 sne-

321 3324 383 3382 rim
404 3322 557 3396 multaque
579 3320 650 3381 inde
667 3319 765 3394 foeda
787 3321 940 3379 seruitutis
962 3315 1189 3392 indianissimoe
1202 3316 1292 3392 00000
1307 3319 1469 3377 traxerint.
1507 3315 1615 3389 Itaque

317 3423 477 3484 uerisimile
499 3430 557 3500 est,
586 3439 654 3484 eum
676 3423 790 3483 codicis
813 3422 980 3481 Petouiani
999 3423 1176 3480 mentionem
1195 3419 1333 3493 faceret,
1359 3417 1533 3478 Pntsebium
1556 3432 1615 3476 non

316 3525 376 3586 nisi
398 3526 457 3584 000
480 3526 537 3585 0000
556 3522 636 3596 solia
659 3526 851 3584 intellexisse.
892 3522 974 3594 Quae
995 3540 1063 3583 cum
1080 3524 1123 3581 00
1136 3524 1277 3582 editionis
1293 3521 1496 3581 Hertzionae
1517 3535 1614 3578 00000-

318 3629 401 3704 plum
423 3627 663 3699 contulissemus,
694 3625 729 3685 ob
751 3626 886 3700 aliquam
907 3627 955 3684 rei
976 3623 1198 3698 famositatem,
1234 3640 1319 3698 ouem
1341 3624 1411 3683 inde
1428 3623 1615 3700 percepisse-

320 3746 385 3790 mus
404 3727 555 3802 sructum,
579 3744 647 3788 eum
668 3729 745 3788 uiris
766 3726 863 3788 doctis
884 3727 1167 3788 communicandum
1189 3741 1251 3786 esse
1272 3726 1450 3786 censuimus.

398 3863 456 3938 fol.
480 3862 501 3922 I
519 3863 614 3923 Prisc.
639 3862 758 3933 XVIII
775 3879 808 3940 p.
834 3869 900 3936 217,
927 3869 1027 3922 20—-
1051 3868 1117 3939 223,
1143 3860 1275 3980 12H4¹

403 3995 446 4060 20
467 3999 596 4077 fugitans
618 3995 693 4060 lites.
728 3999 904 4060 Terrentius
968 3993 1011 4058 24
1033 4015 1109 4077 quae
1131 3953 1509 4074 hahenimsiffnmcutonem
1576 3989 1616 4055 25

310 4100 505 4164 'uerbialibus
569 4097 610 4162 26
633 4103 774 4179 coniungi
840 4095 949 4169 218,9
972 4099 1146 4178 significatio
1202 4098 1302 4176 indiga
1369 4093 1409 4158 12
1430 4097 1539 4157 horum
1563 4115 1615 4173 ego

272 4222 434 4283 ·sempec
500 4199 539 4264 18
563 4203 639 4263 filius
661 4203 717 4263 luit
738 4205 805 4263 aiax
879 4199 919 4262 19
944 4199 1128 4262 aristalsrous
1192 4195 1234 4261 20
1257 4209 1287 4259 00
1308 4197 1401 4259 cliens
1424 4196 1510 4259 tullio
1575 4195 1615 4257 25

317 4305 437 4385 urbique
523 4302 595 4375 219,
618 4302 638 4365 2
659 4294 993 4369 ΠΕΡΙΠΟΤΗΤΙΚΑΥ
1057 4299 1259 4364 4000000000
1304 4311 1336 4362 ut
1357 4309 1428 4362 ante
1452 4301 1537 4363 utiHs
1558 4318 1613 4362 om.

315 4406 336 4469 9
358 4415 533 4488 0000000000
555 4406 603 4468 uel
626 4404 734 4467 debilis
813 4402 853 4466 14
875 4408 1038 4467 asscisount
1060 4402 1222 4466 onerabilis
1247 4405 1298 4480 (=
1313 4403 1507 4481 honorabilis)
1578 4399 1614 4462 15

316 4509 407 4571 michi
431 4516 476 4570 est
542 4505 579 4606 ll
603 4510 654 4589 qui
678 4508 806 4578 intimis,
831 4524 888 4568 om.
904 4509 933 4568 in
1002 4503 1040 4570 18
1063 4514 1220 4588 penetatur
1287 4501 1327 4566 19
1351 4505 1574 4586 aequiparentia

315 4596 473 4708 quomod?
492 4627 582 4689 uerbo
629 4617 805 4693 ΙΕΟΠΑΛΕ
862 4622 905 4686 24
921 4626 1010 4687 herus
1067 4622 1110 4686 26
1125 4626 1211 4705 inpar
1260 4621 1301 4686 27
1316 4627 1477 4705 propincus
1542 4619 1613 4691 220,

318 4728 521 4792 lucentius
586 4727 708 4810 201000
784 4725 951 4790 3iuenalis
1015 4725 1112 4807 5pro
1135 4726 1277 4788 marcello
1341 4723 1461 4788 ivm!
1484 4743 1519 4786 re
1540 4741 1614 4786 uera

320 4827 399 4892 9Εο
420 4833 499 4892 idem
521 4828 605 4900 0000
673 4828 710 4892 17
734 4833 820 4911 aequi
867 4848 961 4910 aequo
1028 4824 1067 4890 19
1089 4829 1173 4907 equis
1196 4831 1316 4889 uertitur
1380 4823 1422 4888 22
1443 4827 1563 4889 fluentis
