3390 5444
525 332 574 383 nu
593 333 733 385 nonum
752 332 955 386 erroremve.
1329 334 1389 398 153

91 520 221 581 diximus
250 529 278 580 et
304 521 442 581 inuenies
465 527 583 600 tempus
606 537 764 600 personam
787 539 944 582 numerum
968 521 1149 601 singularem
1171 523 1291 585 modum
1313 523 1389 583 iudi·

91 623 222 684 catiuum
246 622 385 691 litteram,
409 620 460 682 ubi
482 629 607 702 apparet
628 623 810 702 coniugatio:
835 631 903 684 ante
918 621 1058 692 litteram,
1082 625 1200 701 quando
1217 625 1311 686 actiua
1327 631 1387 693 est;

90 725 114 782 si
141 724 293 803 passiuam
322 725 428 792 iacies,
457 732 525 784 ante
553 722 697 804 syllabam
719 727 873 805 repperies
895 743 927 796 a,
956 743 1039 786 amor
1062 727 1178 786 amaris.
1223 726 1302 805 Ergo
1325 726 1350 786 si
1373 745 1389 787 a

90 825 194 894 luerit,
219 826 344 904 primam
367 826 604 902 coniugationem
629 825 711 894 lacit;
736 827 761 887 si
784 846 809 895 e.
833 827 1010 897 secundam,
1036 838 1067 888 ut
1090 827 1183 888 doceo
1206 827 1308 896 doces;
1332 829 1389 889 sii

64 927 199 996 eluerit,
227 927 345 988 tertiam
368 928 447 997 lacit,
471 945 558 988 unam
583 927 679 988 littera
701 934 847 1007 correpta,
872 935 905 988 ut
926 928 994 1006 lego
1015 926 1099 1006 legis,
1124 947 1212 990 unam
1236 927 1388 1009 producta,

90 1037 122 1088 ut
145 1030 245 1089 nutrio
268 1029 375 1088 nutris.
421 1027 457 1089 Et
478 1029 557 1089 unde
579 1028 792 1107 intellegimus,
822 1029 941 1108 quando
964 1036 1100 1108 correpta
1124 1037 1153 1090 et
1175 1030 1294 1109 quando
1318 1049 1388 1110 pro·

89 1129 199 1190 ducta?
243 1129 342 1190 Primo
371 1129 459 1190 modo
487 1131 677 1210 imperatiuo:
706 1132 732 1192 si
760 1133 790 1192 in
820 1149 836 1192 e
863 1130 979 1193 miserit
1006 1133 1037 1192 iu
1066 1133 1216 1211 praesenti
1244 1139 1388 1212 tempore,

88 1210 229 1310 correpta
258 1239 317 1299 est;
346 1233 427 1292 siin
456 1233 480 1301 i,
509 1232 654 1311 producta
684 1241 737 1293 est.
782 1231 920 1293 Secundo
948 1232 1037 1293 modo
1060 1231 1139 1294 unde
1162 1234 1389 1313 cognoscimus?

89 1333 132 1393 lle
155 1333 275 1412 passiuo
304 1333 396 1393 uerbo
418 1333 447 1393 iu
477 1333 605 1394 secunda
627 1351 756 1413 persona
779 1341 914 1413 ternpore
935 1337 1084 1413 praesenti
1107 1335 1195 1396 modo
1216 1335 1388 1396 indicatiuo.

52 1446 76 1484 1⁰
90 1433 122 1495 Si
146 1436 178 1494 in
202 1435 321 1514 passiuo
345 1453 361 1494 o
384 1435 483 1503 luerit,
507 1442 646 1514 correpta
669 1445 728 1503 est;
752 1436 777 1496 si
800 1437 818 1504 i,
843 1434 987 1513 producta
1010 1444 1064 1505 est,
1088 1444 1120 1497 ut
1134 1443 1205 1516 puta
1222 1436 1288 1516 lego
1304 1436 1387 1514 legis,

89 1537 136 1596 lac
166 1536 332 1615 passiuum:
361 1533 445 1614 legor
474 1533 594 1614 legeris,
625 1542 654 1595 et
681 1555 748 1597 cum
777 1543 845 1596 ante
867 1538 1058 1599 nouissimam
1082 1537 1225 1618 syllabam
1249 1559 1265 1600 e
1287 1537 1386 1606 babet.

89 1655 162 1715 ergo
190 1646 328 1715 correpte
357 1645 411 1698 est.
457 1636 529 1698 llam
559 1639 584 1697 si
612 1638 621 1696 i
648 1636 786 1708 haberet,
816 1637 1082 1718 iproduceretur,
1111 1638 1260 1719 quomodo
1288 1641 1389 1700 nutrio

89 1740 198 1808 nutris,
222 1739 268 1800 lac
289 1739 459 1818 passiuum:
484 1739 599 1799 nutrior
623 1740 754 1807 nutriris,
777 1742 911 1801 seruauit
933 1741 958 1800 i:
983 1759 1054 1819 ergo
1076 1742 1193 1822 quando
1217 1761 1233 1802 e
1256 1741 1297 1809 nt,
1321 1759 1387 1802 cor·

88 1849 176 1921 repta
204 1847 263 1909 est;
293 1839 411 1918 quando
438 1843 449 1900 i
476 1848 578 1901 seruat
603 1841 634 1902 in
662 1843 798 1920 passiuo,
827 1841 1012 1920 producitur.
1061 1839 1191 1922 †Tertia
1220 1844 1389 1920 coniugatio

54 1953 77 1992 1⁵
90 1941 237 2021 producta
259 1941 424 2002 differentia
448 1949 492 2003 est
513 1938 723 2024 induitiuolll.
741 1938 968 2024 morilucrum
995 1945 1021 2003 si
1044 1944 1222 2022 paenultima
1246 1942 1355 2024 syllaba
1378 1945 1389 2004 i

88 2043 243 2113 babuerit,
268 2043 457 2123 producitur,
482 2051 515 2106 ιιι
537 2039 636 2105 nutrio
660 2045 769 2115 nutris,
793 2045 840 2104 lac
860 2045 1041 2106 infinitiuum
1065 2045 1195 2112 nuttrire,
1221 2051 1250 2104 et
1272 2062 1340 2105 oum
1362 2047 1390 2105 ri

87 2145 177 2224 longa
201 2154 262 2214 est,
288 2153 317 2205 et
339 2146 513 2226 producitur
535 2143 656 2225 syllaba.
702 2145 750 2206 Sic
774 2162 844 2223 ergo
867 2145 1047 2224 colliguntur
1069 2146 1302 2224 coniugationes.

176 2246 275 2308 Prima
298 2255 358 2317 cst,
382 2266 457 2327 quac
480 2265 496 2308 a
519 2244 622 2317 habet,
653 2255 686 2306 ut
708 2265 774 2307 amo
796 2263 892 2312 arnas:
922 2246 1069 2318 secunda,
1093 2263 1168 2325 quae
1191 2265 1208 2308 e
1229 2245 1334 2316 babet,
1358 2254 1392 2308 ut

90 2349 185 2409 doceo
207 2348 312 2417 doces;
337 2350 433 2418 tortia,
457 2354 533 2429 quae
554 2349 565 2407 i
586 2347 677 2409 babet
698 2355 875 2428 correptam,
900 2356 933 2410 ut
946 2347 1014 2428 lego
1030 2347 1114 2427 legis,
1138 2357 1189 2410 aut
1203 2349 1389 2428 productam,

53 2464 77 2501 ιθ
91 2458 123 2512 ιιι
150 2451 253 2512 nutrio
283 2450 383 2510 nutris.
427 2449 465 2510 Et
487 2448 555 2529 quid
579 2469 653 2530 opus
675 2456 720 2510 est
743 2451 821 2511 scire
844 2451 1066 2528 coniugationes
1087 2458 1207 2528 praeter
1228 2450 1390 2510 indicatino

89 2551 180 2612 modo
209 2559 344 2631 tempore
372 2551 490 2612 iuturol
533 2549 637 2633 †Nam
666 2552 744 2611 inter
772 2553 997 2630 coniugatioues
1028 2558 1141 2612 tantum
1165 2552 1266 2611 uariae
1290 2552 1342 2619 sit;
1373 2569 1388 2610 a

89 2657 188 2736 prima
211 2635 417 2731 coniugatione
440 2659 472 2714 et
493 2652 622 2714 secunda
645 2655 675 2713 in
698 2652 736 2713 bo
759 2653 821 2713 exit
842 2671 974 2733 semper,
1002 2671 1069 2743 amo
1091 2651 1199 2738 amabo
1221 2652 1314 2714 doceo
1337 2649 1389 2711 do·

90 2755 177 2815 cebo.
230 2753 326 2815 Prima
361 2763 391 2816 et
422 2753 552 2816 secunda
584 2753 738 2815 indicatiui
765 2753 845 2815 modi
873 2756 966 2816 luturi
993 2755 1136 2834 temporis
1164 2756 1195 2814 in
1223 2752 1262 2814 bo
1290 2753 1389 2814 mittit.

89 2856 193 2917 Tertia
220 2864 356 2936 correpta
383 2857 414 2916 in
442 2874 488 2917 am
516 2874 650 2940 sempor,
680 2864 711 2917 ut
740 2854 806 2934 lego
834 2855 946 2936 legam;
974 2857 1062 2918 tertia
1090 2854 1233 2936 producta
1255 2857 1389 2916 futurum

54 2971 77 3010 ιι
91 2958 175 3018 uaria
199 2955 301 3035 regula
323 2959 406 3018 lacit:
430 2956 588 3036 aliquando
610 2959 641 3018 in
665 2976 711 3018 am
735 2964 765 3018 et
786 2959 816 3019 in
841 2957 879 3018 bo
901 2955 1005 3028 simul,
1028 2956 1186 3035 aliquando
1208 2959 1240 3017 in
1264 2957 1302 3017 bo
1324 2963 1389 3017 tan·

89 3067 153 3120 tum
180 3055 351 3140 [aliquando
375 3062 406 3120 in
429 3077 477 3119 aur
500 3068 530 3120 et
550 3061 580 3120 in
604 3057 667 3140 bo].
713 3056 838 3127 Quando
860 3062 868 3119 i
893 3067 961 3120 ante
983 3078 1001 3119 o
1023 3053 1114 3120 habet
1142 3059 1171 3118 in
1200 3059 1294 3137 prima
1321 3075 1390 3136 per·

89 3179 163 3222 sona
187 3159 342 3222 indicatiui
364 3160 459 3230 modi,
489 3169 520 3222 ut
542 3169 613 3241 puta
636 3161 734 3221 nutrio
756 3161 858 3221 audio:
887 3163 896 3220 i
919 3170 988 3225 ante
1011 3180 1029 3232 ρ
1052 3158 1155 3228 lrabet;
1185 3176 1257 3238 ergo
1279 3159 1358 3237 quod
1381 3161 1390 3220 i

91 3271 161 3324 ante
184 3282 202 3322 o
225 3260 327 3330 habet,
357 3263 487 3323 futurum
516 3271 633 3342 tempus
662 3269 691 3321 et
718 3263 748 3322 in
772 3279 818 3320 am
842 3263 922 3322 etin
949 3260 988 3321 bo
1009 3264 1112 3330 mittit,
1141 3267 1174 3322 ut
1192 3267 1267 3336 pota
1290 3259 1390 3320 dicere

91 3364 193 3425 ‘anulio
209 3364 325 3426 audiam
342 3363 474 3426 audibo’:
490 3362 766 3434 discessionum,
783 3370 864 3424 recte
879 3363 953 3435 dicis
969 3369 998 3422 ct
1013 3361 1157 3432 ‘audibo'‚
1172 3353 1265 3442 ‘polio
1281 3360 1390 3442 poliam

55 3481 78 3520 ιι
92 3466 216 3544 polibo’.
238 3467 350 3552 ‘nutrio
373 3469 502 3528 nutriam
526 3463 669 3526 nutribo'.
716 3465 746 3524 Si
770 3465 779 3524 i
801 3471 900 3524 aulem
923 3482 982 3524 non
1007 3462 1112 3524 babeat
1134 3465 1229 3543 prima
1252 3481 1389 3543 persona,

92 3567 146 3628 secl
162 3587 188 3637 e,
204 3567 282 3628 idest
296 3576 364 3628 ante
379 3587 412 3638 o,
435 3568 567 3629 luturum
590 3571 708 3645 tempus
730 3568 761 3626 in
785 3564 823 3625 bo
846 3573 957 3626 tantum
981 3566 1084 3635 mittit,
1110 3571 1233 3645 utputa
1256 3566 1305 3626 ‘eo
1328 3562 1390 3625 ibo'

93 3671 181 3730 ‘exeo
197 3668 310 3730 exibo’:
339 3673 467 3731 ‘exeam’
490 3685 549 3730 non
573 3685 732 3748 possumus
754 3666 863 3728 dicere.
907 3666 969 3728 llac
992 3668 1107 3728 ratione
1122 3665 1303 3745 colliguntur
1319 3684 1390 3726 cone

92 3771 269 3848 iugationes

183 3871 225 3932 lle
246 3871 415 3950 generibus.
446 3872 561 3935 Genera
578 3872 740 3933 uerborum
757 3869 793 3930 V:
817 3877 866 3930 aut
884 3870 979 3931 actiua
1002 3876 1053 3930 aut
1075 3870 1190 3950 passina
1213 3877 1264 3931 aut
1286 3876 1391 3930 neutra

55 3982 146 4036 ³5eut
168 3975 336 4035 eommunia
359 3981 410 4035 aut
432 3975 619 4055 deponentia.
665 3974 767 4036 dctiua
795 3971 892 4034 addita
916 3991 931 4032 r
953 3972 1067 4032 iaciunt
1088 3991 1123 4032 ex
1145 3989 1177 4033 se
1199 3972 1331 4051 passiua,
1359 3966 1402 4032 ut'

94 4131 124 4138 .-

165 4234 178 4281 1
199 4243 309 4295 persons
328 4242 433 4278 numero
452 4228 577 4294 singulari
594 4229 672 4279 modo
691 4228 829 4278 iudicetiuo
882 4229 969 4276 2eute
986 4225 1012 4276 in
1029 4227 1142 4290 margine
1194 4222 1307 4291 quando]
1326 4241 1393 4288 quiae

94 4299 237 4364 3passiua
306 4297 448 4348 blitterum
465 4307 606 4362 correptum
671 4296 821 4363 productam
895 4293 1005 4344 ‘lmodo
1023 4292 1193 4344 medullio
1210 4309 1289 4358 marg.
1361 4295 1393 4344 10

95 4364 167 4432 puta]
186 4379 249 4432 puto
321 4367 353 4414 12
370 4364 488 4428 hebuerit
556 4367 588 4415 14
605 4365 760 4431 producetur
827 4361 912 4412 Tertia
930 4361 1079 4427 coniugatio
1098 4356 1160 4424 etc]
1188 4361 1310 4412 Fortasse
1327 4363 1392 4411 scri-

95 4435 200 4484 bendum
219 4442 272 4484 eat:
293 4433 360 4482 lnter
378 4434 475 4483 tertiam
494 4434 698 4499 coniugationem
716 4431 869 4498 productam
887 4438 912 4479 et
928 4443 1070 4494 correptam
1094 4428 1235 4478 differentia
1253 4429 1335 4478 estin
1354 4429 1393 4477 iu-

97 4501 194 4551 linitiuo
266 4501 298 4552 15
316 4500 456 4566 penultima
525 4502 557 4551 19
575 4509 691 4566 correpta
760 4499 884 4565 producta
957 4499 988 4546 21
1008 4496 1071 4545 Num
1091 4497 1156 4545 inter
1173 4493 1234 4560 etc]
1257 4495 1392 4546 Fortasse:

97 4584 154 4618 nem
172 4571 198 4618 in
217 4571 292 4618 tertie
308 4570 489 4634 coniugatione
508 4577 605 4617 tanturm
624 4569 734 4618 uarietas
753 4579 793 4617 est
877 4567 912 4616 at
929 4575 1044 4630 correpte
1062 4567 1088 4614 in
1105 4579 1185 4628 marg.
1271 4564 1304 4614 25
1322 4562 1393 4612 uarie

96 4637 129 4686 26
150 4638 252 4687 Verbo:
279 4636 417 4698 aliquando
441 4637 467 4686 in
485 4651 525 4685 am
545 4647 569 4685 et
587 4637 612 4685 in
636 4637 668 4686 bo
689 4651 739 4701 per
761 4634 960 4705 dittograpdimn
982 4639 1040 4684 orta
1062 4633 1190 4683 addentur.
1261 4631 1285 4679 in
1309 4631 1393 4695 prime

98 4752 206 4803 persone
224 4765 257 4775 -
275 4747 335 4787 aute
354 4753 368 4787 o
386 4737 462 4788 lrabet
479 4739 506 4786 ln
522 4753 601 4801 marg.
669 4739 702 4788 2⁷
721 4707 862 4808 indicatiu}
880 4707 958 4808 mode}
1035 4735 1068 4785 28
1085 4734 1163 4786 mittit
1180 4743 1207 4783 ut
1224 4742 1287 4803 pute
1304 4733 1395 4786 addidi

131 4806 224 4857 diceret
293 4806 489 4858 discretione
622 4819 624 4826 ·
