3412 5452
313 383 395 432 cxiv
645 190 930 644 oulittt’o‘ums
948 365 1249 419 smsmsuusmvs

316 566 414 619 autem
438 577 492 639 pes
514 575 616 618 cinnes
639 574 691 636 gra
734 575 748 617 s
770 575 829 618 non
853 563 968 628 exeunt,
993 558 1061 634 quia
1083 557 1148 636 ipse
1163 555 1293 618 Donatus
1315 556 1395 618 dicet
1408 557 1439 618 in
1454 559 1595 634 sequeuti-

312 660 381 732 bus,
406 659 483 741 quod
507 658 648 738 quaedam
672 659 791 720 nomina
813 668 897 730 sunt,
921 677 995 739 quae
1019 667 1132 722 tantum
1156 657 1266 721 habent
1288 661 1447 738 positiuum
1472 668 1501 719 et
1522 677 1595 720 com-

311 763 477 842 paratiuum
500 771 532 822 ut
554 777 644 822 senex
667 768 697 846 et
718 759 824 842 quibus
846 761 950 824 deesse
973 761 1188 841 superlatum,
1205 761 1260 822 aiia
1276 763 1437 842 positiuum
1454 770 1484 823 et
1498 780 1595 840 super·

310 863 448 934 latiuum‚
465 861 572 944 quibus
588 863 672 935 deest
694 865 920 943 comparatiuus.
966 863 1048 925 Vnde
1071 862 1114 924 sb’
1130 857 1169 924 di.

394 985 450 1045 Est
470 981 564 1058 iqitu:
590 985 740 1060 quaedam
762 981 920 1045 commenti
946 981 1102 1058 utriusque
1128 979 1274 1058 copnotio
1301 999 1399 1058 neque
1425 990 1525 1043 tumen
1552 1000 1597 1060 ea,

309 1095 351 1161 ut,
376 1084 429 1162 qui
451 1088 581 1146 atteram
603 1083 822 1163 expositionem
845 1084 1064 1147 Einsitttensem
1088 1081 1286 1162 conscripsit,
1315 1086 1397 1146 bunc
1423 1081 1523 1161 ipsum
1544 1085 1597 1144 Re-

307 1185 433 1264 mipium
452 1187 551 1261 fuisse
573 1196 741 1264 procerte
768 1187 865 1249 ausim
893 1189 1075 1262 adfirmare,
1102 1183 1285 1263 praesertim
1312 1203 1380 1248 cum
1407 1195 1599 1248 commentum

309 1290 464 1351 Beruense
485 1289 595 1368 ipsum,
620 1292 701 1366 quod
721 1288 858 1366 Remiqii
883 1307 991 1351 nomen
1007 1289 1242 1367 praesefert,
1272 1297 1306 1351 ut
1334 1286 1509 1350 doctrinam
1530 1306 1600 1350 sane

307 1389 372 1453 eius
405 1390 470 1452 uiri
504 1392 641 1467 referre,
677 1390 722 1452 itu
749 1390 901 1466 inteqram
935 1393 1095 1453 uerborum
1128 1389 1295 1466 imuqinem
1327 1387 1425 1452 minus
1451 1392 1600 1469 praebere

307 1492 481 1555 Alexandri
503 1497 569 1555 loco
590 1493 779 1571 conprobare
800 1491 952 1555 uideatur.
998 1495 1116 1570 Itaque,
1142 1511 1180 1553 nc
1199 1490 1340 1554 subtutus
1360 1491 1554 1570 inquiramus
1567 1491 1599 1552 in

304 1615 353 1658 res
379 1599 514 1659 bumana
544 1593 747 1672 indagatione
780 1595 984 1670 obscuriores,
1021 1597 1118 1657 donec
1145 1594 1280 1656 certiora
1306 1593 1507 1658 inueniuntur
1534 1593 1600 1656 ueri

303 1697 445 1775 uestigia,
470 1701 527 1760 boc
548 1696 689 1759 statuisse
711 1697 786 1760 sutis
808 1699 959 1772 babemus,
984 1707 1044 1759 tres
1066 1700 1120 1760 bos
1142 1698 1259 1760 Donati
1280 1697 1359 1760 artis
1372 1699 1526 1760 secundae
1548 1715 1599 1758 ea·

299 1799 452 1877 positores
473 1799 698 1862 Einsidtensem
720 1810 749 1862 et
770 1803 845 1862 duos
867 1800 1037 1862 Beruenses
1065 1818 1105 1862 ea
1126 1799 1225 1878 copiis
1246 1817 1266 1860 u
1289 1799 1431 1878 Remigio
1451 1798 1600 1876 mapistro

303 1901 537 1964 subministratae
558 1901 696 1965 nemisse
716 1902 778 1979 ita,
809 1911 843 1966 ut
864 1920 961 1979 neque
982 1904 1159 1964 recederent
1186 1900 1277 1964 nimis
1299 1920 1320 1963 a
1341 1900 1492 1964 communi
1513 1902 1600 1975 sonte

304 2013 334 2065 et
354 2023 439 2067 suam
463 2005 588 2082 quisque
610 2005 759 2068 rationem
782 2003 971 2082 peculiarem
997 2003 1031 2066 in
1060 2006 1224 2066 tractando
1251 2012 1458 2081 sequerentur.
1503 2007 1600 2080 Atque

217 2119 220 2124 '
304 2108 382 2169 baec
400 2115 471 2168 erat
493 2125 595 2182 causu,
619 2126 676 2169 eur
697 2105 762 2170 eius
783 2105 995 2184 expositionis,
1019 2123 1098 2182 quae
1118 2108 1187 2168 eod.
1211 2105 1308 2168 Bcrn.
1333 2113 1391 2167 386
1411 2104 1513 2183 primo
1533 2110 1599 2168 loco

299 2209 405 2284 posita
435 2217 490 2284 est,
524 2217 671 2287 excerpta
698 2213 845 2271 nonnulla
871 2217 1036 2271 commento
1071 2207 1258 2270 Einsibtensi
1287 2207 1403 2285 passim
1436 2210 1599 2269 atumem:

303 2312 386 2386 quod
406 2312 444 2370 de
467 2315 567 2372 altere
589 2329 705 2388 quoque
726 2314 834 2373 uellem
856 2309 1041 2390 statuissem,
1068 2313 1122 2371 seat
1148 2311 1277 2386 urqebat
1298 2309 1443 2386 temporn's
1463 2309 1600 2372 breuitas

302 2424 331 2472 et
352 2413 466 2474 laboris·
487 2413 550 2474 iarn
573 2417 616 2474 ab
633 2419 722 2489 finem
745 2423 858 2475 certum
876 2413 1069 2491 perducendi
1091 2411 1235 2476 taedium.

865 2699 946 2766 One.
974 2699 1038 2767 III.

345 2819 404 2884 DE
433 2819 676 2885 commuuio
707 2817 929 2914 BRRNENSI
958 2817 1005 2882 IN
1027 2817 1196 2884 DONATI
1218 2817 1556 2886 BARBARISMVM.

386 2977 453 3038 Iam
475 2978 557 3054 quot
583 2979 627 3039 od
653 2975 775 3038 tertium
800 2985 996 3039 commentum
1024 2973 1216 3038 Einsicttense
1243 2977 1326 3052 quod
1351 2983 1396 3036 est
1423 2978 1461 3036 de
1486 2977 1600 3037 borba-

301 3077 394 3140 rismo
415 3077 554 3140 mutilum
570 3076 716 3156 pertinet,
741 3096 780 3140 ne
801 3081 840 3140 de
861 3096 897 3140 eo
919 3077 1039 3155 quidem
1060 3077 1177 3140 certius
1197 3078 1293 3139 statui
1309 3086 1419 3155 potest,
1444 3095 1519 3140 num
1541 3079 1598 3140 Re·

301 3179 427 3256 mipium
449 3183 559 3242 babeat
581 3189 744 3243 auctorem.
791 3181 870 3242 Nem
891 3179 1013 3243 illorum
1032 3185 1154 3256 ptossue
1169 3179 1341 3242 Graecismi
1360 3182 1507 3256 toccum,
1534 3180 1599 3258 qui·

301 3283 355 3343 bus
391 3282 524 3346 Tburoto
559 3291 685 3346 auctore
717 3285 736 3343 Ι.
766 3285 786 3343 l.
822 3302 855 3361 p.
879 3290 923 3346 tto
954 3281 1157 3360 Remiqianac
1184 3281 1367 3344 barbarismi
1398 3281 1600 3360 expositionis

301 3384 412 3448 mentio
432 3390 466 3458 tit
489 3384 646 3464 (Donatus:
669 3387 810 3446 sineresis
833 3395 878 3447 est
894 3433 900 3444 .
918 3433 924 3444 .
943 3433 949 3448 .
965 3385 1043 3447 unde
1065 3385 1269 3463 Remigius:
1294 3385 1342 3446 hic
1364 3391 1450 3464 poeta
1473 3395 1600 3465 propter

303 3488 506 3548 necessitatem
536 3490 623 3548 metri
652 3506 740 3548 unam
769 3487 902 3548 sitiebam
936 3486 973 3549 de
1002 3487 1118 3549 duobus
1149 3484 1299 3548 uocalibus
1326 3489 1405 3551 tecit.
1437 3519 1482 3532 -
1515 3487 1598 3549 Idem
1680 3537 1681 3542 ,

301 3598 383 3669 petet
398 3608 452 3668 per
467 3587 675 3668 Remigium
700 3589 847 3651 dicentem
871 3592 927 3652 sie:
951 3590 1059 3652 Zeuma
1084 3598 1128 3652 est
1150 3589 1303 3652 eoneiusio
1325 3589 1403 3652 idest
1424 3591 1599 3653 coniunctio
1680 3589 1681 3616 ¹

302 3701 332 3752 et
354 3691 463 3753 (licitur
485 3693 588 3769 figura.
613 3691 732 3770 quando
755 3693 845 3753 muita
869 3691 1049 3773 deponentia
1080 3711 1139 3753 uno
1170 3691 1263 3754 uerbo
1292 3690 1340 3753 uei
1369 3709 1426 3753 una
1448 3693 1598 3756 sententia

301 3792 488 3856 clauduntur.
506 3827 548 3838 -
563 3794 703 3855 Preteseu
727 3795 798 3856 dicit
812 3793 1014 3873 Remigius:
1037 3795 1105 3856 ideo
1128 3793 1159 3854 m
1181 3795 1292 3855 uiciosa
1305 3792 1385 3872 (scit
1402 3793 1598 3875 cacosynthe-

304 3907 353 3955 ton
374 3899 487 3976 fipura)
515 3898 583 3974 quia
611 3896 723 3957 scilieet
751 3895 861 3965 littera,
893 3915 950 3976 que
977 3915 1055 3976 pene
1083 3915 1137 3976 pro
1166 3895 1269 3958 siilaba
1293 3897 1453 3976 accipitur,
1482 3898 1514 3956 in
1540 3898 1599 3957 tine

300 4001 420 4080 ponitur
443 3999 605 4078 dictionis),
635 4001 695 4061 duo
717 3997 816 4076 primi
838 4017 858 4060 o
880 3999 960 4060 libro
983 3997 1170 4060 Einstettensi
1191 3995 1370 4076 discrepant
1392 4000 1437 4074 (p.
1463 4005 1535 4074 267,
1563 4007 1598 4056 15

299 4111 328 4162 et
345 4120 382 4178 p.
408 4109 473 4177 269,
501 4107 562 4182 10),
585 4100 693 4162 tertius
714 4100 747 4162 in
769 4121 807 4165 ea
828 4120 908 4179 quoe
928 4110 1053 4163 seruata
1075 4109 1118 4162 est
1134 4109 1228 4178 parte
1253 4118 1314 4162 non
1336 4109 1430 4162 estat.

384 4219 422 4282 In
444 4223 503 4282 bac
526 4239 644 4298 quoque
667 4229 760 4298 parte
786 4220 944 4283 commenti
966 4219 1132 4282 bernensis
1159 4222 1227 4282 coa.
1253 4227 1311 4280 386
1329 4217 1449 4296 prioris
1471 4219 1599 4282 auarilm

300 4322 417 4398 aliquot
437 4323 498 4384 toci
519 4326 683 4385 inlustrari
698 4331 853 4400 poterant,
878 4325 967 4400 uncte,
991 4331 1025 4385 ut
1045 4324 1119 4384 libri
1138 4321 1340 4384 Etnsidtcnsas
1361 4324 1511 4384 lacunosa
1527 4341 1598 4384 con·
1678 4395 1679 4400 γ

299 4425 383 4486 dicio
406 4424 595 4502 aliquantum
616 4434 828 4504 repararetur,
851 4427 927 4488 baec
949 4425 1074 4504 insuper
1096 4423 1253 4502 excerpsi:

385 4541 489 4606 [18Δ
517 4545 611 4618 (Iton.
640 4565 671 4622 p.
698 4553 767 4620 392,
794 4551 827 4621 5)
856 4543 1064 4608 Barbarismus
1094 4545 1201 4605 dicitur
1235 4563 1250 4604 a
1281 4543 1415 4606 barbaris
1442 4544 1598 4624 gentibus

300 4647 369 4707 ilum
399 4649 477 4706 enim
507 4645 631 4708 Romani
660 4655 752 4709 totum
781 4647 884 4708 orbem
912 4651 942 4708 in
971 4667 1023 4709 sua
1051 4647 1163 4710 ditione
1192 4656 1343 4717 tenerent,
1378 4647 1524 4728 quosdam
1560 4646 1598 4709 de

299 4748 426 4809 diuersis
453 4748 588 4828 partibus
615 4749 740 4810 Romam
770 4751 874 4810 uenire
908 4751 1054 4821 iecerunt,
1091 4759 1122 4810 ut
1149 4749 1190 4810 ibi
1218 4749 1405 4812 Latinitatem
1433 4749 1597 4820 discerent,
1677 4827 1678 4846 Χ

193 4919 194 4922 ¹
299 4853 436 4932 quatinus
459 4852 514 4931 ipsi
537 4869 603 4911 cum
626 4851 768 4912 Romanis
790 4859 821 4910 et
842 4851 966 4912 Romani
990 4869 1056 4913 eum
1080 4852 1140 4914 iilis
1163 4850 1243 4931 loqui
1259 4860 1390 4932 possent.
1430 4850 1598 4936 iliieutem
