3394 5448
281 409 332 458 Du
350 407 490 459 IVLIANI
508 409 695 459 Touunnul
712 407 944 460 GRAMMATICI
961 407 1165 459 axcuRP'rls
1183 409 1281 459 INED.
1364 423 1429 470 ccv

127 598 210 656 haec
231 599 358 674 insuper
378 605 530 674 secuntur,
554 615 631 672 quae
654 598 739 674 opud
757 599 910 659 Iulianum
926 599 971 673 (p.
990 603 1027 656 6!
1042 597 1088 656 ed.
1106 593 1210 676 Rom.)
1231 597 1440 658 antecedente

129 699 248 758 Nomen
271 717 363 779 quare
391 698 521 759 dictum?
565 701 587 760 Α
616 701 765 759 notamine
797 718 831 759 eo
859 698 937 779 quod
967 715 1016 758 res
1045 707 1133 758 notas
1161 697 1248 758 saciat
1275 697 1323 758 uel
1351 697 1430 778 quod

129 803 268 860 notitiam
296 798 454 862 cuiuslibet
481 801 525 861 rei
555 800 641 861 nobis
667 801 806 860 insinuet.
852 800 1027 871 Quomodot
1071 798 1145 860 Puta
1174 802 1199 860 si
1227 798 1344 860 uideam
1376 799 1429 858 ho-

131 903 243 963 minem
266 903 449 980 incognitum
472 900 608 962 similiter
631 911 661 962 et
683 903 838 982 psittacum
863 901 1043 982 (siptacum),
1076 900 1111 963 de
1141 902 1263 962 nomine
1292 902 1356 962 eius
1370 918 1430 961 non

130 1006 325 1082 interrogem.
372 1003 464 1073 Vadit,
489 1002 541 1065 sed
566 1003 607 1080 (se
629 1003 709 1080 cod.)
732 1006 813 1065 uenit
835 1006 900 1082 quis
924 1012 952 1063 et
975 1003 1047 1064 dicit
1070 1003 1159 1064 mihi:
1185 1003 1263 1063 ‘Seis
1279 1003 1428 1063 hominem

130 1104 249 1166 illuml'
294 1105 381 1166 Dico:
412 1109 480 1184 ‘ego
503 1107 626 1176 nescio',
650 1124 717 1166 cum
746 1107 804 1165 iam
832 1124 899 1166 eum
930 1104 1070 1166 uidissem
1099 1115 1128 1165 et
1155 1124 1222 1166 cum
1251 1123 1287 1166 eo
1315 1104 1431 1166 locutus

132 1207 267 1276 inissem,
291 1207 343 1269 sed
366 1208 436 1287 quia
459 1207 639 1268 denomino
662 1209 727 1268 eius
750 1224 810 1267 non
838 1208 1036 1286 interrogaui,
1067 1207 1133 1268 ideo
1163 1227 1219 1268 neo
1248 1207 1341 1286 ligura
1364 1225 1430 1267 cor·

132 1311 217 1389 poris
245 1311 307 1369 eius
336 1309 492 1389 adlr(a]csit
519 1311 617 1371 animo
648 1328 724 1370 meo.
770 1308 856 1369 Vadit
884 1319 914 1368 et
946 1307 1065 1369 adducit
1099 1309 1249 1370 hominem
1281 1308 1364 1370 illum
1402 1316 1432 1369 et

132 1411 221 1472 dicit:
245 1410 334 1474 ‘Ecce
356 1411 455 1481 homo.
479 1411 516 1472 de
539 1429 597 1491 quo
619 1409 839 1491 loquebamur?
884 1410 944 1470 lam
967 1429 1034 1471 cum
1058 1410 1114 1471 lroc
1138 1411 1239 1483 audio,
1269 1429 1314 1474 ex,
1329 1413 1430 1490 cogni·

14 1520 26 1567 .¹
132 1515 213 1574 tione
236 1513 364 1574 nominis
387 1515 451 1573 eius
474 1512 609 1593 etipsud
633 1529 742 1573 nomen
766 1520 796 1572 et
815 1499 908 1592 figura
925 1514 1058 1592 corporis
1074 1515 1138 1575 eius
1153 1511 1318 1594 adh(a)eret
1332 1515 1431 1576 animo

132 1634 217 1683 meo,
253 1623 282 1676 et
308 1614 376 1675 ideo
404 1615 482 1676 dicta
509 1623 579 1676 suut
606 1617 725 1676 uomina
757 1615 842 1694 quasi
872 1617 1040 1688 notamina,
1074 1615 1152 1678 idest
1184 1616 1428 1678 demonstrantia.

131 1719 221 1779 Haec
241 1719 328 1795 apud
347 1718 501 1778 Iulianum
523 1720 613 1780 aliter
634 1735 666 1778 se
686 1718 798 1778 tabem
818 1720 880 1778 sic:
906 1716 1021 1779 Nomen
1050 1736 1141 1798 quare
1169 1718 1278 1780 dictum
1302 1719 1363 1780 esti
1406 1720 1429 1779 Α

131 1820 284 1880 notamine
305 1851 346 1862 -
368 1825 439 1899 puta
461 1821 486 1880 si
508 1819 625 1880 uideam
648 1819 736 1880 hodie
758 1820 932 1899 psittacum,
963 1819 999 1881 de
1029 1823 1148 1880 nomine
1171 1821 1234 1884 eius
1256 1839 1316 1881 non
1338 1822 1429 1881 inter·

21 1975 26 1983 .
132 1939 218 1999 rogo.
263 1919 348 1982 Vadit
370 1939 402 1981 se
425 1922 574 2000 psittacus,
599 1923 682 1983 uenit
704 1923 785 2001 quis:
814 1923 979 2000 interrogat
1002 1940 1049 1982 me
1073 1930 1102 1982 et
1124 1921 1207 1982 dicit:
1232 1921 1308 1984 ‘Scis
1330 1924 1430 2002 psitta-

133 2025 227 2084 cum’.
280 2022 363 2084 llico:
394 2025 537 2092 ‘nescio’;
568 2041 635 2085 cum
664 2025 722 2084 iam
744 2021 826 2083 illum
856 2022 1008 2085 uidissem.
1060 2023 1118 2084 Sed
1146 2027 1216 2103 quia
1245 2023 1281 2085 de
1311 2025 1430 2086 nomine
1483 2075 1485 2082 .

132 2127 199 2186 eius
223 2158 260 2168 —·
284 2126 417 2204 corporis
441 2127 503 2188 eius
525 2129 625 2187 animo
649 2143 715 2186 meo
737 2125 878 2188 adhaesit.
926 2124 1012 2186 Vadit
1035 2134 1064 2186 et
1086 2125 1205 2188 adducit
1220 2127 1377 2206 psittacum
1392 2127 1429 2187 ad

122 2245 182 2287 me
206 2232 236 2288 et
257 2226 328 2287 dicit
351 2225 438 2287 mihi:
463 2221 552 2287 ‘Ecc'e
574 2228 729 2306 psittacus,
760 2226 879 2308 dequo
907 2226 1021 2307 loquuti
1049 2229 1223 2290 fueramus!
1269 2228 1345 2290 lium
1375 2227 1432 2289 hoc

133 2329 231 2400 audio,
255 2331 353 2392 statim
376 2348 412 2390 ex
436 2331 604 2408 cognitione
627 2331 754 2390 nominis
777 2331 840 2390 eius
862 2337 892 2391 et
913 2347 963 2391 res
984 2332 1057 2408 ipsa,
1081 2336 1111 2390 et
1133 2349 1240 2392 nomen
1262 2331 1359 2410 ipsum
1381 2329 1432 2391 ad·

134 2431 238 2493 haeret
260 2431 358 2508 auimo
380 2451 457 2493 meo.
502 2431 539 2493 Et
553 2433 620 2493 ideo
637 2432 712 2492 dicta
732 2466 766 2476 -
792 2434 950 2503 notamina,
974 2432 1052 2493 idest
1071 2451 1173 2494 rerum
1189 2432 1432 2495 demonstratiua.

136 2531 176 2594 10
198 2534 266 2612 quia
289 2552 345 2595 om.
392 2552 499 2594 nomen
521 2535 558 2595 sit
609 2532 645 2595 11
669 2533 791 2595 habehit
812 2535 900 2606 enim,
923 2536 1032 2610 optime
1051 2533 1164 2609 (habuit
1188 2534 1223 2612 u)
1284 2531 1324 2595 14
1345 2552 1429 2595 acce·

135 2636 206 2696 dant
228 2634 315 2697 debet
337 2636 386 2716 qui
410 2637 536 2717 aliquam
560 2654 623 2697 rem
646 2636 748 2698 definit
814 2633 853 2697 16
876 2638 1020 2716 seiungat.
1044 2634 1076 2698 Δ
1098 2636 1161 2697 Hoc
1183 2645 1281 2698 autem
1305 2634 1360 2717 (his
1382 2644 1432 2696 aut

134 2737 214 2818 eod.)
243 2740 378 2817 seiungat
407 2739 477 2820 quid
507 2738 568 2800 est?
600 2735 611 2820 ΙΙ
627 2739 648 2798 l.
675 2735 762 2820 19⁸1}
789 2739 920 2819 Separet.
965 2737 1007 2798 lta
1037 2748 1069 2799 ut
1095 2740 1179 2817 prius
1246 2736 1284 2800 17
1308 2745 1352 2800 est
1373 2756 1430 2800 om.

135 2838 299 2901 obseruaus
367 2837 671 2920 ruplemunda.
696 2849 740 2902 est
804 2836 847 2901 20
868 2838 950 2902 illum
1015 2837 1054 2900 21
1072 2840 1151 2920 quod
1166 2841 1339 2903 tantundem
1356 2841 1431 2922 (tan-

136 2942 203 3003 dem
225 2941 304 3020 cod.)
328 2941 440 3003 homini
463 2942 577 3003 accedit
598 2941 677 3004 unde
699 2950 729 3002 et
751 2942 843 3003 audax
909 2939 951 3004 23
975 2951 1007 3004 ut
1034 2951 1104 3020 puta
1133 2942 1228 3004 ueluti
1255 2945 1281 3003 si
1308 2960 1432 3022 quaeras

136 3040 178 3104 24
200 3045 263 3105 risu
306 3040 593 3124 meoparonem
615 3051 752 3105 mouetur
815 3041 856 3104 21
880 3053 930 3105 aut
952 3043 1111 3105 cuiuslibet
1138 3046 1182 3107 rei
1209 3044 1327 3125 inpulsu
1391 3040 1432 3105 28

138 3153 168 3206 et
190 3145 289 3225 angeli

197 3266 249 3326 ·p.
272 3245 349 3318 318,
382 3248 529 3310 lrationl
565 3248 705 3309 ethome
768 3245 837 3309 3et
859 3248 992 3310 animalia
1036 3251 1097 3310 risu
1153 3246 1344 3330 4separauit
1364 3248 1434 3327 (·hit

136 3351 212 3429 cod.)
278 3346 493 3412 5tantundem
517 3349 630 3410 homini
675 3367 733 3409 non
757 3349 821 3410 aliis
843 3349 934 3411 relus
957 3367 1012 3411 om.
1058 3359 1087 3410 et
1109 3370 1167 3413 non
1192 3329 1246 3414 alia
1270 3371 1327 3414 res.

220 3453 288 3512 Iam
310 3455 374 3512 eius
395 3455 543 3530 excerpti,
566 3453 648 3528 quod
666 3469 697 3528 p.
717 3460 782 3526 318,
804 3460 902 3513 7-16
923 3457 1111 3530 propositum
1132 3463 1185 3532 est,
1203 3459 1295 3532 prior
1314 3455 1432 3529 quidem

131 3571 211 3629 pers
231 3571 299 3614 cum
322 3555 389 3615 cod.
415 3554 508 3614 Bern.
532 3558 577 3615 ita
599 3553 751 3632 conarere,
775 3562 808 3615 ut
829 3557 1034 3616 tantummodo
1056 3575 1086 3616 u.
1106 3564 1140 3614 11
1156 3575 1218 3633 pro
1232 3559 1294 3618 leis:
1317 3557 1367 3616 ‘de
1380 3572 1433 3616 saro

136 3658 268 3728 artificio
289 3657 415 3730 indiyet'
439 3654 503 3717 illie
524 3659 692 3718 reddatur:
715 3658 843 3732 ‘indiyet
858 3656 1071 3734 perfectionis,
1094 3660 1164 3720 dwn
1181 3676 1241 3735 per
1255 3677 1287 3720 se
1301 3666 1430 3720 notura-

136 3759 205 3816 titer
224 3759 348 3833 plenum
370 3760 437 3818 est’.
468 3759 577 3818 Cetera
598 3775 671 3820 uero
692 3766 753 3820 toto
774 3762 860 3820 coelo
881 3761 1005 3820 diuersa
1026 3769 1105 3836 sunt,
1129 3778 1311 3837 quamquam
1326 3764 1433 3838 primo

136 3861 286 3933 sequentis
306 3861 472 3920 sententiae
493 3862 644 3956 uochula
666 3862 771 3922 eadem
793 3863 948 3937 undique
969 3871 1056 3924 sunt:
1085 3864 1156 3924 ‘ium
1179 3866 1206 3924 si
1226 3865 1337 3925 dixero
1353 3881 1432 3938 per-

138 3960 273 4034 fectior'.
320 3961 421 4022 Codex
443 3965 523 4022 enim
545 3963 710 4024 Bernertsas
730 3965 806 4024 llaec
827 3963 952 4025 subinde
972 3967 1062 4026 addit
1080 3963 1107 4038 s.
1134 3963 1203 4024 20⁶:

226 4061 459 4141 perfectissimus
481 4072 600 4141 accepta
624 4067 834 4143 conparatione
857 4068 962 4145 incipit
989 4084 1136 4127 essenon
1158 4065 1289 4145 plenum.
1335 4065 1432 4138 Quali·

139 4171 226 4224 tatem
242 4171 275 4224 ut
291 4163 387 4226 bonus
409 4165 513 4226 malus.
560 4165 691 4237 Qualitas
714 4185 805 4246 quare
828 4167 925 4229 dietat
955 4167 1028 4240 Quia
1049 4186 1103 4247 per
1118 4187 1181 4229 eam
1196 4167 1433 4249 qualisquisque

139 4267 175 4326 sit
196 4266 373 4334 ostenditur,
398 4276 430 4328 ut
452 4268 548 4328 honus
570 4267 674 4330 malus.
721 4269 778 4331 Fac
800 4269 868 4331 inde
890 4271 1129 4349 conparationem
1152 4279 1209 4332 ete.

220 4385 252 4446 p.
275 4365 356 4439 318,
387 4367 426 4430 18
453 4371 586 4432 oriantur
671 4367 714 4433 20
742 4370 887 4433 debentur
922 4391 930 4402 ·
972 4369 1012 4432 21
1042 4391 1117 4451 quae
1143 4391 1199 4435 nec
1227 4375 1351 4453 gignunt
1377 4393 1434 4435 nec

140 4471 298 4547 gignuntur
326 4488 383 4531 om.
455 4469 497 4532 22
530 4491 590 4533 non
626 4477 756 4552 proprie.
807 4473 906 4544 Quae?
945 4483 1082 4536 neutrum
1111 4483 1140 4536 et
1167 4493 1302 4536 comune.
1353 4476 1433 4549 Quae

140 4581 207 4634 sunt
233 4572 408 4652 principalia
436 4592 546 4652 genera
610 4572 652 4636 23
681 4574 778 4647 Quare
807 4577 884 4637 dicta
912 4577 1103 4656 principalia?
1137 4579 1204 4658 quia
1239 4585 1377 4639 neutrum
1405 4587 1435 4640 et

141 4691 265 4735 comune
288 4675 325 4734 de
347 4684 475 4754 utroque
498 4686 670 4740 nascuntur.
715 4677 787 4740 Tota
810 4696 918 4756 genera
942 4687 1008 4749 etc..
1031 4683 1139 4741 ceteris
1159 4683 1271 4742 amosis
1327 4676 1369 4740 26
1383 4692 1435 4741 ant

142 4785 206 4836 sunt
294 4774 334 4838 21
365 4777 441 4838 Sunt
468 4779 628 4850 naturalia,
656 4790 726 4841 sunt
755 4799 788 4840 ex
819 4791 882 4842 arte
911 4781 1118 4842 descendentia
1142 4799 1198 4843 om.
1287 4778 1328 4844 28
1351 4783 1435 4843 cuius

143 4886 275 4941 naturam
285 4927 297 4974 t
329 4883 438 4957 optime
467 4880 633 4962 (personam
663 4885 802 4945 Iulianus
830 4882 933 4962 Keilii)
963 4893 995 4944 ut
1024 4883 1171 4947 masculus
1199 4885 1321 4957 lomina,
1350 4885 1436 4946 haud

1087 5089 1129 5231 'sl

1065 5241 1087 5335 'l
