<?xml version="1.0" encoding="UTF-8"?>
<!DOCTYPE html PUBLIC "-//W3C//DTD XHTML 1.0 Transitional//EN"
    "http://www.w3.org/TR/xhtml1/DTD/xhtml1-transitional.dtd">
<html xmlns="http://www.w3.org/1999/xhtml" xml:lang="en" lang="en">
 <head>
  <title>
</title>
<meta http-equiv="Content-Type" content="text/html;charset=utf-8" />
  <meta name='ocr-system' content='tesseract 3.04.00' />
  <meta name='ocr-capabilities' content='ocr_page ocr_carea ocr_par ocr_line ocrx_word'/>
</head>
<body>
  <div class='ocr_page' id='page_1' title='image "./grammaticilatin00hagagoog_0471.png"; bbox 0 0 3394 5448; ppageno 0'>
   <div class='ocr_carea' id='block_1_1' title="bbox 530 357 1420 422">
    <p class='ocr_par' dir='ltr' id='par_1_1' title="bbox 530 357 1420 422">
     <span class='ocr_line' id='line_1_1' title="bbox 530 357 1420 422; baseline 0.015 -12"><span class='ocrx_word' id='word_1_1' title='bbox 530 357 569 412; x_wconf 87' lang='lat' dir='ltr'><strong>m</strong></span> <span class='ocrx_word' id='word_1_2' title='bbox 588 357 671 412; x_wconf 87' lang='lat' dir='ltr'><strong>nou.</strong></span> <span class='ocrx_word' id='word_1_3' title='bbox 691 359 816 412; x_wconf 78' lang='lat' dir='ltr'><strong>rursu</strong></span> <span class='ocrx_word' id='word_1_4' title='bbox 835 357 1014 412; x_wconf 82' lang='lat' dir='ltr'><strong>uruonsu.</strong></span> <span class='ocrx_word' id='word_1_5' title='bbox 1357 357 1420 422; x_wconf 76' lang='lat'><strong>209</strong></span> 
     </span>
    </p>
   </div>
   <div class='ocr_carea' id='block_1_2' title="bbox 70 547 1570 4400">
    <p class='ocr_par' dir='ltr' id='par_1_2' title="bbox 121 547 1421 1035">
     <span class='ocr_line' id='line_1_2' title="bbox 121 547 1421 629; baseline 0 -21"><span class='ocrx_word' id='word_1_6' title='bbox 121 551 255 627; x_wconf 85' lang='lat' dir='ltr'><strong>agentis,</strong></span> <span class='ocrx_word' id='word_1_7' title='bbox 281 559 312 610; x_wconf 95' lang='lat' dir='ltr'><strong>ut</strong></span> <span class='ocrx_word' id='word_1_8' title='bbox 335 547 452 610; x_wconf 89' lang='lat' dir='ltr'><strong>osculor</strong></span> <span class='ocrx_word' id='word_1_9' title='bbox 475 557 517 618; x_wconf 86' lang='lat' dir='ltr'><strong>te,</strong></span> <span class='ocrx_word' id='word_1_10' title='bbox 541 559 571 610; x_wconf 90' lang='lat' dir='ltr'><strong>et</strong></span> <span class='ocrx_word' id='word_1_11' title='bbox 592 551 623 612; x_wconf 90' lang='lat' dir='ltr'><strong>in</strong></span> <span class='ocrx_word' id='word_1_12' title='bbox 646 550 770 610; x_wconf 92' lang='lat' dir='ltr'><strong>formam</strong></span> <span class='ocrx_word' id='word_1_13' title='bbox 794 551 905 629; x_wconf 87' lang='lat' dir='ltr'><strong>passini</strong></span> <span class='ocrx_word' id='word_1_14' title='bbox 926 551 988 629; x_wconf 93' lang='lat' dir='ltr'><strong>ipsa</strong></span> <span class='ocrx_word' id='word_1_15' title='bbox 1012 557 1057 610; x_wconf 87' lang='lat' dir='ltr'><strong>est</strong></span> <span class='ocrx_word' id='word_1_16' title='bbox 1077 550 1226 628; x_wconf 89' lang='lat' dir='ltr'><strong>patientis,</strong></span> <span class='ocrx_word' id='word_1_17' title='bbox 1249 557 1281 608; x_wconf 89' lang='lat' dir='ltr'><strong>ut</strong></span> <span class='ocrx_word' id='word_1_18' title='bbox 1303 548 1421 610; x_wconf 89' lang='lat' dir='ltr'><strong>osculor</strong></span> 
     </span>
     <span class='ocr_line' id='line_1_3' title="bbox 121 651 1421 732; baseline 0.001 -22"><span class='ocrx_word' id='word_1_19' title='bbox 121 670 136 710; x_wconf 94' lang='lat' dir='ltr'><strong>a</strong></span> <span class='ocrx_word' id='word_1_20' title='bbox 161 660 199 711; x_wconf 90' lang='lat' dir='ltr'><strong>te.</strong></span> <span class='ocrx_word' id='word_1_21' title='bbox 245 651 384 712; x_wconf 85' lang='lat' dir='ltr'><strong>Osculum</strong></span> <span class='ocrx_word' id='word_1_22' title='bbox 409 660 454 712; x_wconf 92' lang='grc' dir='ltr'><strong>εει</strong></span> <span class='ocrx_word' id='word_1_23' title='bbox 477 653 593 730; x_wconf 89' lang='lat' dir='ltr'><strong>siguum</strong></span> <span class='ocrx_word' id='word_1_24' title='bbox 617 653 711 732; x_wconf 89' lang='lat' dir='ltr'><strong>pacis,</strong></span> <span class='ocrx_word' id='word_1_25' title='bbox 736 652 849 712; x_wconf 89' lang='lat' dir='ltr'><strong>basium</strong></span> <span class='ocrx_word' id='word_1_26' title='bbox 873 653 997 721; x_wconf 86' lang='lat' dir='ltr'><strong>amoris,</strong></span> <span class='ocrx_word' id='word_1_27' title='bbox 1020 653 1135 714; x_wconf 90' lang='lat' dir='ltr'><strong>sanium</strong></span> <span class='ocrx_word' id='word_1_28' title='bbox 1158 652 1274 730; x_wconf 90' lang='lat' dir='ltr'><strong>signum</strong></span> <span class='ocrx_word' id='word_1_29' title='bbox 1299 652 1421 712; x_wconf 88' lang='lat' dir='ltr'><strong>Veneris</strong></span> 
     </span>
     <span class='ocr_line' id='line_1_4' title="bbox 123 751 781 834; baseline -0.002 -21"><span class='ocrx_word' id='word_1_30' title='bbox 123 755 153 813; x_wconf 89' lang='lat' dir='ltr'><strong>·i·</strong></span> <span class='ocrx_word' id='word_1_31' title='bbox 180 753 323 814; x_wconf 79' lang='lat' dir='ltr'>luxuriae.</span> <span class='ocrx_word' id='word_1_32' title='bbox 370 751 442 814; x_wconf 92' lang='lat' dir='ltr'><strong>lnde</strong></span> <span class='ocrx_word' id='word_1_33' title='bbox 465 752 637 834; x_wconf 82' lang='lat' dir='ltr'><strong>etquidem</strong></span> <span class='ocrx_word' id='word_1_34' title='bbox 660 762 781 832; x_wconf 90' lang='lat' dir='ltr'><strong>poeta:</strong></span> 
     </span>
     <span class='ocr_line' id='line_1_5' title="bbox 277 853 1248 933; baseline 0.002 -19"><span class='ocrx_word' id='word_1_35' title='bbox 277 855 384 915; x_wconf 89' lang='lat' dir='ltr'><strong>Basia</strong></span> <span class='ocrx_word' id='word_1_36' title='bbox 407 854 632 933; x_wconf 88' lang='lat' dir='ltr'><strong>coniugibus</strong></span> <span class='ocrx_word' id='word_1_37' title='bbox 655 855 717 916; x_wconf 89' lang='lat' dir='ltr'><strong>sed</strong></span> <span class='ocrx_word' id='word_1_38' title='bbox 742 863 777 916; x_wconf 93' lang='lat' dir='ltr'><strong>et</strong></span> <span class='ocrx_word' id='word_1_39' title='bbox 799 853 924 917; x_wconf 91' lang='lat' dir='ltr'><strong>oscula</strong></span> <span class='ocrx_word' id='word_1_40' title='bbox 948 854 1086 917; x_wconf 88' lang='lat' dir='ltr'><strong>deutur</strong></span> <span class='ocrx_word' id='word_1_41' title='bbox 1109 858 1248 918; x_wconf 91' lang='lat' dir='ltr'><strong>amicis.</strong></span> 
     </span>
     <span class='ocr_line' id='line_1_6' title="bbox 277 955 1115 1035; baseline 0.005 -19"><span class='ocrx_word' id='word_1_42' title='bbox 277 957 385 1017; x_wconf 89' lang='lat' dir='ltr'><strong>Sauia</strong></span> <span class='ocrx_word' id='word_1_43' title='bbox 409 955 568 1018; x_wconf 89' lang='lat' dir='ltr'><strong>lasciuis</strong></span> <span class='ocrx_word' id='word_1_44' title='bbox 591 959 800 1018; x_wconf 77' lang='lat' dir='ltr'>miscentur</span> <span class='ocrx_word' id='word_1_45' title='bbox 823 964 926 1035; x_wconf 87' lang='lat' dir='ltr'><strong>grata</strong></span> <span class='ocrx_word' id='word_1_46' title='bbox 949 956 1115 1020; x_wconf 86' lang='lat' dir='ltr'><strong>labellis.</strong></span> 
     </span>
    </p>

    <p class='ocr_par' dir='ltr' id='par_1_3' title="bbox 121 1057 1511 1445">
     <span class='ocr_line' id='line_1_7' title="bbox 122 1057 1511 1140; baseline 0.003 -24"><span class='ocrx_word' id='word_1_47' title='bbox 122 1057 157 1116; x_wconf 86' lang='lat' dir='ltr'><strong>D.</strong></span> <span class='ocrx_word' id='word_1_48' title='bbox 175 1057 355 1136; x_wconf 89' lang='lat' dir='ltr'><strong>&#39;fempora</strong></span> <span class='ocrx_word' id='word_1_49' title='bbox 380 1057 579 1119; x_wconf 90' lang='lat' dir='ltr'><strong>uerborum</strong></span> <span class='ocrx_word' id='word_1_50' title='bbox 602 1066 692 1138; x_wconf 87' lang='lat' dir='ltr'><strong>quot</strong></span> <span class='ocrx_word' id='word_1_51' title='bbox 714 1059 818 1120; x_wconf 85' lang='lat' dir='ltr'><strong>suntl</strong></span> <span class='ocrx_word' id='word_1_52' title='bbox 855 1057 1001 1138; x_wconf 77' lang='lat' dir='ltr'><strong>Tempora</strong></span> <span class='ocrx_word' id='word_1_53' title='bbox 1024 1059 1162 1120; x_wconf 88' lang='lat' dir='ltr'><strong>dicuntur</strong></span> <span class='ocrx_word' id='word_1_54' title='bbox 1184 1059 1420 1140; x_wconf 86' lang='lat' dir='ltr'><strong>aternperando.</strong></span> <span class='ocrx_word' id='word_1_55' title='bbox 1435 1074 1511 1124; x_wconf 69' lang='lat' dir='ltr'><strong>teus</strong></span> 
     </span>
     <span class='ocr_line' id='line_1_8' title="bbox 121 1159 1423 1242; baseline 0.002 -24"><span class='ocrx_word' id='word_1_56' title='bbox 121 1159 199 1219; x_wconf 90' lang='lat' dir='ltr'><strong>Sunt</strong></span> <span class='ocrx_word' id='word_1_57' title='bbox 210 1167 309 1219; x_wconf 87' lang='lat' dir='ltr'><strong>autem</strong></span> <span class='ocrx_word' id='word_1_58' title='bbox 326 1169 465 1238; x_wconf 90' lang='lat' dir='ltr'><strong>quattuor</strong></span> <span class='ocrx_word' id='word_1_59' title='bbox 479 1168 612 1240; x_wconf 89' lang='lat' dir='ltr'><strong>tempora</strong></span> <span class='ocrx_word' id='word_1_60' title='bbox 622 1163 701 1230; x_wconf 87' lang='lat' dir='ltr'><strong>anni,</strong></span> <span class='ocrx_word' id='word_1_61' title='bbox 719 1179 794 1240; x_wconf 90' lang='lat' dir='ltr'><strong>quae</strong></span> <span class='ocrx_word' id='word_1_62' title='bbox 809 1179 862 1222; x_wconf 90' lang='lat' dir='ltr'><strong>sua</strong></span> <span class='ocrx_word' id='word_1_63' title='bbox 875 1160 1080 1222; x_wconf 87' lang='lat' dir='ltr'><strong>uicissitudine</strong></span> <span class='ocrx_word' id='word_1_64' title='bbox 1092 1168 1310 1242; x_wconf 77' lang='lat' dir='ltr'><strong>temperantur:</strong></span> <span class='ocrx_word' id='word_1_65' title='bbox 1328 1172 1423 1224; x_wconf 87' lang='lat' dir='ltr'><strong>aestas</strong></span> 
     </span>
     <span class='ocr_line' id='line_1_9' title="bbox 121 1253 1422 1345; baseline 0.005 -26"><span class='ocrx_word' id='word_1_66' title='bbox 121 1259 233 1331; x_wconf 90' lang='lat' dir='ltr'><strong>calida,</strong></span> <span class='ocrx_word' id='word_1_67' title='bbox 264 1260 360 1322; x_wconf 91' lang='lat' dir='ltr'><strong>hiems</strong></span> <span class='ocrx_word' id='word_1_68' title='bbox 382 1260 504 1341; x_wconf 81' lang='lat' dir='ltr'><strong>frigida,</strong></span> <span class='ocrx_word' id='word_1_69' title='bbox 530 1270 559 1322; x_wconf 87' lang='lat' dir='ltr'><strong>et</strong></span> <span class='ocrx_word' id='word_1_70' title='bbox 581 1253 659 1323; x_wconf 86' lang='lat' dir='ltr'><strong>inter</strong></span> <span class='ocrx_word' id='word_1_71' title='bbox 683 1263 755 1322; x_wconf 87' lang='lat' dir='ltr'><strong>lraec</strong></span> <span class='ocrx_word' id='word_1_72' title='bbox 778 1263 836 1323; x_wconf 90' lang='lat' dir='ltr'><strong>duo</strong></span> <span class='ocrx_word' id='word_1_73' title='bbox 860 1272 930 1324; x_wconf 91' lang='lat' dir='ltr'><strong>sunt</strong></span> <span class='ocrx_word' id='word_1_74' title='bbox 951 1264 1021 1330; x_wconf 85' lang='lat' dir='ltr'><strong>alia.</strong></span> <span class='ocrx_word' id='word_1_75' title='bbox 1046 1283 1121 1343; x_wconf 86' lang='lat' dir='ltr'><strong>quac</strong></span> <span class='ocrx_word' id='word_1_76' title='bbox 1145 1265 1266 1344; x_wconf 83' lang='lat' dir='ltr'><strong>proprie</strong></span> <span class='ocrx_word' id='word_1_77' title='bbox 1289 1274 1422 1345; x_wconf 91' lang='lat' dir='ltr'><strong>tempora</strong></span> 
     </span>
     <span class='ocr_line' id='line_1_10' title="bbox 121 1361 1421 1445; baseline 0.005 -26"><span class='ocrx_word' id='word_1_78' title='bbox 121 1361 271 1432; x_wconf 89' lang='lat' dir='ltr'><strong>dicuntur,</strong></span> <span class='ocrx_word' id='word_1_79' title='bbox 297 1365 326 1423; x_wconf 91' lang='lat' dir='ltr'><strong>·i·</strong></span> <span class='ocrx_word' id='word_1_80' title='bbox 350 1363 511 1424; x_wconf 88' lang='lat' dir='ltr'><strong>moderata.</strong></span> <span class='ocrx_word' id='word_1_81' title='bbox 552 1363 583 1424; x_wconf 94' lang='lat' dir='ltr'><strong>ln</strong></span> <span class='ocrx_word' id='word_1_82' title='bbox 607 1363 653 1424; x_wconf 83' lang='lat' dir='ltr'><strong>uis</strong></span> <span class='ocrx_word' id='word_1_83' title='bbox 670 1365 754 1424; x_wconf 78' lang='lat' dir='ltr'><strong>‘enim</strong></span> <span class='ocrx_word' id='word_1_84' title='bbox 777 1364 914 1424; x_wconf 77' lang='lat' dir='ltr'><strong>nimietas</strong></span> <span class='ocrx_word' id='word_1_85' title='bbox 930 1363 1037 1425; x_wconf 91' lang='lat' dir='ltr'><strong>caloris</strong></span> <span class='ocrx_word' id='word_1_86' title='bbox 1052 1372 1140 1444; x_wconf 83' lang='lat' dir='ltr'><strong>atquc</strong></span> <span class='ocrx_word' id='word_1_87' title='bbox 1156 1364 1277 1444; x_wconf 87' lang='lat' dir='ltr'><strong>frigoris</strong></span> <span class='ocrx_word' id='word_1_88' title='bbox 1293 1369 1421 1445; x_wconf 89' lang='lat' dir='ltr'><strong>reperiri</strong></span> 
     </span>
    </p>

    <p class='ocr_par' dir='ltr' id='par_1_4' title="bbox 83 1464 1421 1954">
     <span class='ocr_line' id='line_1_11' title="bbox 83 1464 1421 1547; baseline 0.006 -27"><span class='ocrx_word' id='word_1_89' title='bbox 83 1485 106 1520; x_wconf 87' lang='lat' dir='ltr'><strong>m</strong></span> <span class='ocrx_word' id='word_1_90' title='bbox 122 1467 236 1542; x_wconf 88' lang='lat' dir='ltr'><strong>nequit.</strong></span> <span class='ocrx_word' id='word_1_91' title='bbox 273 1464 305 1524; x_wconf 91' lang='lat' dir='ltr'><strong>lu</strong></span> <span class='ocrx_word' id='word_1_92' title='bbox 330 1464 423 1525; x_wconf 93' lang='lat' dir='ltr'><strong>uerbo</strong></span> <span class='ocrx_word' id='word_1_93' title='bbox 447 1474 544 1526; x_wconf 86' lang='lat' dir='ltr'><strong>autem</strong></span> <span class='ocrx_word' id='word_1_94' title='bbox 570 1473 702 1544; x_wconf 89' lang='lat' dir='ltr'><strong>tempora</strong></span> <span class='ocrx_word' id='word_1_95' title='bbox 726 1465 865 1526; x_wconf 88' lang='lat' dir='ltr'><strong>dicuntur</strong></span> <span class='ocrx_word' id='word_1_96' title='bbox 881 1466 1086 1539; x_wconf 75' lang='lat' dir='ltr'><strong>distinctiones</strong></span> <span class='ocrx_word' id='word_1_97' title='bbox 1107 1469 1202 1528; x_wconf 86' lang='lat' dir='ltr'><strong>nostri</strong></span> <span class='ocrx_word' id='word_1_98' title='bbox 1224 1477 1320 1535; x_wconf 91' lang='lat' dir='ltr'><strong>actus,</strong></span> <span class='ocrx_word' id='word_1_99' title='bbox 1344 1469 1421 1547; x_wconf 86' lang='lat' dir='ltr'><strong>quia,</strong></span> 
     </span>
     <span class='ocr_line' id='line_1_12' title="bbox 119 1565 1421 1648; baseline 0.004 -24"><span class='ocrx_word' id='word_1_100' title='bbox 119 1565 262 1645; x_wconf 85' lang='lat' dir='ltr'><strong>qrricquid</strong></span> <span class='ocrx_word' id='word_1_101' title='bbox 291 1565 428 1636; x_wconf 87' lang='lat' dir='ltr'><strong>iacimus,</strong></span> <span class='ocrx_word' id='word_1_102' title='bbox 458 1575 508 1627; x_wconf 90' lang='lat' dir='ltr'><strong>aut</strong></span> <span class='ocrx_word' id='word_1_103' title='bbox 530 1569 559 1627; x_wconf 92' lang='lat' dir='ltr'><strong>iu</strong></span> <span class='ocrx_word' id='word_1_104' title='bbox 583 1569 732 1646; x_wconf 86' lang='lat' dir='ltr'><strong>praesenti</strong></span> <span class='ocrx_word' id='word_1_105' title='bbox 755 1566 843 1628; x_wconf 83' lang='lat' dir='ltr'><strong>inodo</strong></span> <span class='ocrx_word' id='word_1_106' title='bbox 873 1567 1009 1636; x_wconf 85' lang='lat' dir='ltr'><strong>facimus,</strong></span> <span class='ocrx_word' id='word_1_107' title='bbox 1040 1570 1142 1629; x_wconf 92' lang='lat' dir='ltr'><strong>autin</strong></span> <span class='ocrx_word' id='word_1_108' title='bbox 1165 1571 1327 1648; x_wconf 87' lang='lat' dir='ltr'><strong>praeterito</strong></span> <span class='ocrx_word' id='word_1_109' title='bbox 1351 1570 1421 1630; x_wconf 86' lang='lat' dir='ltr'><strong>leci·</strong></span> 
     </span>
     <span class='ocr_line' id='line_1_13' title="bbox 121 1667 1420 1750; baseline 0.005 -24"><span class='ocrx_word' id='word_1_110' title='bbox 121 1685 203 1736; x_wconf 78' lang='lat' dir='ltr'><strong>mue,</strong></span> <span class='ocrx_word' id='word_1_111' title='bbox 238 1667 285 1727; x_wconf 90' lang='lat' dir='ltr'><strong>uel</strong></span> <span class='ocrx_word' id='word_1_112' title='bbox 314 1670 344 1728; x_wconf 94' lang='lat' dir='ltr'><strong>in</strong></span> <span class='ocrx_word' id='word_1_113' title='bbox 375 1667 475 1729; x_wconf 88' lang='lat' dir='ltr'><strong>futuro</strong></span> <span class='ocrx_word' id='word_1_114' title='bbox 504 1670 657 1729; x_wconf 89' lang='lat' dir='ltr'><strong>faciemus.</strong></span> <span class='ocrx_word' id='word_1_115' title='bbox 707 1667 760 1730; x_wconf 90' lang='lat' dir='ltr'><strong>Est</strong></span> <span class='ocrx_word' id='word_1_116' title='bbox 788 1687 860 1748; x_wconf 88' lang='lat' dir='ltr'><strong>ergo</strong></span> <span class='ocrx_word' id='word_1_117' title='bbox 888 1675 1006 1748; x_wconf 88' lang='lat' dir='ltr'><strong>tempus</strong></span> <span class='ocrx_word' id='word_1_118' title='bbox 1034 1671 1152 1750; x_wconf 89' lang='lat' dir='ltr'><strong>quidam</strong></span> <span class='ocrx_word' id='word_1_119' title='bbox 1182 1689 1282 1732; x_wconf 89' lang='lat' dir='ltr'><strong>rerum</strong></span> <span class='ocrx_word' id='word_1_120' title='bbox 1312 1679 1420 1732; x_wconf 91' lang='lat' dir='ltr'><strong>motus.</strong></span> 
     </span>
     <span class='ocr_line' id='line_1_14' title="bbox 119 1767 1420 1852; baseline 0.005 -24"><span class='ocrx_word' id='word_1_121' title='bbox 119 1767 267 1830; x_wconf 81' lang='lat' dir='ltr'><strong>Praesens</strong></span> <span class='ocrx_word' id='word_1_122' title='bbox 289 1769 495 1849; x_wconf 90' lang='lat' dir='ltr'><strong>imperfectum</strong></span> <span class='ocrx_word' id='word_1_123' title='bbox 520 1790 584 1832; x_wconf 86' lang='lat' dir='ltr'><strong>esse</strong></span> <span class='ocrx_word' id='word_1_124' title='bbox 607 1771 744 1840; x_wconf 87' lang='lat' dir='ltr'><strong>dicimus,</strong></span> <span class='ocrx_word' id='word_1_125' title='bbox 767 1775 845 1832; x_wconf 88' lang='lat' dir='ltr'><strong>sicut</strong></span> <span class='ocrx_word' id='word_1_126' title='bbox 866 1779 897 1831; x_wconf 90' lang='grc' dir='ltr'><strong>ει</strong></span> <span class='ocrx_word' id='word_1_127' title='bbox 918 1772 1059 1848; x_wconf 89' lang='lat' dir='ltr'><strong>futurum,</strong></span> <span class='ocrx_word' id='word_1_128' title='bbox 1084 1772 1212 1852; x_wconf 88' lang='lat' dir='ltr'><strong>eoquod</strong></span> <span class='ocrx_word' id='word_1_129' title='bbox 1230 1792 1288 1833; x_wconf 94' lang='lat' dir='ltr'><strong>non</strong></span> <span class='ocrx_word' id='word_1_130' title='bbox 1312 1782 1420 1842; x_wconf 87' lang='lat' dir='ltr'><strong>manet.</strong></span> 
     </span>
     <span class='ocr_line' id='line_1_15' title="bbox 119 1870 1421 1954; baseline 0.004 -23"><span class='ocrx_word' id='word_1_131' title='bbox 119 1870 173 1931; x_wconf 90' lang='lat' dir='ltr'><strong>sed</strong></span> <span class='ocrx_word' id='word_1_132' title='bbox 197 1871 414 1950; x_wconf 87' lang='lat' dir='ltr'><strong>quodammodo</strong></span> <span class='ocrx_word' id='word_1_133' title='bbox 438 1874 553 1932; x_wconf 88' lang='lat' dir='ltr'><strong>transit.</strong></span> <span class='ocrx_word' id='word_1_134' title='bbox 593 1872 675 1933; x_wconf 89' lang='lat' dir='ltr'><strong>Vnde</strong></span> <span class='ocrx_word' id='word_1_135' title='bbox 699 1882 729 1932; x_wconf 90' lang='lat' dir='ltr'><strong>et</strong></span> <span class='ocrx_word' id='word_1_136' title='bbox 751 1893 766 1934; x_wconf 91' lang='lat' dir='ltr'><strong>a</strong></span> <span class='ocrx_word' id='word_1_137' title='bbox 788 1873 974 1954; x_wconf 88' lang='lat' dir='ltr'><strong>philosophis</strong></span> <span class='ocrx_word' id='word_1_138' title='bbox 996 1875 1111 1936; x_wconf 90' lang='lat' dir='ltr'><strong>instans</strong></span> <span class='ocrx_word' id='word_1_139' title='bbox 1127 1874 1245 1951; x_wconf 88' lang='lat' dir='ltr'><strong>dicitur,</strong></span> <span class='ocrx_word' id='word_1_140' title='bbox 1269 1875 1421 1937; x_wconf 88' lang='lat' dir='ltr'><strong>aGraecis</strong></span> 
     </span>
    </p>

    <p class='ocr_par' dir='ltr' id='par_1_5' title="bbox 79 1957 1421 2462">
     <span class='ocr_line' id='line_1_16' title="bbox 79 1957 1420 2055; baseline 0.006 -26"><span class='ocrx_word' id='word_1_141' title='bbox 79 1991 104 2030; x_wconf 84' lang='lat' dir='ltr'><strong>n</strong></span> <span class='ocrx_word' id='word_1_142' title='bbox 119 1967 290 2052; x_wconf 79' lang='grc' dir='ltr'><strong>ἀόριστον,</strong></span> <span class='ocrx_word' id='word_1_143' title='bbox 315 1992 350 2034; x_wconf 88' lang='grc' dir='ltr'><strong>εο</strong></span> <span class='ocrx_word' id='word_1_144' title='bbox 373 1973 451 2053; x_wconf 89' lang='lat' dir='ltr'><strong>quod</strong></span> <span class='ocrx_word' id='word_1_145' title='bbox 476 1992 535 2035; x_wconf 92' lang='lat' dir='ltr'><strong>non</strong></span> <span class='ocrx_word' id='word_1_146' title='bbox 558 1982 624 2034; x_wconf 87' lang='lat' dir='ltr'><strong>stat.</strong></span> <span class='ocrx_word' id='word_1_147' title='bbox 665 1974 757 2053; x_wconf 85' lang='lat' dir='ltr'><strong>igitur</strong></span> <span class='ocrx_word' id='word_1_148' title='bbox 779 1957 922 2054; x_wconf 88' lang='lat' dir='ltr'><strong>praeseus</strong></span> <span class='ocrx_word' id='word_1_149' title='bbox 944 1983 1063 2055; x_wconf 91' lang='lat' dir='ltr'><strong>tempus</strong></span> <span class='ocrx_word' id='word_1_150' title='bbox 1086 1976 1158 2036; x_wconf 90' lang='lat' dir='ltr'><strong>nihil</strong></span> <span class='ocrx_word' id='word_1_151' title='bbox 1188 1975 1266 2038; x_wconf 88' lang='lat' dir='ltr'><strong>aliud</strong></span> <span class='ocrx_word' id='word_1_152' title='bbox 1297 1986 1342 2038; x_wconf 91' lang='grc' dir='ltr'><strong>εει</strong></span> <span class='ocrx_word' id='word_1_153' title='bbox 1364 1979 1420 2038; x_wconf 93' lang='lat' dir='ltr'><strong>nisi</strong></span> 
     </span>
     <span class='ocr_line' id='line_1_17' title="bbox 118 2074 1421 2156; baseline 0.003 -21"><span class='ocrx_word' id='word_1_154' title='bbox 118 2075 275 2145; x_wconf 86' lang='lat' dir='ltr'><strong>distantia,</strong></span> <span class='ocrx_word' id='word_1_155' title='bbox 308 2077 337 2136; x_wconf 91' lang='lat' dir='ltr'><strong>·i·</strong></span> <span class='ocrx_word' id='word_1_156' title='bbox 366 2079 463 2153; x_wconf 91' lang='lat' dir='ltr'><strong>ipsum</strong></span> <span class='ocrx_word' id='word_1_157' title='bbox 498 2075 670 2156; x_wconf 86' lang='lat' dir='ltr'><strong>spatiolum,</strong></span> <span class='ocrx_word' id='word_1_158' title='bbox 705 2074 782 2156; x_wconf 87' lang='lat' dir='ltr'><strong>quod</strong></span> <span class='ocrx_word' id='word_1_159' title='bbox 817 2077 896 2137; x_wconf 90' lang='lat' dir='ltr'><strong>iuter</strong></span> <span class='ocrx_word' id='word_1_160' title='bbox 927 2076 1118 2155; x_wconf 86' lang='lat' dir='ltr'><strong>praeteritum</strong></span> <span class='ocrx_word' id='word_1_161' title='bbox 1149 2085 1194 2138; x_wconf 89' lang='lat' dir='ltr'><strong>est</strong></span> <span class='ocrx_word' id='word_1_162' title='bbox 1222 2087 1251 2138; x_wconf 89' lang='lat' dir='ltr'><strong>et</strong></span> <span class='ocrx_word' id='word_1_163' title='bbox 1278 2079 1421 2140; x_wconf 91' lang='lat' dir='ltr'><strong>futurum.</strong></span> 
     </span>
     <span class='ocr_line' id='line_1_18' title="bbox 120 2175 1420 2256; baseline 0.005 -22"><span class='ocrx_word' id='word_1_164' title='bbox 120 2175 212 2237; x_wconf 85' lang='lat' dir='ltr'><strong>Verbi</strong></span> <span class='ocrx_word' id='word_1_165' title='bbox 227 2179 321 2256; x_wconf 86' lang='lat' dir='ltr'><strong>gratia</strong></span> <span class='ocrx_word' id='word_1_166' title='bbox 336 2176 452 2239; x_wconf 70' lang='lat' dir='ltr'><strong>‘deus’z</strong></span> <span class='ocrx_word' id='word_1_167' title='bbox 478 2197 546 2238; x_wconf 92' lang='lat' dir='ltr'><strong>cum</strong></span> <span class='ocrx_word' id='word_1_168' title='bbox 568 2177 635 2239; x_wconf 90' lang='lat' dir='ltr'><strong>dico</strong></span> <span class='ocrx_word' id='word_1_169' title='bbox 658 2177 704 2249; x_wconf 90' lang='lat' dir='ltr'><strong>de,</strong></span> <span class='ocrx_word' id='word_1_170' title='bbox 728 2197 762 2241; x_wconf 92' lang='lat' dir='ltr'><strong>us</strong></span> <span class='ocrx_word' id='word_1_171' title='bbox 785 2177 882 2240; x_wconf 86' lang='lat' dir='ltr'><strong>adhuc</strong></span> <span class='ocrx_word' id='word_1_172' title='bbox 904 2187 1047 2249; x_wconf 88' lang='lat' dir='ltr'><strong>remanet,</strong></span> <span class='ocrx_word' id='word_1_173' title='bbox 1071 2187 1189 2240; x_wconf 91' lang='lat' dir='ltr'><strong>etcum</strong></span> <span class='ocrx_word' id='word_1_174' title='bbox 1213 2179 1339 2251; x_wconf 80' lang='lat' dir='ltr'><strong>dimus,</strong></span> <span class='ocrx_word' id='word_1_175' title='bbox 1363 2184 1420 2241; x_wconf 90' lang='lat' dir='ltr'><strong>iarn</strong></span> 
     </span>
     <span class='ocr_line' id='line_1_19' title="bbox 120 2277 1420 2360; baseline 0.004 -22"><span class='ocrx_word' id='word_1_176' title='bbox 120 2277 158 2338; x_wconf 89' lang='lat' dir='ltr'><strong>de</strong></span> <span class='ocrx_word' id='word_1_177' title='bbox 187 2281 382 2358; x_wconf 85' lang='lat' dir='ltr'><strong>praeteritum</strong></span> <span class='ocrx_word' id='word_1_178' title='bbox 411 2290 467 2342; x_wconf 88' lang='grc' dir='ltr'><strong>εει.</strong></span> <span class='ocrx_word' id='word_1_179' title='bbox 511 2281 655 2342; x_wconf 85' lang='lat' dir='ltr'><strong>Futurum</strong></span> <span class='ocrx_word' id='word_1_180' title='bbox 685 2281 820 2341; x_wconf 90' lang='lat' dir='ltr'><strong>similiter</strong></span> <span class='ocrx_word' id='word_1_181' title='bbox 843 2282 1050 2360; x_wconf 87' lang='lat' dir='ltr'><strong>imperfectum</strong></span> <span class='ocrx_word' id='word_1_182' title='bbox 1074 2289 1129 2340; x_wconf 86' lang='lat' dir='ltr'><strong>est.</strong></span> <span class='ocrx_word' id='word_1_183' title='bbox 1174 2279 1317 2360; x_wconf 82' lang='lat' dir='ltr'><strong>Quicquid</strong></span> <span class='ocrx_word' id='word_1_184' title='bbox 1342 2284 1420 2343; x_wconf 92' lang='lat' dir='ltr'><strong>enim</strong></span> 
     </span>
     <span class='ocr_line' id='line_1_20' title="bbox 118 2381 1419 2462; baseline 0.004 -23"><span class='ocrx_word' id='word_1_185' title='bbox 118 2383 148 2440; x_wconf 96' lang='lat' dir='ltr'><strong>in</strong></span> <span class='ocrx_word' id='word_1_186' title='bbox 174 2389 277 2442; x_wconf 91' lang='lat' dir='ltr'><strong>nostro</strong></span> <span class='ocrx_word' id='word_1_187' title='bbox 300 2389 366 2442; x_wconf 91' lang='lat' dir='ltr'><strong>actu</strong></span> <span class='ocrx_word' id='word_1_188' title='bbox 389 2391 444 2452; x_wconf 90' lang='grc' dir='ltr'><strong>εει,</strong></span> <span class='ocrx_word' id='word_1_189' title='bbox 468 2384 615 2443; x_wconf 90' lang='lat' dir='ltr'><strong>incertum</strong></span> <span class='ocrx_word' id='word_1_190' title='bbox 639 2390 685 2443; x_wconf 89' lang='lat' dir='ltr'><strong>cst</strong></span> <span class='ocrx_word' id='word_1_191' title='bbox 707 2389 738 2442; x_wconf 89' lang='lat' dir='ltr'><strong>cl</strong></span> <span class='ocrx_word' id='word_1_192' title='bbox 759 2383 977 2461; x_wconf 86' lang='lat' dir='ltr'><strong>imperfectum.</strong></span> <span class='ocrx_word' id='word_1_193' title='bbox 1016 2381 1089 2443; x_wconf 88' lang='lat' dir='ltr'><strong>Nam</strong></span> <span class='ocrx_word' id='word_1_194' title='bbox 1113 2391 1210 2462; x_wconf 88' lang='lat' dir='ltr'><strong>potest</strong></span> <span class='ocrx_word' id='word_1_195' title='bbox 1233 2402 1297 2445; x_wconf 91' lang='grc' dir='ltr'><strong>εεεε</strong></span> <span class='ocrx_word' id='word_1_196' title='bbox 1314 2393 1345 2445; x_wconf 87' lang='grc' dir='ltr'><strong>ει</strong></span> <span class='ocrx_word' id='word_1_197' title='bbox 1360 2403 1419 2444; x_wconf 94' lang='lat' dir='ltr'><strong>non</strong></span> 
     </span>
    </p>

    <p class='ocr_par' dir='ltr' id='par_1_6' title="bbox 77 2479 1419 2971">
     <span class='ocr_line' id='line_1_21' title="bbox 77 2479 1418 2568; baseline 0.006 -30"><span class='ocrx_word' id='word_1_198' title='bbox 77 2505 103 2538; x_wconf 67' lang='lat' dir='ltr'><strong>:o</strong></span> <span class='ocrx_word' id='word_1_199' title='bbox 117 2502 198 2544; x_wconf 91' lang='lat' dir='ltr'><strong>esse.</strong></span> <span class='ocrx_word' id='word_1_200' title='bbox 242 2484 319 2545; x_wconf 87' lang='lat' dir='ltr'><strong>Sunt</strong></span> <span class='ocrx_word' id='word_1_201' title='bbox 348 2492 446 2545; x_wconf 91' lang='lat' dir='ltr'><strong>autem</strong></span> <span class='ocrx_word' id='word_1_202' title='bbox 470 2484 615 2562; x_wconf 86' lang='lat' dir='ltr'><strong>quaedam</strong></span> <span class='ocrx_word' id='word_1_203' title='bbox 638 2485 736 2545; x_wconf 91' lang='lat' dir='ltr'><strong>lutura</strong></span> <span class='ocrx_word' id='word_1_204' title='bbox 759 2479 846 2568; x_wconf 66' lang='lat' dir='ltr'><strong>notul]</strong></span> <span class='ocrx_word' id='word_1_205' title='bbox 863 2502 892 2563; x_wconf 95' lang='lat' dir='ltr'><strong>p.</strong></span> <span class='ocrx_word' id='word_1_206' title='bbox 913 2479 972 2543; x_wconf 74' lang='lat'><strong>123</strong></span> <span class='ocrx_word' id='word_1_207' title='bbox 991 2504 993 2564; x_wconf 58' lang='lat' dir='ltr'><strong>p</strong></span> <span class='ocrx_word' id='word_1_208' title='bbox 1006 2483 1094 2551; x_wconf 88' lang='lat' dir='ltr'><strong>ralia,</strong></span> <span class='ocrx_word' id='word_1_209' title='bbox 1119 2501 1195 2561; x_wconf 85' lang='lat' dir='ltr'><strong>quac</strong></span> <span class='ocrx_word' id='word_1_210' title='bbox 1218 2485 1326 2546; x_wconf 77' lang='lat' dir='ltr'><strong>cotidie</strong></span> <span class='ocrx_word' id='word_1_211' title='bbox 1350 2505 1418 2546; x_wconf 92' lang='lat' dir='ltr'><strong>eue-</strong></span> 
     </span>
     <span class='ocr_line' id='line_1_22' title="bbox 116 2584 1418 2660; baseline 0.002 -16"><span class='ocrx_word' id='word_1_212' title='bbox 116 2587 220 2660; x_wconf 88' lang='lat' dir='ltr'><strong>niunt,</strong></span> <span class='ocrx_word' id='word_1_213' title='bbox 251 2595 282 2646; x_wconf 91' lang='lat' dir='ltr'><strong>ut</strong></span> <span class='ocrx_word' id='word_1_214' title='bbox 310 2584 403 2647; x_wconf 91' lang='lat' dir='ltr'><strong>solem</strong></span> <span class='ocrx_word' id='word_1_215' title='bbox 427 2585 499 2646; x_wconf 90' lang='lat' dir='ltr'><strong>oriri</strong></span> <span class='ocrx_word' id='word_1_216' title='bbox 522 2595 551 2646; x_wconf 88' lang='lat' dir='ltr'><strong>ct</strong></span> <span class='ocrx_word' id='word_1_217' title='bbox 574 2585 724 2647; x_wconf 88' lang='lat' dir='ltr'><strong>hominem</strong></span> <span class='ocrx_word' id='word_1_218' title='bbox 748 2589 821 2647; x_wconf 93' lang='lat' dir='ltr'><strong>mori</strong></span> <span class='ocrx_word' id='word_1_219' title='bbox 845 2595 874 2645; x_wconf 90' lang='lat' dir='ltr'><strong>et</strong></span> <span class='ocrx_word' id='word_1_220' title='bbox 897 2587 987 2647; x_wconf 92' lang='lat' dir='ltr'><strong>alium</strong></span> <span class='ocrx_word' id='word_1_221' title='bbox 1009 2587 1099 2646; x_wconf 90' lang='lat' dir='ltr'><strong>nasci.</strong></span> <span class='ocrx_word' id='word_1_222' title='bbox 1145 2586 1203 2646; x_wconf 93' lang='lat' dir='ltr'><strong>lsta</strong></span> <span class='ocrx_word' id='word_1_223' title='bbox 1227 2586 1418 2648; x_wconf 86' lang='lat' dir='ltr'><strong>immutabilia</strong></span> 
     </span>
     <span class='ocr_line' id='line_1_23' title="bbox 115 2685 1419 2768; baseline 0.001 -20"><span class='ocrx_word' id='word_1_224' title='bbox 115 2694 202 2758; x_wconf 89' lang='lat' dir='ltr'><strong>sunt,</strong></span> <span class='ocrx_word' id='word_1_225' title='bbox 233 2689 300 2766; x_wconf 90' lang='lat' dir='ltr'><strong>quia</strong></span> <span class='ocrx_word' id='word_1_226' title='bbox 330 2685 377 2747; x_wconf 88' lang='lat' dir='ltr'><strong>dei</strong></span> <span class='ocrx_word' id='word_1_227' title='bbox 405 2686 548 2767; x_wconf 88' lang='lat' dir='ltr'><strong>dispositu</strong></span> <span class='ocrx_word' id='word_1_228' title='bbox 579 2689 731 2750; x_wconf 92' lang='lat' dir='ltr'><strong>eueniunt.</strong></span> <span class='ocrx_word' id='word_1_229' title='bbox 775 2688 923 2750; x_wconf 86' lang='lat' dir='ltr'><strong>Praesens</strong></span> <span class='ocrx_word' id='word_1_230' title='bbox 949 2687 1047 2768; x_wconf 91' lang='lat' dir='ltr'><strong>itaque</strong></span> <span class='ocrx_word' id='word_1_231' title='bbox 1071 2694 1101 2746; x_wconf 87' lang='lat' dir='ltr'><strong>et</strong></span> <span class='ocrx_word' id='word_1_232' title='bbox 1123 2686 1253 2749; x_wconf 88' lang='lat' dir='ltr'><strong>futurum</strong></span> <span class='ocrx_word' id='word_1_233' title='bbox 1276 2689 1419 2768; x_wconf 89' lang='lat' dir='ltr'><strong>simplicia</strong></span> 
     </span>
     <span class='ocr_line' id='line_1_24' title="bbox 113 2779 1417 2871; baseline 0.001 -22"><span class='ocrx_word' id='word_1_234' title='bbox 113 2795 201 2859; x_wconf 89' lang='lat' dir='ltr'><strong>sunt,</strong></span> <span class='ocrx_word' id='word_1_235' title='bbox 232 2788 283 2849; x_wconf 89' lang='lat' dir='ltr'><strong>scd</strong></span> <span class='ocrx_word' id='word_1_236' title='bbox 313 2791 505 2867; x_wconf 87' lang='lat' dir='ltr'><strong>praeteritum</strong></span> <span class='ocrx_word' id='word_1_237' title='bbox 536 2792 566 2850; x_wconf 93' lang='lat' dir='ltr'><strong>in</strong></span> <span class='ocrx_word' id='word_1_238' title='bbox 596 2798 658 2852; x_wconf 87' lang='lat' dir='ltr'><strong>tres</strong></span> <span class='ocrx_word' id='word_1_239' title='bbox 686 2789 832 2852; x_wconf 90' lang='lat' dir='ltr'><strong>diuiditur</strong></span> <span class='ocrx_word' id='word_1_240' title='bbox 854 2791 984 2871; x_wconf 88' lang='lat' dir='ltr'><strong>species,</strong></span> <span class='ocrx_word' id='word_1_241' title='bbox 1014 2807 1050 2849; x_wconf 89' lang='lat' dir='ltr'><strong>co</strong></span> <span class='ocrx_word' id='word_1_242' title='bbox 1072 2789 1151 2869; x_wconf 91' lang='lat' dir='ltr'><strong>quod</strong></span> <span class='ocrx_word' id='word_1_243' title='bbox 1173 2779 1339 2869; x_wconf 89' lang='lat' dir='ltr'><strong>perlectum</strong></span> <span class='ocrx_word' id='word_1_244' title='bbox 1363 2802 1417 2852; x_wconf 88' lang='lat' dir='ltr'><strong>est.</strong></span> 
     </span>
     <span class='ocr_line' id='line_1_25' title="bbox 115 2889 1419 2971; baseline 0.002 -21"><span class='ocrx_word' id='word_1_245' title='bbox 115 2889 273 2951; x_wconf 87' lang='lat' dir='ltr'><strong>Namrem</strong></span> <span class='ocrx_word' id='word_1_246' title='bbox 289 2899 439 2970; x_wconf 89' lang='lat' dir='ltr'><strong>peractam</strong></span> <span class='ocrx_word' id='word_1_247' title='bbox 461 2890 655 2954; x_wconf 91' lang='lat' dir='ltr'><strong>demonstrat.</strong></span> <span class='ocrx_word' id='word_1_248' title='bbox 700 2892 853 2970; x_wconf 84' lang='lat' dir='ltr'><strong>Siquidem</strong></span> <span class='ocrx_word' id='word_1_249' title='bbox 876 2891 1018 2952; x_wconf 88' lang='lat' dir='ltr'><strong>diuiditur</strong></span> <span class='ocrx_word' id='word_1_250' title='bbox 1041 2891 1070 2951; x_wconf 91' lang='lat' dir='ltr'><strong>in</strong></span> <span class='ocrx_word' id='word_1_251' title='bbox 1093 2893 1285 2971; x_wconf 84' lang='lat' dir='ltr'><strong>praeteritum</strong></span> <span class='ocrx_word' id='word_1_252' title='bbox 1308 2893 1419 2971; x_wconf 89' lang='lat' dir='ltr'><strong>imper·</strong></span> 
     </span>
    </p>

    <p class='ocr_par' dir='ltr' id='par_1_7' title="bbox 74 2993 1417 3480">
     <span class='ocr_line' id='line_1_26' title="bbox 74 2993 1417 3074; baseline 0.004 -25"><span class='ocrx_word' id='word_1_253' title='bbox 74 3013 99 3050; x_wconf 75' lang='lat' dir='ltr'><strong>se</strong></span> <span class='ocrx_word' id='word_1_254' title='bbox 114 2994 229 3053; x_wconf 88' lang='lat' dir='ltr'><strong>fectum</strong></span> <span class='ocrx_word' id='word_1_255' title='bbox 253 3001 283 3053; x_wconf 90' lang='lat' dir='ltr'><strong>et</strong></span> <span class='ocrx_word' id='word_1_256' title='bbox 303 2994 336 3053; x_wconf 90' lang='lat' dir='ltr'><strong>in</strong></span> <span class='ocrx_word' id='word_1_257' title='bbox 357 2995 549 3074; x_wconf 91' lang='lat' dir='ltr'><strong>praeteritum</strong></span> <span class='ocrx_word' id='word_1_258' title='bbox 573 2993 737 3074; x_wconf 88' lang='lat' dir='ltr'><strong>perfectum</strong></span> <span class='ocrx_word' id='word_1_259' title='bbox 762 3005 792 3056; x_wconf 89' lang='lat' dir='ltr'><strong>et</strong></span> <span class='ocrx_word' id='word_1_260' title='bbox 814 2997 844 3055; x_wconf 93' lang='lat' dir='ltr'><strong>in</strong></span> <span class='ocrx_word' id='word_1_261' title='bbox 868 2995 1061 3074; x_wconf 89' lang='lat' dir='ltr'><strong>praeteritum</strong></span> <span class='ocrx_word' id='word_1_262' title='bbox 1085 2993 1417 3074; x_wconf 78' lang='lat' dir='ltr'><strong>plusquamperfectum.</strong></span> 
     </span>
     <span class='ocr_line' id='line_1_27' title="bbox 115 3095 1417 3176; baseline 0.001 -22"><span class='ocrx_word' id='word_1_263' title='bbox 115 3095 234 3156; x_wconf 85' lang='lat' dir='ltr'><strong>llicitur</strong></span> <span class='ocrx_word' id='word_1_264' title='bbox 257 3112 329 3173; x_wconf 91' lang='lat' dir='ltr'><strong>ergo</strong></span> <span class='ocrx_word' id='word_1_265' title='bbox 352 3098 544 3175; x_wconf 89' lang='lat' dir='ltr'><strong>praeteritum</strong></span> <span class='ocrx_word' id='word_1_266' title='bbox 563 3097 788 3176; x_wconf 88' lang='lat' dir='ltr'><strong>imperfectum,</strong></span> <span class='ocrx_word' id='word_1_267' title='bbox 813 3096 941 3176; x_wconf 87' lang='lat' dir='ltr'><strong>eoquod</strong></span> <span class='ocrx_word' id='word_1_268' title='bbox 962 3096 1168 3175; x_wconf 76' lang='lat' dir='ltr'><strong>imperfectam</strong></span> <span class='ocrx_word' id='word_1_269' title='bbox 1192 3114 1256 3156; x_wconf 91' lang='lat' dir='ltr'><strong>rem</strong></span> <span class='ocrx_word' id='word_1_270' title='bbox 1278 3095 1417 3157; x_wconf 87' lang='lat' dir='ltr'><strong>ostendit.</strong></span> 
     </span>
     <span class='ocr_line' id='line_1_28' title="bbox 113 3196 1417 3277; baseline 0.002 -21"><span class='ocrx_word' id='word_1_271' title='bbox 113 3196 208 3257; x_wconf 86' lang='lat' dir='ltr'><strong>Verbi</strong></span> <span class='ocrx_word' id='word_1_272' title='bbox 224 3197 334 3274; x_wconf 86' lang='lat' dir='ltr'><strong>gratia:</strong></span> <span class='ocrx_word' id='word_1_273' title='bbox 359 3197 440 3274; x_wconf 76' lang='lat' dir='ltr'><strong>‘quid</strong></span> <span class='ocrx_word' id='word_1_274' title='bbox 464 3197 593 3258; x_wconf 91' lang='lat' dir='ltr'><strong>faciebas</strong></span> <span class='ocrx_word' id='word_1_275' title='bbox 616 3197 712 3258; x_wconf 87' lang='lat' dir='ltr'><strong>heril&#39;</strong></span> <span class='ocrx_word' id='word_1_276' title='bbox 752 3197 912 3277; x_wconf 77' lang='lat' dir='ltr'><strong>‘Legebam</strong></span> <span class='ocrx_word' id='word_1_277' title='bbox 929 3216 1061 3268; x_wconf 83' lang='lat' dir='ltr'><strong>uersum,</strong></span> <span class='ocrx_word' id='word_1_278' title='bbox 1085 3197 1203 3277; x_wconf 84' lang='lat' dir='ltr'><strong>qrramlo</strong></span> <span class='ocrx_word' id='word_1_279' title='bbox 1220 3215 1267 3258; x_wconf 93' lang='lat' dir='ltr'><strong>me</strong></span> <span class='ocrx_word' id='word_1_280' title='bbox 1283 3200 1417 3260; x_wconf 63' lang='lat' dir='ltr'><strong>necasti?</strong></span> 
     </span>
     <span class='ocr_line' id='line_1_29' title="bbox 112 3297 1417 3379; baseline 0.002 -19"><span class='ocrx_word' id='word_1_281' title='bbox 112 3299 190 3360; x_wconf 84' lang='lat' dir='ltr'><strong>Cum</strong></span> <span class='ocrx_word' id='word_1_282' title='bbox 214 3298 282 3359; x_wconf 91' lang='lat' dir='ltr'><strong>dico</strong></span> <span class='ocrx_word' id='word_1_283' title='bbox 304 3297 472 3376; x_wconf 81' lang='lat' dir='ltr'><strong>‘legebam&#39;,</strong></span> <span class='ocrx_word' id='word_1_284' title='bbox 501 3301 650 3378; x_wconf 88' lang='lat' dir='ltr'><strong>intelligis,</strong></span> <span class='ocrx_word' id='word_1_285' title='bbox 675 3319 722 3360; x_wconf 93' lang='lat' dir='ltr'><strong>me</strong></span> <span class='ocrx_word' id='word_1_286' title='bbox 744 3301 844 3378; x_wconf 88' lang='lat' dir='ltr'><strong>legere</strong></span> <span class='ocrx_word' id='word_1_287' title='bbox 867 3317 997 3367; x_wconf 90' lang='lat' dir='ltr'><strong>uersum,</strong></span> <span class='ocrx_word' id='word_1_288' title='bbox 1021 3298 1071 3359; x_wconf 89' lang='lat' dir='ltr'><strong>sed</strong></span> <span class='ocrx_word' id='word_1_289' title='bbox 1096 3297 1131 3359; x_wconf 86' lang='lat' dir='ltr'><strong>ad</strong></span> <span class='ocrx_word' id='word_1_290' title='bbox 1155 3300 1243 3360; x_wconf 89' lang='lat' dir='ltr'><strong>linem</strong></span> <span class='ocrx_word' id='word_1_291' title='bbox 1268 3317 1327 3359; x_wconf 92' lang='lat' dir='ltr'><strong>non</strong></span> <span class='ocrx_word' id='word_1_292' title='bbox 1350 3320 1417 3379; x_wconf 89' lang='lat' dir='ltr'><strong>pcr-</strong></span> 
     </span>
     <span class='ocr_line' id='line_1_30' title="bbox 111 3399 1417 3480; baseline 0.005 -22"><span class='ocrx_word' id='word_1_293' title='bbox 111 3400 225 3460; x_wconf 87' lang='lat' dir='ltr'><strong>fecisse</strong></span> <span class='ocrx_word' id='word_1_294' title='bbox 255 3407 283 3459; x_wconf 87' lang='lat' dir='ltr'><strong>et</strong></span> <span class='ocrx_word' id='word_1_295' title='bbox 312 3399 380 3459; x_wconf 87' lang='lat' dir='ltr'><strong>idco</strong></span> <span class='ocrx_word' id='word_1_296' title='bbox 406 3401 613 3480; x_wconf 77' lang='lat' dir='ltr'><strong>Imperfectum</strong></span> <span class='ocrx_word' id='word_1_297' title='bbox 639 3420 703 3462; x_wconf 86' lang='lat' dir='ltr'><strong>esse</strong></span> <span class='ocrx_word' id='word_1_298' title='bbox 726 3401 842 3463; x_wconf 91' lang='lat' dir='ltr'><strong>dicitur.</strong></span> <span class='ocrx_word' id='word_1_299' title='bbox 887 3401 1085 3462; x_wconf 88' lang='lat' dir='ltr'><strong>Praeteritum</strong></span> <span class='ocrx_word' id='word_1_300' title='bbox 1111 3401 1274 3480; x_wconf 87' lang='lat' dir='ltr'><strong>perlectum</strong></span> <span class='ocrx_word' id='word_1_301' title='bbox 1299 3401 1417 3472; x_wconf 90' lang='lat' dir='ltr'><strong>dicitur,</strong></span> 
     </span>
    </p>

    <p class='ocr_par' dir='ltr' id='par_1_8' title="bbox 73 3502 1570 3992">
     <span class='ocr_line' id='line_1_31' title="bbox 73 3502 1416 3583; baseline 0.004 -23"><span class='ocrx_word' id='word_1_302' title='bbox 73 3521 98 3560; x_wconf 85' lang='lat' dir='ltr'><strong>so</strong></span> <span class='ocrx_word' id='word_1_303' title='bbox 112 3521 150 3563; x_wconf 90' lang='lat' dir='ltr'><strong>eo</strong></span> <span class='ocrx_word' id='word_1_304' title='bbox 175 3502 255 3582; x_wconf 90' lang='lat' dir='ltr'><strong>quod</strong></span> <span class='ocrx_word' id='word_1_305' title='bbox 279 3503 440 3579; x_wconf 89' lang='lat' dir='ltr'><strong>perfectam</strong></span> <span class='ocrx_word' id='word_1_306' title='bbox 464 3511 494 3564; x_wconf 89' lang='lat' dir='ltr'><strong>et</strong></span> <span class='ocrx_word' id='word_1_307' title='bbox 515 3505 708 3583; x_wconf 89' lang='lat' dir='ltr'><strong>praeteritam</strong></span> <span class='ocrx_word' id='word_1_308' title='bbox 731 3522 794 3564; x_wconf 91' lang='lat' dir='ltr'><strong>rem</strong></span> <span class='ocrx_word' id='word_1_309' title='bbox 819 3502 1012 3572; x_wconf 86' lang='lat' dir='ltr'><strong>demonstrat,</strong></span> <span class='ocrx_word' id='word_1_310' title='bbox 1036 3511 1083 3563; x_wconf 91' lang='lat' dir='ltr'><strong>ut:</strong></span> <span class='ocrx_word' id='word_1_311' title='bbox 1107 3503 1189 3580; x_wconf 78' lang='lat' dir='ltr'><strong>‘quid</strong></span> <span class='ocrx_word' id='word_1_312' title='bbox 1206 3503 1303 3564; x_wconf 86' lang='lat' dir='ltr'><strong>fecisti</strong></span> <span class='ocrx_word' id='word_1_313' title='bbox 1319 3504 1416 3565; x_wconf 86' lang='lat' dir='ltr'><strong>heril&#39;</strong></span> 
     </span>
     <span class='ocr_line' id='line_1_32' title="bbox 111 3603 1416 3686; baseline 0.002 -22"><span class='ocrx_word' id='word_1_314' title='bbox 111 3603 202 3682; x_wconf 85' lang='lat' dir='ltr'><strong>‘Legi</strong></span> <span class='ocrx_word' id='word_1_315' title='bbox 232 3607 376 3672; x_wconf 89' lang='lat' dir='ltr'><strong>uersum’,</strong></span> <span class='ocrx_word' id='word_1_316' title='bbox 411 3612 442 3664; x_wconf 89' lang='lat' dir='ltr'><strong>et</strong></span> <span class='ocrx_word' id='word_1_317' title='bbox 472 3623 564 3684; x_wconf 89' lang='lat' dir='ltr'><strong>nsque</strong></span> <span class='ocrx_word' id='word_1_318' title='bbox 593 3603 629 3666; x_wconf 90' lang='lat' dir='ltr'><strong>ad</strong></span> <span class='ocrx_word' id='word_1_319' title='bbox 658 3605 749 3666; x_wconf 85' lang='lat' dir='ltr'><strong>linem</strong></span> <span class='ocrx_word' id='word_1_320' title='bbox 777 3604 913 3684; x_wconf 89' lang='lat' dir='ltr'><strong>perduxi.</strong></span> <span class='ocrx_word' id='word_1_321' title='bbox 964 3605 1160 3666; x_wconf 91' lang='lat' dir='ltr'><strong>Praeteritum</strong></span> <span class='ocrx_word' id='word_1_322' title='bbox 1189 3604 1416 3686; x_wconf 88' lang='lat' dir='ltr'><strong>plusquamper-</strong></span> 
     </span>
     <span class='ocr_line' id='line_1_33' title="bbox 109 3704 1417 3786; baseline 0.002 -20"><span class='ocrx_word' id='word_1_323' title='bbox 109 3707 226 3766; x_wconf 84' lang='lat' dir='ltr'><strong>fectum</strong></span> <span class='ocrx_word' id='word_1_324' title='bbox 256 3705 380 3776; x_wconf 88' lang='lat' dir='ltr'><strong>dicitur,</strong></span> <span class='ocrx_word' id='word_1_325' title='bbox 410 3704 529 3786; x_wconf 89' lang='lat' dir='ltr'><strong>quando</strong></span> <span class='ocrx_word' id='word_1_326' title='bbox 558 3709 635 3768; x_wconf 87' lang='lat' dir='ltr'><strong>actio</strong></span> <span class='ocrx_word' id='word_1_327' title='bbox 658 3715 759 3769; x_wconf 87' lang='lat' dir='ltr'><strong>nostra</strong></span> <span class='ocrx_word' id='word_1_328' title='bbox 783 3708 840 3768; x_wconf 92' lang='lat' dir='ltr'><strong>iam</strong></span> <span class='ocrx_word' id='word_1_329' title='bbox 863 3707 1070 3776; x_wconf 84' lang='lat' dir='ltr'><strong>inueterascit,</strong></span> <span class='ocrx_word' id='word_1_330' title='bbox 1100 3715 1144 3767; x_wconf 87' lang='lat' dir='ltr'><strong>ut:</strong></span> <span class='ocrx_word' id='word_1_331' title='bbox 1190 3707 1274 3786; x_wconf 74' lang='lat' dir='ltr'><strong>‘quid</strong></span> <span class='ocrx_word' id='word_1_332' title='bbox 1303 3708 1417 3770; x_wconf 89' lang='lat' dir='ltr'><strong>feceras</strong></span> 
     </span>
     <span class='ocr_line' id='line_1_34' title="bbox 108 3799 1414 3888; baseline 0.003 -20"><span class='ocrx_word' id='word_1_333' title='bbox 108 3809 212 3868; x_wconf 90' lang='lat' dir='ltr'><strong>intua</strong></span> <span class='ocrx_word' id='word_1_334' title='bbox 233 3807 387 3869; x_wconf 83' lang='lat' dir='ltr'><strong>infantiaf&#39;</strong></span> <span class='ocrx_word' id='word_1_335' title='bbox 428 3799 606 3886; x_wconf 87' lang='lat' dir='ltr'><strong>‘Legeram’</strong></span> <span class='ocrx_word' id='word_1_336' title='bbox 644 3810 788 3871; x_wconf 84' lang='lat' dir='ltr'><strong>Futurum</strong></span> <span class='ocrx_word' id='word_1_337' title='bbox 812 3811 888 3870; x_wconf 91' lang='lat' dir='ltr'><strong>sicut</strong></span> <span class='ocrx_word' id='word_1_338' title='bbox 910 3817 940 3869; x_wconf 90' lang='lat' dir='ltr'><strong>et</strong></span> <span class='ocrx_word' id='word_1_339' title='bbox 961 3827 1103 3888; x_wconf 88' lang='lat' dir='ltr'><strong>praesens</strong></span> <span class='ocrx_word' id='word_1_340' title='bbox 1125 3809 1249 3888; x_wconf 83' lang='lat' dir='ltr'><strong>simplex</strong></span> <span class='ocrx_word' id='word_1_341' title='bbox 1272 3821 1414 3872; x_wconf 92' lang='lat' dir='ltr'><strong>remanet.</strong></span> 
     </span>
     <span class='ocr_line' id='line_1_35' title="bbox 109 3909 1570 3992; baseline 0.001 -21"><span class='ocrx_word' id='word_1_342' title='bbox 109 3909 206 3971; x_wconf 82' lang='lat' dir='ltr'><strong>uua</strong></span> <span class='ocrx_word' id='word_1_343' title='bbox 225 3909 529 3972; x_wconf 87' lang='lat' dir='ltr'><strong>declinationem.</strong></span> <span class='ocrx_word' id='word_1_344' title='bbox 559 3912 598 3972; x_wconf 80' lang='lat' dir='ltr'><strong>lla</strong></span> <span class='ocrx_word' id='word_1_345' title='bbox 613 3914 642 3971; x_wconf 93' lang='lat' dir='ltr'><strong>·i·</strong></span> <span class='ocrx_word' id='word_1_346' title='bbox 656 3911 712 3984; x_wconf 91' lang='lat' dir='ltr'><strong>dic,</strong></span> <span class='ocrx_word' id='word_1_347' title='bbox 727 3913 802 3972; x_wconf 91' lang='lat' dir='ltr'><strong>sicut</strong></span> <span class='ocrx_word' id='word_1_348' title='bbox 814 3911 940 3990; x_wconf 77' lang='lat' dir='ltr'><strong>‘accipe’</strong></span> <span class='ocrx_word' id='word_1_349' title='bbox 955 3929 1008 3990; x_wconf 93' lang='lat' dir='ltr'><strong>pro</strong></span> <span class='ocrx_word' id='word_1_350' title='bbox 1023 3910 1101 3971; x_wconf 88' lang='lat' dir='ltr'><strong>audi.</strong></span> <span class='ocrx_word' id='word_1_351' title='bbox 1132 3911 1290 3983; x_wconf 86' lang='lat' dir='ltr'><strong>Dictum,</strong></span> <span class='ocrx_word' id='word_1_352' title='bbox 1306 3913 1335 3973; x_wconf 92' lang='lat' dir='ltr'><strong>·i·</strong></span> <span class='ocrx_word' id='word_1_353' title='bbox 1347 3929 1415 3992; x_wconf 92' lang='lat' dir='ltr'><strong>pro·</strong></span> <span class='ocrx_word' id='word_1_354' title='bbox 1429 3931 1479 3980; x_wconf 86' lang='lat' dir='ltr'><strong>seo,</strong></span> <span class='ocrx_word' id='word_1_355' title='bbox 1495 3933 1526 3972; x_wconf 84' lang='lat' dir='ltr'><strong>n.</strong></span> <span class='ocrx_word' id='word_1_356' title='bbox 1546 3935 1570 3972; x_wconf 83' lang='grc' dir='ltr'><strong>ιε</strong></span> 
     </span>
    </p>

    <p class='ocr_par' dir='ltr' id='par_1_9' title="bbox 70 4007 1570 4400">
     <span class='ocr_line' id='line_1_36' title="bbox 70 4007 1570 4094; baseline 0.006 -28"><span class='ocrx_word' id='word_1_357' title='bbox 70 4029 95 4068; x_wconf 80' lang='lat' dir='ltr'><strong>ss</strong></span> <span class='ocrx_word' id='word_1_358' title='bbox 111 4013 296 4074; x_wconf 90' lang='lat' dir='ltr'><strong>nuntiatum.</strong></span> <span class='ocrx_word' id='word_1_359' title='bbox 320 4007 398 4083; x_wconf 88' lang='lat' dir='ltr'><strong>Sic,</strong></span> <span class='ocrx_word' id='word_1_360' title='bbox 413 4013 507 4082; x_wconf 63' lang='lat' dir='ltr'><strong>etati</strong></span> <span class='ocrx_word' id='word_1_361' title='bbox 519 4013 615 4084; x_wconf 90' lang='lat' dir='ltr'><strong>modo,</strong></span> <span class='ocrx_word' id='word_1_362' title='bbox 630 4013 678 4074; x_wconf 91' lang='lat' dir='ltr'><strong>tali</strong></span> <span class='ocrx_word' id='word_1_363' title='bbox 693 4015 817 4075; x_wconf 87' lang='lat' dir='ltr'><strong>ratione.</strong></span> <span class='ocrx_word' id='word_1_364' title='bbox 842 4013 1017 4094; x_wconf 91' lang='lat' dir='ltr'><strong>Optatiuo</strong></span> <span class='ocrx_word' id='word_1_365' title='bbox 1034 4014 1152 4084; x_wconf 89' lang='lat' dir='ltr'><strong>modo,</strong></span> <span class='ocrx_word' id='word_1_366' title='bbox 1165 4014 1274 4074; x_wconf 92' lang='lat' dir='ltr'><strong>utinam</strong></span> <span class='ocrx_word' id='word_1_367' title='bbox 1285 4015 1415 4093; x_wconf 87' lang='lat' dir='ltr'><strong>legerem</strong></span> <span class='ocrx_word' id='word_1_368' title='bbox 1429 4035 1479 4084; x_wconf 83' lang='lat' dir='ltr'><strong>sco,</strong></span> <span class='ocrx_word' id='word_1_369' title='bbox 1494 4035 1526 4074; x_wconf 75' lang='grc' dir='ltr'><strong>ιτ.</strong></span> <span class='ocrx_word' id='word_1_370' title='bbox 1544 4035 1570 4075; x_wconf 80' lang='lat' dir='ltr'><strong>ss</strong></span> 
     </span>
     <span class='ocr_line' id='line_1_37' title="bbox 110 4114 1415 4194; baseline 0.002 -19"><span class='ocrx_word' id='word_1_371' title='bbox 110 4114 205 4175; x_wconf 90' lang='lat' dir='ltr'><strong>modo</strong></span> <span class='ocrx_word' id='word_1_372' title='bbox 222 4122 252 4175; x_wconf 85' lang='lat' dir='ltr'><strong>et</strong></span> <span class='ocrx_word' id='word_1_373' title='bbox 268 4115 379 4175; x_wconf 87' lang='lat' dir='ltr'><strong>utinam</strong></span> <span class='ocrx_word' id='word_1_374' title='bbox 400 4114 531 4192; x_wconf 83' lang='lat' dir='ltr'><strong>legerem</strong></span> <span class='ocrx_word' id='word_1_375' title='bbox 553 4114 634 4186; x_wconf 89' lang='lat' dir='ltr'><strong>heri,</strong></span> <span class='ocrx_word' id='word_1_376' title='bbox 656 4117 766 4178; x_wconf 90' lang='lat' dir='ltr'><strong>utinam</strong></span> <span class='ocrx_word' id='word_1_377' title='bbox 783 4115 921 4194; x_wconf 84' lang='lat' dir='ltr'><strong>legissem</strong></span> <span class='ocrx_word' id='word_1_378' title='bbox 938 4115 1003 4176; x_wconf 85' lang='lat' dir='ltr'><strong>lreri</strong></span> <span class='ocrx_word' id='word_1_379' title='bbox 1020 4122 1050 4175; x_wconf 92' lang='lat' dir='ltr'><strong>et</strong></span> <span class='ocrx_word' id='word_1_380' title='bbox 1065 4117 1177 4176; x_wconf 91' lang='lat' dir='ltr'><strong>utinam</strong></span> <span class='ocrx_word' id='word_1_381' title='bbox 1193 4115 1331 4194; x_wconf 85' lang='lat' dir='ltr'><strong>legissem</strong></span> <span class='ocrx_word' id='word_1_382' title='bbox 1348 4127 1415 4178; x_wconf 91' lang='lat' dir='ltr'><strong>ante</strong></span> 
     </span>
     <span class='ocr_line' id='line_1_38' title="bbox 111 4207 1568 4297; baseline 0.001 -21"><span class='ocrx_word' id='word_1_383' title='bbox 111 4215 289 4296; x_wconf 91' lang='lat' dir='ltr'><strong>quindecim</strong></span> <span class='ocrx_word' id='word_1_384' title='bbox 302 4234 405 4278; x_wconf 90' lang='lat' dir='ltr'><strong>annos.</strong></span> <span class='ocrx_word' id='word_1_385' title='bbox 429 4217 511 4279; x_wconf 87' lang='lat' dir='ltr'><strong>Cum</strong></span> <span class='ocrx_word' id='word_1_386' title='bbox 528 4207 810 4297; x_wconf 60' lang='lat' dir='ltr'><strong>legarssintelligm</strong></span> <span class='ocrx_word' id='word_1_387' title='bbox 827 4236 905 4279; x_wconf 91' lang='lat' dir='ltr'><strong>curn</strong></span> <span class='ocrx_word' id='word_1_388' title='bbox 920 4216 1091 4296; x_wconf 88' lang='lat' dir='ltr'><strong>legerem,</strong></span> <span class='ocrx_word' id='word_1_389' title='bbox 1104 4216 1320 4296; x_wconf 88' lang='lat' dir='ltr'><strong>intelligebam;</strong></span> <span class='ocrx_word' id='word_1_390' title='bbox 1337 4239 1415 4282; x_wconf 91' lang='lat' dir='ltr'><strong>cum</strong></span> <span class='ocrx_word' id='word_1_391' title='bbox 1429 4239 1475 4288; x_wconf 85' lang='lat' dir='ltr'><strong>seo,</strong></span> <span class='ocrx_word' id='word_1_392' title='bbox 1489 4239 1521 4280; x_wconf 86' lang='lat' dir='ltr'><strong>se.</strong></span> <span class='ocrx_word' id='word_1_393' title='bbox 1536 4239 1568 4278; x_wconf 79' lang='lat' dir='ltr'><strong>ss.</strong></span> 
     </span>
     <span class='ocr_line' id='line_1_39' title="bbox 109 4317 1518 4400; baseline 0.003 -20"><span class='ocrx_word' id='word_1_394' title='bbox 109 4318 283 4397; x_wconf 88' lang='lat' dir='ltr'><strong>legerim,</strong></span> <span class='ocrx_word' id='word_1_395' title='bbox 296 4317 443 4388; x_wconf 86' lang='lat' dir='ltr'><strong>intellexi;</strong></span> <span class='ocrx_word' id='word_1_396' title='bbox 460 4338 539 4380; x_wconf 89' lang='lat' dir='ltr'><strong>cum</strong></span> <span class='ocrx_word' id='word_1_397' title='bbox 554 4318 741 4399; x_wconf 89' lang='lat' dir='ltr'><strong>legissem,</strong></span> <span class='ocrx_word' id='word_1_398' title='bbox 755 4319 975 4388; x_wconf 81' lang='lat' dir='ltr'><strong>intellexeram:</strong></span> <span class='ocrx_word' id='word_1_399' title='bbox 992 4338 1070 4381; x_wconf 91' lang='lat' dir='ltr'><strong>cum</strong></span> <span class='ocrx_word' id='word_1_400' title='bbox 1086 4319 1226 4398; x_wconf 85' lang='lat' dir='ltr'><strong>legero,</strong></span> <span class='ocrx_word' id='word_1_401' title='bbox 1241 4319 1413 4400; x_wconf 88' lang='lat' dir='ltr'><strong>intelligam.</strong></span> <span class='ocrx_word' id='word_1_402' title='bbox 1429 4324 1479 4372; x_wconf 78' lang='lat'><strong>³⁰⁰»</strong></span> <span class='ocrx_word' id='word_1_403' title='bbox 1492 4323 1518 4362; x_wconf 76' lang='lat'><strong>³⁶</strong></span> 
     </span>
    </p>
   </div>
   <div class='ocr_carea' id='block_1_3' title="bbox 109 4375 1540 4502">
    <p class='ocr_par' dir='ltr' id='par_1_10' title="bbox 109 4375 1540 4502">
     <span class='ocr_line' id='line_1_40' title="bbox 109 4375 1540 4502; baseline 0.001 -20"><span class='ocrx_word' id='word_1_404' title='bbox 109 4421 327 4482; x_wconf 90' lang='lat' dir='ltr'><strong>Infinitiuo</strong></span> <span class='ocrx_word' id='word_1_405' title='bbox 349 4419 454 4481; x_wconf 93' lang='lat' dir='ltr'><strong>modo</strong></span> <span class='ocrx_word' id='word_1_406' title='bbox 476 4427 641 4501; x_wconf 92' lang='lat' dir='ltr'><strong>tempore</strong></span> <span class='ocrx_word' id='word_1_407' title='bbox 670 4425 866 4501; x_wconf 87' lang='lat' dir='ltr'><strong>praesenti</strong></span> <span class='ocrx_word' id='word_1_408' title='bbox 894 4431 930 4484; x_wconf 87' lang='lat' dir='ltr'><strong>et</strong></span> <span class='ocrx_word' id='word_1_409' title='bbox 955 4423 1164 4500; x_wconf 92' lang='lat' dir='ltr'><strong>praeterito</strong></span> <span class='ocrx_word' id='word_1_410' title='bbox 1185 4375 1540 4502; x_wconf 51' lang='lat' dir='ltr'><strong>imperfectoffla</strong></span> 
     </span>
    </p>
   </div>
   <div class='ocr_carea' id='block_1_4' title="bbox 109 4625 344 4634">
    <p class='ocr_par' dir='ltr' id='par_1_11' title="bbox 109 4625 344 4634">
     <span class='ocr_line' id='line_1_41' title="bbox 109 4625 344 4634; baseline 0 -2"><span class='ocrx_word' id='word_1_411' title='bbox 109 4625 344 4634; x_wconf 46' lang='grc' dir='ltr'>..ω-ι*-</span> 
     </span>
    </p>
   </div>
   <div class='ocr_carea' id='block_1_5' title="bbox 108 4775 1413 4917">
    <p class='ocr_par' dir='ltr' id='par_1_12' title="bbox 108 4775 1413 4917">
     <span class='ocr_line' id='line_1_42' title="bbox 182 4775 1413 4847; baseline 0.003 -17"><span class='ocrx_word' id='word_1_412' title='bbox 182 4783 197 4830; x_wconf 90' lang='grc'>3</span> <span class='ocrx_word' id='word_1_413' title='bbox 216 4778 320 4842; x_wconf 84' lang='lat' dir='ltr'><strong>qnidam</strong></span> <span class='ocrx_word' id='word_1_414' title='bbox 338 4775 424 4844; x_wconf 77' lang='lat' dir='ltr'><strong>poete]</strong></span> <span class='ocrx_word' id='word_1_415' title='bbox 443 4780 479 4844; x_wconf 83' lang='lat' dir='ltr'><strong>ns.</strong></span> <span class='ocrx_word' id='word_1_416' title='bbox 497 4777 563 4830; x_wconf 84' lang='lat' dir='ltr'><strong>lsr&#39;d.</strong></span> <span class='ocrx_word' id='word_1_417' title='bbox 582 4781 639 4846; x_wconf 85' lang='lat' dir='ltr'><strong>diff.</strong></span> <span class='ocrx_word' id='word_1_418' title='bbox 659 4783 710 4832; x_wconf 78' lang='lat'><strong>3⁹8</strong></span> <span class='ocrx_word' id='word_1_419' title='bbox 727 4787 786 4832; x_wconf 84' lang='lat' dir='ltr'><strong>tom.</strong></span> <span class='ocrx_word' id='word_1_420' title='bbox 808 4781 835 4830; x_wconf 84' lang='lat' dir='ltr'><em>V</em></span> <span class='ocrx_word' id='word_1_421' title='bbox 849 4797 874 4844; x_wconf 90' lang='lat' dir='ltr'><strong>p.</strong></span> <span class='ocrx_word' id='word_1_422' title='bbox 894 4783 927 4830; x_wconf 85' lang='lat'><strong>52</strong></span> <span class='ocrx_word' id='word_1_423' title='bbox 948 4781 1054 4831; x_wconf 83' lang='lat' dir='ltr'><strong>Areunl.</strong></span> <span class='ocrx_word' id='word_1_424' title='bbox 1131 4783 1162 4831; x_wconf 79' lang='lat'><strong>14</strong></span> <span class='ocrx_word' id='word_1_425' title='bbox 1179 4786 1262 4847; x_wconf 83' lang='lat' dir='ltr'><strong>grecis</strong></span> <span class='ocrx_word' id='word_1_426' title='bbox 1282 4785 1413 4834; x_wconf 91' lang='lat' dir='ltr'><strong>uorismon</strong></span> 
     </span>
     <span class='ocr_line' id='line_1_43' title="bbox 108 4845 1307 4917; baseline 0.003 -17"><span class='ocrx_word' id='word_1_427' title='bbox 108 4851 144 4900; x_wconf 82' lang='lat'><strong>20</strong></span> <span class='ocrx_word' id='word_1_428' title='bbox 163 4861 230 4911; x_wconf 81' lang='lat' dir='ltr'><strong>quse</strong></span> <span class='ocrx_word' id='word_1_429' title='bbox 248 4848 291 4897; x_wconf 85' lang='lat' dir='ltr'><strong>die</strong></span> <span class='ocrx_word' id='word_1_430' title='bbox 312 4847 404 4898; x_wconf 86' lang='lat' dir='ltr'><strong>cotidie</strong></span> <span class='ocrx_word' id='word_1_431' title='bbox 489 4849 523 4898; x_wconf 83' lang='lat'><strong>34</strong></span> <span class='ocrx_word' id='word_1_432' title='bbox 546 4849 612 4898; x_wconf 89' lang='lat' dir='ltr'><strong>sicut</strong></span> <span class='ocrx_word' id='word_1_433' title='bbox 629 4845 730 4914; x_wconf 81' lang='lat' dir='ltr'><strong>accipe]</strong></span> <span class='ocrx_word' id='word_1_434' title='bbox 753 4849 789 4912; x_wconf 78' lang='lat' dir='ltr'><strong>cs.</strong></span> <span class='ocrx_word' id='word_1_435' title='bbox 806 4849 886 4902; x_wconf 76' lang='lat' dir='ltr'><strong>selsel.</strong></span> <span class='ocrx_word' id='word_1_436' title='bbox 903 4848 987 4900; x_wconf 85' lang='lat' dir='ltr'><strong>Bern.</strong></span> <span class='ocrx_word' id='word_1_437' title='bbox 1006 4851 1041 4900; x_wconf 85' lang='lat' dir='ltr'><strong>ad</strong></span> <span class='ocrx_word' id='word_1_438' title='bbox 1059 4853 1108 4900; x_wconf 83' lang='lat' dir='ltr'><strong>erl.</strong></span> <span class='ocrx_word' id='word_1_439' title='bbox 1126 4849 1143 4899; x_wconf 92' lang='lat'><em>1</em></span> <span class='ocrx_word' id='word_1_440' title='bbox 1162 4853 1194 4899; x_wconf 82' lang='lat'><strong>19</strong></span> <span class='ocrx_word' id='word_1_441' title='bbox 1211 4869 1237 4917; x_wconf 93' lang='lat' dir='ltr'><strong>p.</strong></span> <span class='ocrx_word' id='word_1_442' title='bbox 1258 4857 1307 4903; x_wconf 80' lang='lat'><strong>751</strong></span> 
     </span>
    </p>
   </div>
   <div class='ocr_carea' id='block_1_6' title="bbox 135 4929 1211 4986">
    <p class='ocr_par' dir='ltr' id='par_1_13' title="bbox 135 4929 1211 4986">
     <span class='ocr_line' id='line_1_44' title="bbox 135 4929 1211 4986; baseline 0.011 -12"><span class='ocrx_word' id='word_1_443' title='bbox 135 4929 235 4974; x_wconf 72' lang='lat' dir='ltr'><strong>om.</strong></span> <span class='ocrx_word' id='word_1_444' title='bbox 247 4939 302 4973; x_wconf 75' lang='lat' dir='ltr'><strong>mr.</strong></span> <span class='ocrx_word' id='word_1_445' title='bbox 316 4932 398 4974; x_wconf 77' lang='lat' dir='ltr'><strong>suren.</strong></span> <span class='ocrx_word' id='word_1_446' title='bbox 1181 4937 1211 4986; x_wconf 78' lang='lat'><strong>14</strong></span> 
     </span>
    </p>
   </div>
   <div class='ocr_carea' id='block_1_7' title="bbox 0 0 1702 5448">
    <p class='ocr_par' dir='ltr' id='par_1_14' title="bbox 0 0 1702 5448">
     <span class='ocr_line' id='line_1_45' title="bbox 0 0 1702 5448; baseline 0 5"><span class='ocrx_word' id='word_1_447' title='bbox 0 0 1702 5448; x_wconf 95' lang='lat' dir='ltr'><strong> </strong></span> 
     </span>
    </p>
   </div>
  </div>
 </body>
</html>
