3394 5448
342 317 406 382 252
746 319 982 373 oonnnnrvu
999 319 1243 372 urnsrnnnnsn

341 510 490 590 perlectus
514 515 573 569 est:
597 507 688 569 habet
710 511 788 570 enim
809 509 906 570 omnia
923 514 1057 589 tempora
1073 517 1103 569 et
1117 525 1221 570 omnes
1241 525 1395 589 personas.
1441 507 1637 588 imperativus

340 619 443 691 postea
465 611 596 691 ponitur,
619 613 688 688 quia
710 611 914 692 imperfectior
936 619 996 672 est:
1025 628 1084 670 non
1114 609 1203 672 habet
1225 612 1303 672 enim
1326 611 1455 690 primam
1479 627 1636 690 personam

338 715 369 774 iu
400 711 618 790 singularitate,
648 715 716 790 quia
745 712 843 775 nullus
870 719 968 792 potest
995 711 1052 774 sibi
1081 713 1137 792 ipsi
1165 713 1328 792 imperare,
1357 721 1388 774 et
1414 716 1446 773 iu
1475 714 1637 793 praeterito

340 813 451 874 deficit:
481 831 541 874 non
570 814 660 876 habet
689 815 746 876 nisi
776 832 918 896 praeseus
945 821 975 874 et
996 814 1140 875 luturum.
1185 813 1297 875 Deinde
1326 817 1477 894 optatiuus
1505 815 1635 892 ponitur,

338 917 421 995 quia,
445 917 516 977 licet
538 935 641 978 omnes
663 916 772 978 lrabeat
793 935 936 996 personas
960 921 989 974 ot
1010 931 1061 977 sua
1084 920 1218 993 tempora
1241 915 1410 988 coniuncta,
1427 925 1529 977 tamen
1546 915 1650 976 maiore·

339 1026 398 1087 cst,
423 1019 472 1097 qni
494 1019 637 1098 imperat,
661 1036 750 1098 qnam
774 1019 824 1096 qui
847 1025 938 1098 optat.
982 1016 1139 1097 Optatinus
1161 1035 1234 1078 uero
1257 1016 1400 1079 adnerbio
1415 1018 1558 1079 ‘utinam’
1576 1026 1636 1094 eget

339 1126 369 1179 et
390 1122 454 1180 sine
478 1137 513 1180 eo
536 1137 596 1180 uon
618 1127 717 1199 potest
739 1138 814 1181 esse.
858 1117 1104 1199 ‘impersonalis'
1128 1117 1246 1189 dieitur,
1270 1137 1305 1180 eo
1329 1118 1407 1197 quod
1433 1137 1567 1197 persona
1591 1117 1635 1178 de·

338 1221 415 1290 ficit,
448 1239 507 1282 non
530 1223 636 1299 recipit
658 1220 715 1283 sibi
739 1219 978 1300 supplementum
1002 1239 1017 1280 a
1041 1219 1176 1299 personis
1198 1222 1424 1298 pronominum,
1455 1225 1489 1280 ut
1513 1218 1635 1297 ‘legitur

338 1341 354 1382 a
377 1341 425 1382 me
448 1340 463 1381 a
488 1331 516 1384 te
544 1323 581 1385 ab
610 1322 659 1383 illo
682 1341 698 1382 a
723 1322 809 1383 nobis
832 1339 847 1382 a
871 1321 960 1382 uobis
989 1320 1025 1383 ab
1048 1320 1138 1390 illis';
1168 1323 1206 1382 ita
1234 1323 1330 1382 currit
1358 1340 1454 1403 usque
1481 1321 1633 1380 inlinens.

240 1441 327 1489 esan
342 1425 399 1485 Sed
423 1425 570 1506 qnidam
591 1432 821 1502 receperunt
843 1422 938 1483 hunc
961 1422 1104 1483 modum
1127 1440 1194 1500 pro
1216 1439 1357 1499 genere
1379 1441 1418 1484 ac
1441 1422 1656 1500 significa-s

339 1529 439 1588 tione
462 1527 588 1595 uerbi,
612 1527 690 1588 sicut
712 1527 841 1587 antinum
866 1523 914 1586 uel
937 1527 1097 1605 passiunm
1121 1543 1157 1586 eo
1180 1524 1258 1604 qnod
1281 1543 1336 1604 per
1359 1541 1463 1585 omnes
1485 1524 1593 1586 modos
1609 1535 1632 1584 et

235 1639 473 1708 esr,eotempora
498 1629 558 1689 exit
580 1635 630 1688 aut
652 1628 681 1687 in
706 1635 754 1687 tur
777 1628 878 1688 autin
902 1633 932 1687 et
954 1631 1004 1687 aut
1026 1627 1057 1686 in
1080 1626 1113 1686 it.
1159 1625 1226 1686 Sed
1256 1645 1348 1706 qnae
1376 1627 1412 1686 in
1442 1634 1507 1688 tur
1535 1634 1573 1687 et
1599 1629 1631 1687 in

339 1733 368 1789 it
390 1738 541 1800 exeunt,
566 1729 602 1789 ab
625 1729 786 1791 indicatiuo
809 1730 934 1790 ueniunt
956 1734 987 1788 et
1008 1727 1119 1790 habent
1134 1746 1254 1790 sensum
1270 1730 1410 1799 antinum,
1429 1737 1463 1790 ut
1477 1727 1546 1807 lego
1564 1726 1630 1805 legis

341 1831 427 1910 legit,
450 1830 520 1892 iude
544 1828 664 1908 ‘legitur
685 1848 701 1890 a
725 1834 800 1898 me’;
824 1829 892 1908 quid
916 1837 961 1891 est
983 1828 1104 1908 ‘legitur
1119 1848 1134 1890 a
1151 1832 1220 1901 me',
1245 1831 1302 1890 uisi
1318 1831 1385 1908 ‘ego
1401 1829 1495 1909 lego’l
1518 1829 1631 1908 ‘legitur

342 1951 358 1993 a
381 1923 429 1994 t'e’
453 1934 472 1992 i·
504 1935 552 1992 ‘tu
575 1931 664 2010 legis,
694 1931 822 2011 ‘legitur
850 1930 887 1992 ab
915 1930 983 1992 illo'
1010 1933 1029 1990 i·
1053 1930 1104 1992 ille
1126 1929 1211 2010 legit;
1243 1929 1379 1992 ‘auditur
1402 1950 1418 1993 a
1441 1933 1508 1993 me'
1537 1933 1556 1991 i·
1583 1947 1656 2008 egon

240 2051 290 2098 εει,
305 2053 331 2092 n
344 2034 441 2095 audio.
487 2032 683 2110 Contingit
705 2033 777 2095 mihi
799 2036 818 2094 i·
841 2035 951 2095 euenit.
996 2032 1166 2111 ‘contingo’
1182 2033 1300 2114 qnando
1321 2036 1438 2111 integre
1461 2033 1630 2102 declinatur,

343 2137 490 2214 significat
511 2142 637 2195 tactum:
667 2144 770 2214 tango,
799 2135 867 2196 inde
891 2135 1046 2212 contingo,
1069 2136 1154 2214 quasi
1176 2133 1263 2196 simul
1287 2143 1389 2214 tango;
1422 2133 1630 2214 quandonam

342 2239 428 2299 tertia
450 2253 578 2316 persona
601 2237 745 2316 recipitur
767 2237 925 2314 ‘contingit
945 2235 1031 2297 miui’
1053 2237 1073 2296 i·
1090 2237 1204 2306 euenit,
1227 2237 1373 2314 siguificat
1395 2236 1548 2297 fortuitam
1572 2255 1629 2297 ren

342 2345 362 2402 i·
379 2339 515 2402 subitam.
551 2338 649 2410 Quae
671 2341 707 2400 iu
731 2347 768 2400 et
790 2345 940 2408 exeunt,
965 2337 1057 2399 duas
1080 2339 1218 2399 lormas
1241 2337 1394 2406 habent,
1418 2337 1490 2399 alia
1514 2338 1558 2399 ab
1580 2340 1628 2398 in-

342 2441 508 2503 dicatiuo
531 2442 700 2518 ueniunt.
724 2448 763 2502 nt
786 2441 970 2503 misereor
992 2443 1159 2508 miseret,
1182 2458 1231 2500 me
1252 2441 1272 2500 i·
1290 2439 1523 2502 misericordiam
1540 2439 1654 2500 habeon

342 2551 371 2603 et
393 2544 535 2604 ‘miseret
556 2544 603 2603 te'
627 2545 646 2603 i·
671 2541 908 2604 misericordiam
932 2540 1033 2602 habes.
1079 2543 1198 2622 Antiqui
1221 2541 1361 2603 dicebant
1383 2543 1524 2603 ‘misereo
1544 2543 1628 2602 mise·

242 2650 418 2715 se1,reres',
447 2643 499 2704 sed
528 2645 585 2705 iam
608 2662 669 2706 non
699 2653 743 2706 est
771 2642 848 2723 apud
877 2661 948 2704 nos:
977 2642 1046 2704 inde
1074 2645 1218 2705 remansit
1245 2644 1413 2704 ‘miserest
1456 2641 1535 2706 lilia
1557 2662 1573 2702 a
1596 2663 1626 2703 se

242 2747 536 2821 es1‚acoriuntnr‚
564 2748 588 2807 i·
612 2764 688 2824 quae
716 2748 780 2807 sine
808 2746 922 2824 origine
950 2753 1018 2806 sunt
1046 2745 1144 2806 uerbi:
1179 2746 1220 2804 Vt
1242 2743 1354 2824 pudet
1377 2763 1425 2805 me
1447 2747 1467 2804 i·
1490 2762 1627 2805 uerecun-

341 2849 417 2909 diam
446 2845 551 2908 habeo.
601 2847 738 2909 Taedet
772 2867 819 2908 me
852 2850 872 2906 i·
904 2845 1033 2908 taedium
1062 2855 1107 2907 est
1135 2845 1217 2906 mihi.
1268 2845 1326 2907 Sed
1356 2845 1413 2908 hoo
1441 2845 1527 2907 distat
1551 2848 1625 2906 inter

342 2948 458 3030 ‘pudet’
475 2945 487 3030 ll
505 2945 564 3009 177
581 2945 593 3030 ΙΙ
610 2958 638 3009 ει
659 2948 797 3010 ‘taedet’:
823 2947 939 3028 ‘pudet'
963 2948 999 3009 de
1021 2950 1184 3028 praeterito
1206 2949 1361 3028 accipitur,
1384 2956 1417 3008 ut
1439 2948 1541 3027 ‘pudet
1558 2961 1653 3026 pec-2⁶

340 3056 438 3112 casse'
463 3058 493 3110 et
515 3050 592 3110 sicut
619 3052 654 3110 in
684 3047 783 3112 libro
806 3051 958 3129 Regum:
988 3050 1104 3130 pudet
1133 3068 1185 3110 me
1216 3051 1463 3111 constituisse
1486 3046 1622 3110 Saulem

341 3169 466 3231 regem
490 3169 602 3230 super
624 3151 779 3213 Israhel.
825 3151 960 3213 ‘Taedet'
977 3161 1075 3214 autem
1091 3151 1128 3212 de
1143 3157 1292 3232 praesenti
1307 3153 1463 3233 accipitur,
1479 3160 1511 3211 ut
1523 3147 1624 3211 ‘taedet

320 3271 388 3324 ¹me
417 3251 533 3314 lacere'
561 3253 586 3312 i·
609 3251 725 3333 pondus
750 3261 796 3316 est
822 3255 932 3314 lacere.
981 3252 1090 3315 Libet
1117 3253 1253 3315 similiter
1281 3270 1339 3315 non
1369 3252 1460 3314 habet
1488 3255 1619 3331 originem

340 3354 440 3417 uerbi:
466 3353 550 3415 ‘libet
572 3354 645 3416 milri
669 3353 722 3416 tibi
744 3354 802 3426 illi,
826 3353 900 3416 libet
914 3353 1000 3416 nohis
1015 3354 1101 3416 nobis
1116 3355 1200 3416 illis'.
1237 3355 1412 3417 Poenitet
1434 3373 1481 3415 mc
1496 3361 1524 3415 te
1537 3353 1610 3413 illurn

338 3456 407 3518 inde
424 3458 633 3536 ‘poenitentia’
650 3457 768 3528 dicitur,
792 3459 878 3536 quasi
894 3458 1100 3536 ‘punitentia’;
1123 3457 1173 3518 ille
1190 3458 1285 3528 enim,
1310 3458 1360 3536 qni
1375 3458 1523 3536 poenitet,
1544 3455 1647 3534 punite

193 3599 197 3608 ·
236 3561 358 3632 urmi-
382 3558 515 3628 damuat,
545 3577 621 3637 quae
650 3559 728 3619 lacit.
774 3558 945 3630 Qualitas
972 3558 1081 3620 uerbi
1110 3561 1219 3621 etiam
1248 3560 1284 3619 in
1314 3558 1445 3620 lormis
1468 3567 1520 3619 est
1540 3575 1616 3617 con·

338 3661 489 3730 stituta,
513 3677 571 3720 non
594 3659 690 3721 solum
713 3662 744 3720 in
767 3660 879 3730 modis;
909 3678 999 3739 quas
1027 3661 1168 3722 lormas
1190 3661 1254 3722 alii
1281 3659 1488 3739 generibus
1508 3658 1614 3736 signi·

339 3761 668 3839 linctionibusque
702 3761 900 3824 uerborum
931 3765 1177 3842 permiscent,
1213 3762 1236 3822 i·
1266 3761 1409 3841 copulant
1441 3763 1614 3838 coniungunt

338 3866 440 3927 Genus
463 3873 493 3923 et
515 3863 689 3941 significatio
711 3864 790 3925 idem
814 3872 860 3925 est
881 3864 911 3926 in
934 3864 1045 3927 uerbo:
1070 3863 1156 3926 trerbi
1177 3865 1271 3941 gratia
1293 3861 1384 3942 ‘lego’
1408 3862 1492 3925 cuius
1511 3861 1613 3940 generis

236 3965 402 4027 nument
440 3966 547 4033 actiui;
581 3966 665 4027 cuius
692 3967 934 4044 significationis?
971 3967 1094 4028 actinae.
1145 3965 1299 4026 Formae
1329 3966 1448 4044 igitur
1479 3963 1643 4024 tationes

339 4073 517 4146 quattuor
540 4074 635 4128 suut.
682 4067 762 4128 Bene
784 4067 858 4129 dixit
872 4067 1008 4137 Latinae,
1032 4069 1101 4147 qnia
1124 4067 1201 4148 apud
1218 4069 1348 4129 Graecos
1370 4085 1430 4128 una
1452 4067 1541 4128 lorma
1560 4072 1608 4130 est:

234 4169 538 4230 aemulationum
560 4169 673 4230 Graeca
694 4169 793 4247 lingua
815 4170 846 4231 in
869 4170 973 4232 formis
994 4171 1015 4230 i·
1033 4186 1121 4231 unam
1143 4168 1269 4229 lormam
1292 4168 1412 4230 habent
1459 4155 1608 4229 Perlcota

336 4271 432 4332 forma
455 4269 571 4342 dicitur,
595 4270 673 4350 quod
696 4270 857 4352 perlectam
880 4288 943 4331 rem
967 4271 1165 4339 demonstrat,
1202 4278 1236 4331 ut
1263 4271 1350 4350 ‘quid
1373 4270 1483 4332 lacisl’
1515 4266 1607 4345 ‘teget

336 4371 560 4434 Meditatiua
582 4372 676 4434 lorma
699 4373 821 4442 dicitur,
852 4372 931 4453 quod
956 4371 1177 4434 meditationem
1200 4374 1222 4435 i·
1246 4372 1454 4451 cogitationem
1478 4370 1606 4449 siguificat

407 4662 437 4710 21
457 4661 566 4711 misereo
582 4675 624 4710 res
693 4662 811 4713 attede
829 4677 868 4711 me
887 4662 911 4709 -ἰ-
929 4661 1024 4712 tedium
1098 4662 1131 4712 26
1149 4661 1174 4710 in
1193 4659 1256 4710 libro
1275 4656 1386 4724 Regum]
1406 4659 1423 4710 Ι
1440 4658 1505 4712 Sm.
1521 4655 1570 4707 XV
1581 4654 1603 4701 ll

339 4729 373 4780 st
390 4725 508 4794 Latinae]
532 4729 591 4778 Non
613 4735 687 4779 extat
709 4733 782 4796 uulgo
804 4730 851 4780 lloe
872 4729 974 4781 uerbum
995 4729 1067 4793 opud
1088 4729 1228 4794 Donatum,
1250 4730 1298 4780 aed
1318 4729 1354 4792 cs.
1371 4727 1452 4778 Keilii
1467 4728 1545 4778 adnot.
1559 4723 1602 4772 (πὶ

337 4813 366 4864 p.
386 4799 446 4860 381,
465 4799 499 4850 28
518 4805 542 4847 ct
559 4795 720 4848 nomenoium
735 4815 762 4866 p.
783 4801 842 4863 375,
863 4800 897 4850 30
914 4797 961 4858 K.,
980 4813 1052 4866 quem
1069 4803 1095 4848 et
1112 4799 1193 4864 ipcum
1210 4799 1273 4848 talin
1289 4798 1380 4863 legino
1397 4797 1476 4848 mdes.
