3390 5444
325 365 386 432 116
840 365 907 420 sits
926 307 1102 419 attonsus

323 559 423 628 aiunt,
453 557 550 618 addita
578 565 622 618 tas
651 555 760 636 syllaba
789 575 879 638 super
907 558 1131 626 nominatiuum,
1155 562 1186 616 ut
1208 573 1322 635 pauper
1343 563 1519 636 paupertas,
1540 555 1602 616 uber

322 659 451 730 ubertas,
476 668 560 720 uetus
584 666 728 729 uetustas;
752 651 908 738 aliquando
931 656 950 719 a
973 661 1175 739 comparatiuo
1204 661 1330 719 ueniunt
1358 665 1467 719 mutata
1497 675 1530 718 or
1555 658 1601 737 syl-

321 760 387 822 laba
416 765 445 822 in
475 779 508 821 es
536 769 564 821 et
593 761 692 822 addita
720 769 779 830 tas,
815 768 848 821 ut
875 762 969 821 maior
998 763 1148 830 maiestas,
1171 764 1194 832 †
1216 761 1311 821 bonor
1338 759 1494 828 bonestas;
1523 768 1601 819 aula
1663 756 1668 815 l

320 863 421 923 datiuo
443 861 584 940 singulari
607 864 711 923 tertiae
733 862 939 923 declinationis
961 862 1129 924 diriuantur
1152 862 1250 922 addita
1273 871 1321 924 tus
1343 861 1471 943 syllaba,
1497 870 1527 921 ut
1547 859 1601 920 ielir
1663 852 1669 959 Ξ

319 963 414 1025 lelicis
441 964 518 1024 felici
547 963 687 1034 felicitas,
717 966 760 1025 sic
787 965 887 1044 capaci
916 967 1075 1044 capacitas,
1104 967 1205 1043 rapaci
1227 965 1388 1043 rapacitas
1417 964 1515 1024 tenaci
1535 972 1620 1023 tenet
1664 980 1668 1049 g

320 1069 402 1136 citas,
426 1069 545 1146 procaci
569 1069 743 1145 procacitas,
768 1065 855 1127 adlini
879 1066 1023 1137 adfinitas,
1046 1066 1157 1128 infideli
1173 1065 1338 1132 infidelitas,
1365 1063 1456 1125 celeri
1471 1064 1601 1130 celeritas,

319 1171 435 1230 auctori
463 1170 632 1229 auctoritas.
678 1168 785 1229 Neutra
815 1171 845 1228 in
873 1187 906 1228 as
932 1169 1145 1238 terminantur,
1174 1175 1206 1228 ut
1229 1167 1285 1228 boc
1308 1186 1360 1228 uas
1382 1168 1461 1227 nasis
1484 1167 1542 1226 uasi
1562 1183 1602 1224 uas

319 1287 377 1332 uas
398 1289 414 1329 a
439 1288 522 1338 uase,
552 1279 581 1331 et
604 1268 709 1349 plurali
733 1288 803 1331 uasa
826 1287 965 1331 uasorum
988 1271 1069 1331 uasis
1091 1287 1161 1330 uasa
1184 1289 1253 1331 uasa
1276 1271 1371 1338 uasis,
1400 1276 1429 1329 et
1451 1268 1512 1329 duo
1532 1267 1601 1327 inde-

320 1371 479 1442 clinabilia,
503 1379 536 1432 ut
559 1371 614 1432 boc
638 1371 682 1432 las
704 1380 734 1431 et
755 1371 812 1431 hoo
835 1373 927 1432 netas.
966 1371 1003 1432 Et
1024 1381 1094 1432 sunt
1116 1372 1285 1432 eommunia
1307 1372 1398 1432 trium
1421 1387 1560 1448 generum
1579 1370 1601 1429 in

319 1492 365 1544 as,
394 1482 425 1534 ut
455 1474 504 1534 bic
530 1481 561 1534 et
589 1474 661 1534 bace
690 1481 720 1534 et
748 1471 804 1533 boc
827 1477 952 1554 primas,
982 1472 1082 1533 hicet
1104 1473 1177 1534 baec
1200 1484 1228 1533 et
1250 1473 1306 1534 boc
1330 1474 1470 1552 optimas,
1501 1489 1569 1551 quae
1587 1481 1625 1530 a¹u

318 1575 489 1637 nominibus
509 1577 624 1655 primus
646 1583 681 1636 et·
699 1576 828 1654 optimus
851 1577 990 1646 ueniunt,
1019 1575 1067 1635 bie
1092 1583 1122 1636 et
1143 1574 1216 1636 baec
1239 1582 1268 1635 et
1291 1573 1347 1634 ltoc
1369 1575 1511 1653 Arpinas,
1538 1590 1600 1650 quae

317 1677 386 1739 ideo
415 1679 446 1738 in
474 1678 532 1738 line
560 1675 672 1738 babent
699 1677 923 1738 circumflexum
951 1688 1122 1745 accentum,
1152 1679 1221 1756 quia
1250 1693 1304 1754 per
1333 1693 1495 1755 syncopam
1516 1675 1599 1754 prole·

319 1788 436 1841 runtnr.
474 1779 609 1840 Perleeta
633 1779 710 1838 enim
736 1796 839 1840 eorum
862 1779 1057 1840 inueniuntur
1080 1778 1156 1858 apud
1180 1779 1405 1856 antiquissimos
1426 1779 1457 1836 iu
1480 1779 1517 1836 tis
1537 1776 1600 1835 desi·
1665 1846 1670 1869 ἱ

318 1883 427 1950 nentia,
451 1890 483 1940 ut
504 1880 552 1941 bic
576 1880 700 1940 ethaeo
722 1882 855 1958 primatis
878 1882 1036 1958 optimatis,
1060 1881 1108 1941 bic
1131 1887 1160 1940 et
1182 1880 1255 1940 baec
1277 1880 1435 1958 Arpinatis,
1461 1886 1490 1938 et
1511 1885 1600 1938 neutra
1665 1876 1671 1935 l

317 1985 347 2043 in
372 2001 388 2042 e
412 1981 589 2048 desinentia,
613 1989 646 2042 ut
662 1977 673 2062 ΙΙ
689 1981 709 2044 i.
727 1978 807 2044 1051’
823 1979 835 2064 ΙΙ
852 1982 908 2043 boc
929 1984 1055 2063 primate
1077 1983 1134 2043 ltoc
1156 1984 1298 2061 optimate
1322 1980 1379 2041 ltoc
1401 1982 1552 2060 Arpinate,
1578 1988 1601 2038 et
1611 1987 1628 2026 15
1665 1940 1671 2009 l

318 2082 464 2146 ablatiuus
485 2086 515 2144 in
538 2085 548 2142 i
571 2100 654 2143 more
678 2101 781 2143 eorum
805 2085 967 2154 nominum,
992 2101 1067 2161 quae
1089 2085 1119 2144 in
1143 2085 1167 2144 is
1191 2082 1353 2144 desinentia
1378 2082 1490 2143 iaciunt
1511 2089 1601 2141 neutra
1665 2060 1670 2101 ³

317 2188 347 2245 in
377 2204 408 2256 e,
437 2195 469 2246 ut
495 2184 533 2245 ab
560 2184 617 2246 boe
645 2195 675 2247 et
701 2185 739 2246 ab
767 2184 822 2245 bae
852 2196 881 2246 et
908 2184 945 2246 ab
975 2184 1031 2245 boc
1053 2187 1187 2264 optimati
1210 2185 1327 2264 primati
1350 2185 1492 2263 Arpinati.
1536 2183 1602 2244 llaec
1665 2178 1671 2255 ;

318 2295 415 2347 autem
439 2288 558 2348 nomina
582 2288 749 2348 communia
771 2287 859 2347 trium
883 2305 1026 2366 generum
1050 2289 1079 2347 in
1103 2305 1134 2347 as
1157 2286 1321 2346 desinentia
1345 2287 1387 2347 sic
1414 2284 1602 2347 declinantur:
1664 2258 1672 2351 l

317 2387 368 2448 bic
396 2397 425 2450 et
454 2388 526 2450 baec
553 2397 582 2448 et
604 2388 661 2449 ltoc
682 2406 842 2468 praegnas,
872 2387 961 2450 huius
984 2389 1166 2469 praegnatis,
1198 2388 1266 2448 buic
1288 2390 1456 2468 praegnati,
1487 2387 1560 2448 lrunc
1580 2395 1604 2446 et
1665 2370 1673 2478 l

318 2491 396 2551 bane
423 2498 613 2571 praegnatem
642 2499 672 2551 et
699 2490 756 2551 boc
778 2509 938 2570 praegnas,
968 2510 986 2551 o
1009 2509 1168 2570 praegnas,
1198 2489 1234 2552 ab
1257 2490 1314 2551 boc
1337 2499 1366 2551 et
1388 2489 1426 2551 ab
1449 2489 1505 2551 bac
1526 2497 1553 2548 et
1572 2487 1602 2546 ab
1613 2497 1629 2532 a
1668 2501 1674 2579 p

318 2594 374 2652 boc
398 2594 565 2672 praegnati,
591 2601 620 2653 et
641 2592 748 2670 plurali
769 2592 801 2653 bi
823 2599 852 2673 et
874 2592 930 2654 bae
951 2601 1128 2672 praegnates
1151 2600 1181 2654 et
1201 2593 1275 2653 baec
1298 2593 1486 2671 praegnatia,
1509 2590 1603 2650 borum
1665 2594 1673 2621 ³

319 2703 346 2754 et
369 2694 473 2755 barum
498 2706 527 2755 et
548 2693 655 2755 borum
679 2696 894 2774 praegnatium,
916 2695 963 2755 bis
986 2693 1210 2773 praegnatibus,
1235 2692 1288 2754 laos
1311 2702 1340 2753 et
1362 2693 1415 2754 bas
1439 2701 1603 2772 praegnates
1669 2720 1673 2731 ·

318 2803 348 2856 et
370 2795 443 2856 baec
465 2797 651 2875 praegnatia,
676 2816 693 2856 o
716 2804 893 2876 praegnates
915 2804 945 2857 et
966 2815 984 2856 o
1006 2798 1193 2876 praegnatia,
1217 2795 1254 2856 ab
1278 2795 1324 2856 bis
1347 2793 1562 2873 praegnatibus.

402 2897 434 2958 ln
464 2916 496 2958 es
524 2899 739 2959 terminationis
768 2906 841 2975 quot
868 2915 978 2976 genera
1000 2899 1214 2960 inueniuntur?
1257 2897 1336 2958 ldest
1359 2899 1431 2967 tria,
1456 2893 1603 2957 masculina

319 2999 458 3061 feminina
487 3001 669 3067 communia;
699 2998 876 3070 masculina,
905 3008 938 3060 ut
965 2998 1015 3061 bic
1044 2999 1127 3061 miles
1156 2999 1268 3069 militis,
1298 2999 1346 3060 bic
1375 2998 1472 3059 lomes
1494 2997 1631 3063 inmitis*

318 3100 366 3160 bic
388 3109 497 3162 trames
520 3102 658 3171 tramitis,
687 3100 735 3162 bic
757 3119 866 3180 gurges
888 3103 1029 3179 gurgitis,
1059 3102 1107 3163 bie
1130 3119 1247 3171 uerreS,
1277 3101 1355 3180 quod
1378 3119 1502 3180 porcum
1524 3099 1603 3176 sigui·
1670 3102 1675 3243 Ι

318 3203 385 3262 licat
413 3212 442 3264 et
470 3210 540 3263 tunc
567 3201 778 3282 appellatiuum
808 3212 859 3263 est.
905 3203 1027 3282 Propria
1058 3203 1218 3264 masculina
1246 3204 1278 3263 in
1305 3221 1338 3262 es
1354 3202 1552 3290 productam,
1579 3205 1604 3256 ut
1676 3223 1677 3246 t

318 3304 447 3366 Acbilles
468 3304 611 3365 Hercules
633 3303 750 3374 Vlixes,
780 3315 809 3380 et
831 3323 923 3365 uuum
946 3305 1100 3384 proprium
1124 3305 1299 3366 femininum
1322 3306 1352 3364 ia
1376 3323 1409 3366 as
1431 3302 1603 3384 productam,
1672 3288 1675 3360 l

318 3414 350 3467 ut
378 3404 450 3466 baec
479 3406 570 3468 Ceres
598 3407 725 3468 Cereris.
771 3406 843 3467 ltem
874 3407 1016 3467 feminina
1044 3405 1220 3485 appellatiua
1248 3407 1337 3470 baec:
1367 3404 1476 3467 caedes
1502 3415 1603 3481 strages
1674 3391 1675 3416 ³

317 3507 423 3588 uulpes
451 3526 523 3587 apes
550 3507 613 3570 lues
639 3507 736 3568 clades
759 3508 853 3569 nubes
875 3505 1078 3588 †comderum
1101 3506 1255 3586 palumbes
1278 3525 1364 3586 seges
1386 3525 1502 3568 merces
1521 3506 1631 3566 tanea

319 3607 412 3669 moles
435 3602 555 3670 suboles
577 3617 687 3670 cautes.
732 3608 906 3671 Communia
929 3608 1056 3670 duorum
1079 3627 1233 3688 generum,
1257 3617 1291 3672 ut
1312 3609 1361 3670 bie
1384 3619 1414 3671 et
1436 3609 1509 3670 baeu
1529 3607 1603 3666 diues

317 3717 468 3789 superstes
502 3727 604 3791 sospes
635 3711 745 3788 hospes
776 3710 864 3772 heres
898 3709 1031 3790 locuples
1064 3713 1184 3792 sonipes
1211 3711 1296 3793 bipes
1325 3713 1418 3792 tripes
1448 3709 1603 3789 quadrupes

318 3813 477 3890 interpres.
522 3811 635 3873 Dicitur
668 3829 739 3890 ergo
772 3811 821 3873 bic
854 3822 883 3874 et
915 3811 988 3873 baec
1016 3803 1129 3894 sospes.
1180 3813 1291 3876 Tamen
1315 3812 1424 3892 legitur
1447 3812 1600 3890 ‘Sospita

319 3913 433 3974 luno’.
471 3913 520 3974 Sic
543 3913 590 3974 bic
613 3921 643 3973 et
665 3912 738 3976 baec
761 3913 879 3993 bospes,
896 3923 926 3975 et
948 3914 1109 3994 ‘bospite
1133 3915 1260 3976 tellus'
1284 3914 1402 3992 legitur.
1435 3914 1507 3975 ltem
1521 3911 1564 3971 bic
1578 3917 1602 3968 et

319 4016 391 4076 baec
424 4017 562 4084 antistes,
597 4014 704 4076 dicitur
739 4023 767 4076 et
799 4017 937 4076 antistita.
992 4015 1139 4077 Cicero:
1175 4016 1362 4096 postridie
1393 4014 1629 4077 sacerdotesl'·

384 4170 434 4217 da
451 4162 639 4234 comparatius]
658 4163 717 4217 aceti
735 4167 852 4232 paratino
899 4177 994 4216 motata
1041 4165 1298 4232 dhonorbonastas]
1313 4169 1370 4218 An:
1389 4165 1598 4234 pettorpotestast

316 4235 438 4284 Aaddita
456 4235 554 4299 syllaba
622 4236 779 4301 beapatitss
832 4236 909 4284 cenati
927 4236 1045 4286 teostitae
1095 4237 1187 4286 iussi
1206 4251 1251 4285 nas
1270 4253 1284 4286 a
1304 4251 1365 4286 uase
1419 4239 1451 4286 ta
1469 4239 1598 4296 strraeoparn

320 4305 350 4353 13
361 4298 462 4369 eorum]
484 4304 538 4353 An:
558 4303 657 4353 torma?
712 4303 1119 4354 ldneturumluedesinantboe
1171 4305 1342 4369 taen-pinam
1378 4306 1504 4355 lbiuore
1534 4295 1599 4349 neuir

318 4373 349 4420 16
361 4372 488 4436 carpineti
539 4373 570 4422 17
584 4381 676 4435 truum,
688 4386 758 4422 corr.
770 4372 846 4420 trium
900 4371 932 4420 18
949 4371 1074 4436 prignans
1087 4371 1163 4421 buius
1174 4373 1319 4438 priunautis
1331 4371 1391 4422 huic
1402 4370 1528 4438 priuuauti
1542 4368 1598 4416 bunt¹

317 4451 341 4488 et
359 4440 425 4490 lasne
443 4440 603 4505 prinnantem
617 4449 641 4489 et
653 4438 700 4490 boe
712 4439 836 4504 prignans
850 4453 865 4488 ο
877 4440 1001 4505 prignans
1020 4451 1044 4489 et
1056 4440 1088 4488 ab
1107 4439 1155 4489 lroo
1172 4449 1197 4490 et
1213 4440 1245 4489 ab
1265 4439 1312 4489 bae
1329 4451 1354 4490 et
1370 4441 1403 4489 ab
1421 4439 1470 4489 hoc
1487 4433 1597 4504 pugnaui

317 4519 342 4558 et
359 4505 697 4574 pluraliieteprlgnantes
707 4513 765 4569 ete,
778 4507 813 4570 cf.
823 4506 973 4557 Consentius
983 4524 1011 4572 p.
1023 4507 1153 4570 356,st
1202 4509 1318 4570 ,atquae
1355 4517 1408 4557 trea
1459 4501 1597 4556 adeundas

351 4590 424 4625 neres
477 4575 616 4625 28acltiles
667 4577 700 4625 ‘29
712 4575 787 4625 cedes
841 4571 975 4640 30lulljies
989 4573 1103 4640 (lupesi)
1123 4576 1202 4625 nubes
1221 4577 1367 4626 camdenum
1386 4569 1528 4641 palumbes]
1545 4571 1597 4620 For·

317 4649 386 4694 tasse
404 4645 467 4693 illud
484 4643 653 4694 ‘camdenum’
668 4649 814 4710 comtpttcm
832 4658 867 4692 ea:
884 4639 953 4692 ‘coria
970 4641 1091 4692 duorum’
1108 4662 1142 4688 =
1159 4658 1294 4693 commuue
1310 4643 1436 4709 duorum,
1455 4643 1520 4709 quod
1533 4637 1598 4689 dalet

318 4724 394 4760 nterea
406 4713 531 4777 sequenti,
541 4711 572 4762 ob
584 4711 685 4762 librarii
695 4713 817 4761 incuriam
829 4726 864 4760 ea:
874 4711 996 4774 inferiori
1005 4714 1061 4762 loco
1072 4713 1120 4761 lane
1132 4713 1240 4762 delatum
1251 4719 1300 4764 est.
1344 4714 1376 4763 at
1389 4711 1490 4762 soboles
1525 4718 1549 4758 ut
1559 4721 1596 4756 on·

318 4780 350 4828 32
368 4786 498 4843 superdea
561 4776 714 4845 satagitur]
735 4779 769 4842 cf.
788 4779 1052 4842 Prisc.Ip.157,8
1120 4783 1154 4830 34
1172 4779 1274 4846 hospita
1292 4775 1379 4846 tellus]
1399 4780 1530 4843 efiPn’sc.
1548 4775 1564 4824 I
1575 4789 1597 4836 p·

319 4847 404 4912 157,6
472 4848 506 4896 35
523 4857 634 4896 antestes
653 4847 769 4896 antestitn
840 4843 938 4910 Cicero]
956 4849 990 4910 rs.
1011 4847 1092 4898 Prisc.
1112 4852 1154 4900 l.l.
1174 4850 1206 4896 11
1257 4849 1381 4913 postridie
