3400 5450
261 328 303 394 86
771 332 839 384 aas
857 333 1034 384 anourun

261 520 428 601 primordio
457 519 576 589 mundi,
604 527 638 580 ut
665 527 743 582 terra
773 517 886 582 caelum
910 517 985 600 lapis
1007 520 1119 599 lignum
1143 521 1231 584 homo
1256 567 1391 584 ......
1414 522 1452 582 Et
1473 523 1567 589 scias,

262 643 327 684 esse
351 623 407 684 alia
430 624 565 691 nomina,
596 639 672 698 quae
694 624 802 683 iterum
826 623 954 702 conponi
975 631 1114 703 possunt,
1139 623 1209 685 licet
1230 633 1334 686 contra
1358 622 1566 691 interdictum,

262 726 329 802 quia
353 723 520 785 Donatus
542 723 627 785 dicit:
652 723 928 785 Prouidendum
952 733 1006 786 est
1028 724 1151 796 nobis,
1176 745 1218 786 ne
1241 743 1499 806 componamus
1522 743 1566 786 ee

262 826 423 895 nomina,
448 844 538 906 quae
561 827 756 905 conposita
780 833 865 887 sunt
886 833 947 887 aut
970 845 1009 888 ea
1032 829 1180 888 omnino
1203 831 1366 908 conponi
1389 844 1460 888 non
1482 845 1567 908 pos-

261 934 357 988 sunt.
401 927 460 988 Sed
483 929 574 999 scias,
605 928 660 990 lroe
688 929 767 998 fieri,
798 946 866 988 cum
894 929 977 1007 prior
1005 930 1168 1006 conpositio
1197 947 1256 989 uon
1286 931 1447 991 mutauerit
1473 927 1593 989 intel-5
1695 921 1696 924 ’

260 1029 370 1090 lectum
394 1028 607 1108 simplicitatis,
631 1032 740 1091 lterum
763 1032 906 1109 conponi,
929 1032 1106 1093 atterritus
1129 1037 1158 1092 et
1179 1033 1358 1110 perterritus
1376 1030 1457 1091 idem
1473 1029 1566 1092 intel-

259 1131 370 1201 lectus,
406 1133 617 1212 inperterritus
645 1149 717 1193 uero
745 1134 872 1192 mutauit
898 1131 1097 1202 intellectum,
1132 1140 1161 1194 et
1190 1131 1266 1194 ultra
1301 1150 1472 1213 conponere
1502 1151 1566 1192 non

261 1232 391 1304 ualebis,
416 1237 485 1295 etsi
502 1237 533 1295 in
549 1235 645 1314 prima
661 1235 727 1295 uice
743 1236 905 1295 mutauerit
926 1233 1125 1305 intellectum,
1149 1253 1210 1295 non
1232 1243 1419 1314 componetur
1442 1237 1565 1302 iterum,

259 1343 292 1396 ut
314 1335 384 1396 lolia
407 1342 437 1396 et
458 1335 570 1426 infelix.
615 1336 779 1397 Donatus
802 1335 887 1396 dicit:
916 1335 955 1396 ln
978 1335 1239 1398 declinatione
1263 1338 1565 1416 compositorum

261 1439 446 1499 nominum
476 1439 780 1499 animaduertere
811 1436 989 1499 debemus
1011 1456 1068 1509 ea,
1091 1457 1184 1518 quae
1207 1457 1248 1499 ex
1270 1437 1415 1499 duobus
1443 1439 1606 1498 nomi-10

262 1541 405 1600 natiuis
428 1541 622 1618 conposita
646 1539 804 1608 luerint,
834 1558 900 1619 per
922 1557 1049 1601 omnes
1071 1559 1179 1602 casus
1207 1559 1248 1602 ex
1272 1548 1434 1620 utraque
1456 1550 1568 1620 parte

261 1640 464 1711 declinari,
495 1649 530 1701 ut
556 1659 670 1720 eques
699 1641 881 1702 Romanus
908 1643 1050 1719 equitis
1077 1642 1242 1702 Romani.
1287 1642 1377 1703 ltem
1408 1648 1567 1721 praetor

261 1742 425 1805 urbanus
446 1745 638 1822 praetoris
662 1742 812 1812 urbani;
836 1759 930 1819 quae
953 1762 1041 1804 uero
1064 1763 1105 1805 ex
1128 1745 1362 1805 nominatiuo
1385 1750 1422 1806 et
1444 1743 1566 1824 quoli-

262 1843 324 1905 bet
351 1842 425 1904 alio
453 1862 539 1906 casu
570 1846 766 1923 conposita
798 1844 957 1914 luerint,
986 1862 1027 1905 ea
1049 1853 1157 1924 parte
1184 1844 1371 1906 declinari
1400 1852 1565 1916 tantum,

262 1964 332 2025 qua
370 1945 490 2008 luerit
526 1946 783 2007 nominatione
820 1963 942 2016 casus,
980 1953 1016 2006 ut
1052 1947 1273 2025 praelectus
1303 1949 1469 2026 equitum
1500 1947 1607 2008 oete

262 2056 416 2110 senatus
438 2048 662 2110 consultum.

348 2150 439 2211 Casus
462 2149 533 2228 quid
563 2149 624 2210 estl
670 2149 732 2211 lloc
760 2156 805 2210 est
832 2149 923 2210 dictio
953 2149 1097 2228 gradatim
1126 2169 1256 2230 pergens
1284 2153 1449 2213 nouissima
1478 2159 1566 2230 parte

262 2253 407 2320 nominis:
438 2249 538 2313 aliter:
562 2270 648 2314 casus
671 2259 716 2312 est
737 2253 865 2312 uarietas
887 2251 1137 2312 denominationis
1159 2269 1175 2312 a
1199 2255 1384 2316 nominatiuo
1407 2251 1565 2315 inclinata.

262 2355 337 2415 ltem
360 2353 415 2415 alia
443 2353 591 2414 delinitio:
623 2371 709 2415 casus
731 2360 777 2414 est
798 2352 885 2414 llexio
908 2356 993 2414 uocis
1015 2371 1069 2432 per
1090 2355 1189 2416 uarias
1212 2352 1367 2431 qualitates
1389 2355 1567 2416 nominandi

263 2456 412 2536 corporis,
436 2456 516 2517 unde
538 2477 555 2519 a
577 2455 710 2518 cadendo
733 2471 819 2518 casus
841 2456 912 2516 dicti
934 2463 1017 2528 sunt,
1042 2474 1077 2516 eo
1092 2455 1172 2534 quod
1197 2457 1429 2536 unumquodque
1452 2475 1565 2518 nomen
1580 2475 1609 2513 eo

263 2557 350 2619 cadat
371 2577 387 2618 a
410 2576 465 2618 suo
488 2565 565 2619 statu
593 2559 623 2619 in
652 2557 778 2619 alterum
806 2564 930 2627 statum,
959 2564 991 2618 ut
1019 2558 1124 2619 doetus
1153 2557 1243 2619 docti.
1288 2557 1380 2620 Casus
1407 2561 1565 2620 nominum

263 2665 335 2744 quot¹
357 2661 443 2722 suntl
488 2661 560 2731 Sex,
583 2661 785 2721 nominatiuus
806 2659 962 2737 genetiuus
985 2660 1103 2722 datiuus
1125 2660 1314 2722 aecusatiuus
1335 2663 1490 2722 uocetiuus
1513 2661 1567 2722 ah-

263 2761 381 2824 latiuus.
414 2762 596 2842 Virgilius
618 2762 701 2824 dicit:
726 2761 847 2833 Quare
868 2779 932 2822 ser
955 2778 1062 2824 casus
1085 2763 1189 2823 sunt?
1212 2763 1303 2834 Quia
1325 2781 1388 2823 sex
1411 2766 1566 2843 negotia

263 2865 434 2926 homines
465 2863 619 2926 habente
649 2864 841 2926 nominant
869 2871 1056 2941 generant
1083 2863 1173 2926 dant
1201 2871 1313 2943 agunt
1342 2871 1479 2926 uocant
1500 2883 1566 2926 au-

262 2969 401 3028 lerunt.
446 2967 490 3028 Ex
518 2967 565 3029 lris
593 2966 652 3027 duo
680 2985 767 3028 casus
789 2967 864 3028 recti
886 2963 1086 3045 appellantur,
1122 2967 1322 3028 nominatiuus
1346 2973 1376 3026 et
1397 2968 1567 3036 uocatiuus,

264 3068 371 3147 reliqui
394 3067 506 3147 obliqui
528 3074 607 3128 sunt.
652 3065 820 3130 Ablatiuum
844 3067 951 3129 Graeci
972 3085 1031 3127 non
1055 3065 1179 3129 hahent:
1209 3068 1289 3128 hunc
1312 3068 1459 3148 quidam
1484 3068 1564 3130 Lati·
1582 3087 1609 3124 es

265 3189 350 3241 num,
381 3169 555 3231 nonnulli
576 3177 692 3231 sertum
717 3188 817 3231 casum
841 3168 998 3250 appellant.
1044 3169 1116 3231 lude
1143 3169 1316 3242 Isidorus
1346 3169 1433 3231 dicit:
1465 3171 1566 3232 Olli·

265 3273 361 3334 oium
396 3289 485 3332 uero
518 3270 695 3350 ablatiui‚
734 3279 928 3350 antequam
962 3272 1218 3341 inueniretur,
1256 3272 1291 3332 in
1322 3272 1450 3334 datiuo
1485 3292 1565 3334 cum

264 3375 410 3436 Latinis
444 3380 539 3444 erat,
573 3392 651 3434 cum
685 3373 839 3435 Graecis
876 3381 995 3435 autem
1030 3375 1067 3433 in
1100 3373 1279 3449 genetiuo
1312 3392 1463 3453 semper
1497 3383 1565 3436 est

264 3477 337 3538 ltem
366 3476 609 3556 interrogandum
639 3482 697 3545 est,
727 3492 821 3554 quare
849 3477 1048 3537 nominatiuus
1069 3477 1191 3538 ‘casus'
1215 3473 1395 3554 appellatur,
1419 3494 1488 3537 cum
1511 3495 1567 3538 ne-

266 3596 414 3658 quaquam
437 3577 591 3639 uideamus
614 3596 680 3638 eum
704 3578 821 3646 eadere,
846 3579 951 3639 sedin
974 3597 1028 3639 suo
1050 3584 1128 3640 statu
1150 3594 1337 3656 permanere.
1383 3577 1454 3638 ideo
1477 3597 1565 3639 casus
1579 3595 1608 3635 eo

266 3680 383 3752 dicitur,
407 3699 443 3741 eo
466 3680 545 3759 quod
567 3679 603 3740 ab
628 3699 663 3740 eo
685 3681 715 3741 in
738 3682 910 3758 genetiuum
933 3680 1065 3751 cadatur,
1089 3687 1121 3741 ut
1143 3678 1248 3740 doctus
1263 3679 1358 3750 docti;
1381 3683 1566 3742 econtrario

267 3792 364 3856 autem
387 3778 398 3865 ll
415 3783 435 3843 l.
452 3779 512 3844 91b
534 3777 545 3864 ΙΙ
567 3783 751 3844 nominatiuo
774 3780 919 3844 ablatiuus
942 3801 1027 3844 casus
1050 3791 1184 3850 uocatur,
1209 3800 1244 3842 eo
1266 3782 1346 3861 quod
1369 3783 1456 3843 inse
1479 3781 1566 3843 cada·

266 3893 331 3956 tur;
362 3885 482 3946 dimidia
511 3885 627 3946 ratione
655 3885 686 3945 hi
713 3883 771 3945 duo
800 3903 886 3945 casus
913 3885 1011 3945 sortiti
1034 3891 1104 3946 sunt
1126 3901 1236 3946 nomeu
1258 3902 1355 3945 casus.
1400 3883 1566 3945 Genetiuus

267 4006 341 4048 uero
364 3995 394 4048 et
416 3986 534 4048 datiuus
549 3994 579 4047 et
593 3988 779 4048 accusatiuus
801 3995 831 4046 et
852 3987 1007 4049 uocatiuus
1028 3985 1139 4066 duplici
1162 3987 1276 4047 ratione
1298 4003 1387 4046 casus
1411 3993 1566 4054 uocantur,

267 4107 302 4149 eo
326 4089 404 4166 quod
427 4089 460 4149 in
481 4107 515 4150 se
537 4097 566 4150 et
588 4106 604 4149 a
627 4107 660 4151 se
681 4088 804 4150 cadatur
826 4091 857 4150 in
879 4086 1015 4150 alterum.
1060 4088 1103 4149 lle
1125 4106 1251 4149 numero
1273 4105 1396 4150 casuum
1418 4088 1606 4168 quaedamss

337 4276 350 4324 1
369 4274 450 4324 celum
502 4274 600 4341 lignum
617 4273 706 4339 homo]
725 4275 788 4327 Post
805 4291 837 4326 ea
854 4276 880 4324 in
898 4277 985 4326 codice
1003 4275 1067 4325 daec
1083 4279 1217 4326 secuntur:
1235 4273 1282 4338 pel'
1301 4283 1326 4323 et
1343 4283 1371 4323 ut
1381 4275 1435 4325 sint
1450 4273 1455 4337 Ι
1472 4273 1489 4325 l'.
1502 4275 1567 4336 91⁸1

268 4343 374 4408 proprie
392 4344 496 4392 nomine
513 4343 646 4393 hominum
665 4353 693 4392 ut
709 4345 792 4393 cicero
810 4344 902 4409 scipio.
938 4343 1033 4393 Locum
1055 4348 1201 4408 corruptum
1221 4343 1328 4408 insuper
1348 4344 1495 4394 lucumonem
1511 4359 1568 4394 esee

266 4417 347 4476 putet.
373 4407 538 4462 Scrtdeudmn
553 4413 682 4475 fortasse:
700 4423 725 4460 et
742 4423 824 4462 cetero
842 4425 908 4474 quse
926 4411 1038 4476 conponi
1056 4426 1108 4461 non
1121 4421 1240 4477 possunt.
1270 4411 1332 4459 item
1343 4409 1452 4477 propria
1465 4411 1568 4461 nomino

268 4489 315 4530 eto.
385 4475 728 4546 coenatus]p.sra,1s
808 4479 944 4529 literrltnr
962 4488 986 4528 et
1003 4480 1167 4545 prosteruitur
1236 4479 1295 4529 tiu
1315 4480 1482 4544 praeterritus
1551 4482 1569 4530 a

268 4543 395 4613 Donatus]
411 4563 439 4612 p.
461 4551 556 4608 377,8
643 4550 674 4598 10
692 4563 750 4610 euq;
837 4549 868 4598 12
886 4562 967 4611 equos
1054 4551 1086 4598 13
1105 4549 1216 4596 orbenns
1235 4548 1344 4612 pretoria
1363 4548 1453 4596 orbani
1536 4549 1569 4597 16

268 4627 375 4665 sanutus
445 4617 477 4665 13
494 4617 544 4665 lter
612 4615 696 4665 flectio
764 4617 796 4665 21
816 4616 890 4665 cadet
956 4617 989 4666 22
1007 4615 1076 4677 quod
1144 4617 1177 4666 23
1195 4613 1331 4680 Virgilius]
1348 4619 1441 4680 p.135
1459 4615 1571 4666 endci

267 4685 302 4732 24
319 4683 438 4732 adierunt
522 4685 555 4733 36
573 4684 675 4746 quidem
761 4685 794 4733 37
811 4682 955 4748 hesydorus
1024 4679 1150 4746 Isidorus]
1175 4683 1232 4734 Non
1251 4690 1323 4734 acciat
1340 4685 1413 4747 apud
1430 4684 1570 4746 Isidos-m,

269 4750 474 4813 udioportebnt,
492 4753 557 4815 erip.
576 4752 635 4815 16,
655 4755 701 4812 42,
720 4753 754 4815 rs.
773 4752 859 4816 praef.
940 4751 1041 4803 301ter
1109 4754 1140 4802 31
1160 4761 1239 4816 stato,
1257 4767 1327 4802 coer.
1347 4760 1413 4802 state
1430 4768 1497 4804 man.
1514 4767 1569 4802 rec.

268 4819 303 4868 34
320 4817 357 4867 hii
424 4821 457 4870 36
475 4833 563 4870 casum
580 4819 689 4882 quedem
