<?xml version="1.0" encoding="UTF-8"?>
<!DOCTYPE html PUBLIC "-//W3C//DTD XHTML 1.0 Transitional//EN"
    "http://www.w3.org/TR/xhtml1/DTD/xhtml1-transitional.dtd">
<html xmlns="http://www.w3.org/1999/xhtml" xml:lang="en" lang="en">
 <head>
  <title>
</title>
<meta http-equiv="Content-Type" content="text/html;charset=utf-8" />
  <meta name='ocr-system' content='tesseract 3.04.00' />
  <meta name='ocr-capabilities' content='ocr_page ocr_carea ocr_par ocr_line ocrx_word'/>
</head>
<body>
  <div class='ocr_page' id='page_1' title='image "./grammaticilatin00hagagoog_0316.png"; bbox 0 0 3400 5450; ppageno 0'>
   <div class='ocr_carea' id='block_1_1' title="bbox 293 367 1044 431">
    <p class='ocr_par' dir='ltr' id='par_1_1' title="bbox 293 367 1044 431">
     <span class='ocr_line' id='line_1_1' title="bbox 293 367 1044 431; baseline 0.001 -12"><span class='ocrx_word' id='word_1_1' title='bbox 293 367 335 431; x_wconf 77' lang='lat'><strong>52</strong></span> <span class='ocrx_word' id='word_1_2' title='bbox 827 367 895 420; x_wconf 76' lang='lat' dir='ltr'><strong>nas</strong></span> <span class='ocrx_word' id='word_1_3' title='bbox 914 367 1044 420; x_wconf 74' lang='lat' dir='ltr'><strong>assem</strong></span> 
     </span>
    </p>
   </div>
   <div class='ocr_carea' id='block_1_2' title="bbox 221 556 1676 3590">
    <p class='ocr_par' dir='ltr' id='par_1_2' title="bbox 221 556 1677 3590">
     <span class='ocr_line' id='line_1_2' title="bbox 292 556 1571 636; baseline 0 -18"><span class='ocrx_word' id='word_1_4' title='bbox 292 557 396 618; x_wconf 89' lang='lat' dir='ltr'><strong>eodem</strong></span> <span class='ocrx_word' id='word_1_5' title='bbox 420 556 507 617; x_wconf 91' lang='lat' dir='ltr'><strong>modo</strong></span> <span class='ocrx_word' id='word_1_6' title='bbox 531 564 665 636; x_wconf 88' lang='lat' dir='ltr'><strong>ternpore</strong></span> <span class='ocrx_word' id='word_1_7' title='bbox 688 557 789 618; x_wconf 92' lang='lat' dir='ltr'><strong>futuro</strong></span> <span class='ocrx_word' id='word_1_8' title='bbox 812 575 879 617; x_wconf 89' lang='lat' dir='ltr'><strong>cum</strong></span> <span class='ocrx_word' id='word_1_9' title='bbox 903 557 1007 618; x_wconf 81' lang='lat' dir='ltr'><strong>dixero</strong></span> <span class='ocrx_word' id='word_1_10' title='bbox 1031 565 1088 618; x_wconf 90' lang='lat' dir='ltr'><strong>etc.</strong></span> <span class='ocrx_word' id='word_1_11' title='bbox 1124 557 1274 619; x_wconf 91' lang='lat' dir='ltr'><strong>lnlinitiuo</strong></span> <span class='ocrx_word' id='word_1_12' title='bbox 1295 556 1388 618; x_wconf 89' lang='lat' dir='ltr'><strong>modo</strong></span> <span class='ocrx_word' id='word_1_13' title='bbox 1407 556 1528 622; x_wconf 62' lang='lat' dir='ltr'><strong>num</strong></span> <span class='ocrx_word' id='word_1_14' title='bbox 1547 565 1571 619; x_wconf 86' lang='lat' dir='ltr'><strong>et</strong></span> 
     </span>
     <span class='ocr_line' id='line_1_3' title="bbox 291 658 1572 740; baseline -0.002 -20"><span class='ocrx_word' id='word_1_15' title='bbox 291 661 428 740; x_wconf 91' lang='lat' dir='ltr'><strong>personis</strong></span> <span class='ocrx_word' id='word_1_16' title='bbox 450 669 583 739; x_wconf 90' lang='lat' dir='ltr'><strong>tempore</strong></span> <span class='ocrx_word' id='word_1_17' title='bbox 606 661 759 739; x_wconf 77' lang='lat' dir='ltr'><strong>praesenti</strong></span> <span class='ocrx_word' id='word_1_18' title='bbox 780 658 894 730; x_wconf 86' lang='lat' dir='ltr'><strong>dicore,</strong></span> <span class='ocrx_word' id='word_1_19' title='bbox 919 660 1081 738; x_wconf 91' lang='lat' dir='ltr'><strong>praeterito</strong></span> <span class='ocrx_word' id='word_1_20' title='bbox 1105 658 1225 730; x_wconf 79' lang='lat' dir='ltr'>dixisse,</span> <span class='ocrx_word' id='word_1_21' title='bbox 1249 659 1347 722; x_wconf 89' lang='lat' dir='ltr'><strong>futuro</strong></span> <span class='ocrx_word' id='word_1_22' title='bbox 1371 659 1448 722; x_wconf 75' lang='lat' dir='ltr'><strong>dicia</strong></span> <span class='ocrx_word' id='word_1_23' title='bbox 1469 661 1512 719; x_wconf 88' lang='lat' dir='ltr'><strong>ira</strong></span> <span class='ocrx_word' id='word_1_24' title='bbox 1531 659 1572 719; x_wconf 91' lang='lat' dir='ltr'><strong>uel</strong></span> 
     </span>
     <span class='ocr_line' id='line_1_4' title="bbox 277 760 1572 842; baseline 0 -21"><span class='ocrx_word' id='word_1_25' title='bbox 277 761 403 834; x_wconf 73' lang='lat' dir='ltr'><strong>‚dictum</strong></span> <span class='ocrx_word' id='word_1_26' title='bbox 420 762 474 822; x_wconf 90' lang='lat' dir='ltr'><strong>ire.</strong></span> <span class='ocrx_word' id='word_1_27' title='bbox 511 760 695 840; x_wconf 84' lang='lat' dir='ltr'><strong>lnpersonali</strong></span> <span class='ocrx_word' id='word_1_28' title='bbox 719 761 807 821; x_wconf 95' lang='lat' dir='ltr'><strong>modo</strong></span> <span class='ocrx_word' id='word_1_29' title='bbox 831 768 966 840; x_wconf 90' lang='lat' dir='ltr'><strong>tempore</strong></span> <span class='ocrx_word' id='word_1_30' title='bbox 989 763 1140 841; x_wconf 79' lang='lat' dir='ltr'><strong>praesenti</strong></span> <span class='ocrx_word' id='word_1_31' title='bbox 1163 761 1283 833; x_wconf 85' lang='lat' dir='ltr'><strong>dicitur,</strong></span> <span class='ocrx_word' id='word_1_32' title='bbox 1305 763 1464 842; x_wconf 88' lang='lat' dir='ltr'><strong>praeterito</strong></span> <span class='ocrx_word' id='word_1_33' title='bbox 1484 762 1572 840; x_wconf 88' lang='lat' dir='ltr'><strong>inper-</strong></span> 
     </span>
     <span class='ocr_line' id='line_1_5' title="bbox 290 859 1572 943; baseline -0.001 -20"><span class='ocrx_word' id='word_1_34' title='bbox 290 864 368 925; x_wconf 91' lang='lat' dir='ltr'><strong>fecto</strong></span> <span class='ocrx_word' id='word_1_35' title='bbox 398 861 568 932; x_wconf 88' lang='lat' dir='ltr'><strong>dicebatur,</strong></span> <span class='ocrx_word' id='word_1_36' title='bbox 597 859 759 943; x_wconf 87' lang='lat' dir='ltr'><strong>praeterito</strong></span> <span class='ocrx_word' id='word_1_37' title='bbox 788 863 922 942; x_wconf 87' lang='lat' dir='ltr'><strong>perfecto</strong></span> <span class='ocrx_word' id='word_1_38' title='bbox 950 862 1062 924; x_wconf 90' lang='lat' dir='ltr'><strong>dictum</strong></span> <span class='ocrx_word' id='word_1_39' title='bbox 1091 870 1137 923; x_wconf 91' lang='lat' dir='ltr'><strong>est</strong></span> <span class='ocrx_word' id='word_1_40' title='bbox 1159 870 1190 923; x_wconf 90' lang='lat' dir='ltr'><strong>et</strong></span> <span class='ocrx_word' id='word_1_41' title='bbox 1211 863 1346 924; x_wconf 87' lang='lat' dir='ltr'><strong>ulteriori</strong></span> <span class='ocrx_word' id='word_1_42' title='bbox 1368 862 1453 924; x_wconf 91' lang='lat' dir='ltr'><strong>modo</strong></span> <span class='ocrx_word' id='word_1_43' title='bbox 1475 861 1572 924; x_wconf 90' lang='lat' dir='ltr'><strong>dictum</strong></span> 
     </span>
     <span class='ocr_line' id='line_1_6' title="bbox 290 963 1592 1044; baseline -0.002 -21"><span class='ocrx_word' id='word_1_44' title='bbox 290 964 359 1034; x_wconf 90' lang='lat' dir='ltr'><strong>fuit,</strong></span> <span class='ocrx_word' id='word_1_45' title='bbox 393 966 556 1044; x_wconf 86' lang='lat' dir='ltr'><strong>praeterito</strong></span> <span class='ocrx_word' id='word_1_46' title='bbox 584 963 877 1044; x_wconf 81' lang='lat' dir='ltr'><strong>plusquamperfecto</strong></span> <span class='ocrx_word' id='word_1_47' title='bbox 906 964 1016 1026; x_wconf 92' lang='lat' dir='ltr'><strong>dictum</strong></span> <span class='ocrx_word' id='word_1_48' title='bbox 1045 974 1109 1026; x_wconf 90' lang='lat' dir='ltr'><strong>erat</strong></span> <span class='ocrx_word' id='word_1_49' title='bbox 1137 973 1167 1025; x_wconf 91' lang='lat' dir='ltr'><strong>et</strong></span> <span class='ocrx_word' id='word_1_50' title='bbox 1194 964 1336 1026; x_wconf 89' lang='lat' dir='ltr'><strong>ulteriore</strong></span> <span class='ocrx_word' id='word_1_51' title='bbox 1364 966 1449 1027; x_wconf 94' lang='lat' dir='ltr'><strong>modo</strong></span> <span class='ocrx_word' id='word_1_52' title='bbox 1477 965 1592 1026; x_wconf 71' lang='lat' dir='ltr'><strong>dictami</strong></span> 
     </span>
     <span class='ocr_line' id='line_1_7' title="bbox 291 1046 1669 1145; baseline 0 -20"><span class='ocrx_word' id='word_1_53' title='bbox 291 1064 405 1142; x_wconf 86' lang='lat' dir='ltr'><strong>luerat,</strong></span> <span class='ocrx_word' id='word_1_54' title='bbox 427 1068 528 1128; x_wconf 90' lang='lat' dir='ltr'><strong>futuro</strong></span> <span class='ocrx_word' id='word_1_55' title='bbox 550 1066 675 1128; x_wconf 91' lang='lat' dir='ltr'><strong>dicetur.</strong></span> <span class='ocrx_word' id='word_1_56' title='bbox 721 1067 807 1128; x_wconf 63' lang='lat' dir='ltr'><strong>llaec,</strong></span> <span class='ocrx_word' id='word_1_57' title='bbox 824 1074 894 1127; x_wconf 89' lang='lat' dir='ltr'><strong>sunt</strong></span> <span class='ocrx_word' id='word_1_58' title='bbox 917 1067 1040 1144; x_wconf 83' lang='lat' dir='ltr'><strong>gerendi</strong></span> <span class='ocrx_word' id='word_1_59' title='bbox 1065 1065 1112 1127; x_wconf 88' lang='lat' dir='ltr'><strong>nel</strong></span> <span class='ocrx_word' id='word_1_60' title='bbox 1135 1069 1157 1142; x_wconf 91' lang='lat'>†</span> <span class='ocrx_word' id='word_1_61' title='bbox 1179 1067 1319 1145; x_wconf 92' lang='lat' dir='ltr'><strong>tipicialia</strong></span> <span class='ocrx_word' id='word_1_62' title='bbox 1343 1067 1445 1128; x_wconf 82' lang='lat' dir='ltr'><strong>uerita:</strong></span> <span class='ocrx_word' id='word_1_63' title='bbox 1469 1066 1574 1128; x_wconf 89' lang='lat' dir='ltr'><strong>dicendi</strong></span> <span class='ocrx_word' id='word_1_64' title='bbox 1665 1046 1669 1069; x_wconf 76' lang='lat'>¹</span> 
     </span>
     <span class='ocr_line' id='line_1_8' title="bbox 290 1166 1575 1249; baseline -0.002 -19"><span class='ocrx_word' id='word_1_65' title='bbox 290 1166 415 1232; x_wconf 88' lang='lat' dir='ltr'><strong>dicendo</strong></span> <span class='ocrx_word' id='word_1_66' title='bbox 444 1167 602 1228; x_wconf 92' lang='lat' dir='ltr'><strong>dicendum</strong></span> <span class='ocrx_word' id='word_1_67' title='bbox 630 1168 713 1246; x_wconf 91' lang='lat' dir='ltr'><strong>dictu</strong></span> <span class='ocrx_word' id='word_1_68' title='bbox 736 1168 837 1230; x_wconf 90' lang='lat' dir='ltr'><strong>dictui.</strong></span> <span class='ocrx_word' id='word_1_69' title='bbox 882 1169 958 1229; x_wconf 86' lang='lat' dir='ltr'><strong>Sunt</strong></span> <span class='ocrx_word' id='word_1_70' title='bbox 981 1170 1152 1249; x_wconf 86' lang='lat' dir='ltr'><strong>participia,</strong></span> <span class='ocrx_word' id='word_1_71' title='bbox 1181 1187 1257 1247; x_wconf 88' lang='lat' dir='ltr'><strong>quae</strong></span> <span class='ocrx_word' id='word_1_72' title='bbox 1282 1169 1436 1230; x_wconf 89' lang='lat' dir='ltr'><strong>trahuntur</strong></span> <span class='ocrx_word' id='word_1_73' title='bbox 1457 1187 1472 1229; x_wconf 94' lang='lat' dir='ltr'><strong>a</strong></span> <span class='ocrx_word' id='word_1_74' title='bbox 1495 1167 1575 1230; x_wconf 88' lang='lat' dir='ltr'><strong>uerba</strong></span> 
     </span>
     <span class='ocr_line' id='line_1_9' title="bbox 290 1268 1491 1354; baseline 0.001 -24"><span class='ocrx_word' id='word_1_75' title='bbox 290 1271 387 1331; x_wconf 92' lang='lat' dir='ltr'><strong>actiuo</strong></span> <span class='ocrx_word' id='word_1_76' title='bbox 410 1268 467 1330; x_wconf 90' lang='lat' dir='ltr'><strong>dno</strong></span> <span class='ocrx_word' id='word_1_77' title='bbox 490 1287 632 1350; x_wconf 89' lang='lat' dir='ltr'><strong>praesens</strong></span> <span class='ocrx_word' id='word_1_78' title='bbox 656 1277 686 1331; x_wconf 89' lang='lat' dir='ltr'><strong>et</strong></span> <span class='ocrx_word' id='word_1_79' title='bbox 707 1273 860 1342; x_wconf 90' lang='lat' dir='ltr'><strong>futurum,</strong></span> <span class='ocrx_word' id='word_1_80' title='bbox 884 1288 1028 1349; x_wconf 82' lang='lat' dir='ltr'><strong>praesens</strong></span> <span class='ocrx_word' id='word_1_81' title='bbox 1051 1270 1326 1354; x_wconf 86' lang='lat' dir='ltr'><strong>dicens,futurum</strong></span> <span class='ocrx_word' id='word_1_82' title='bbox 1350 1270 1491 1333; x_wconf 89' lang='lat' dir='ltr'><strong>dicturus.</strong></span> 
     </span>
     <span class='ocr_line' id='line_1_10' title="bbox 374 1370 1575 1453; baseline 0 -22"><span class='ocrx_word' id='word_1_83' title='bbox 374 1371 464 1432; x_wconf 82' lang='lat' dir='ltr'><strong>llicor</strong></span> <span class='ocrx_word' id='word_1_84' title='bbox 495 1370 622 1432; x_wconf 87' lang='lat' dir='ltr'><strong>uerbum</strong></span> <span class='ocrx_word' id='word_1_85' title='bbox 650 1372 800 1452; x_wconf 89' lang='lat' dir='ltr'><strong>passiuum</strong></span> <span class='ocrx_word' id='word_1_86' title='bbox 829 1371 992 1433; x_wconf 90' lang='lat' dir='ltr'><strong>indicatiua</strong></span> <span class='ocrx_word' id='word_1_87' title='bbox 1020 1371 1108 1433; x_wconf 89' lang='lat' dir='ltr'><strong>modo</strong></span> <span class='ocrx_word' id='word_1_88' title='bbox 1138 1371 1250 1432; x_wconf 93' lang='lat' dir='ltr'><strong>dictum</strong></span> <span class='ocrx_word' id='word_1_89' title='bbox 1279 1381 1414 1453; x_wconf 90' lang='lat' dir='ltr'><strong>tempore</strong></span> <span class='ocrx_word' id='word_1_90' title='bbox 1440 1375 1575 1453; x_wconf 80' lang='lat' dir='ltr'><strong>praesenti</strong></span> 
     </span>
     <span class='ocr_line' id='line_1_11' title="bbox 289 1469 1603 1553; baseline -0.002 -19"><span class='ocrx_word' id='word_1_91' title='bbox 289 1491 413 1534; x_wconf 88' lang='lat' dir='ltr'><strong>numero</strong></span> <span class='ocrx_word' id='word_1_92' title='bbox 441 1473 585 1551; x_wconf 79' lang='lat' dir='ltr'><strong>singulari</strong></span> <span class='ocrx_word' id='word_1_93' title='bbox 613 1477 723 1552; x_wconf 81' lang='lat' dir='ltr'><strong>figurae</strong></span> <span class='ocrx_word' id='word_1_94' title='bbox 753 1473 895 1552; x_wconf 90' lang='lat' dir='ltr'><strong>simplicis</strong></span> <span class='ocrx_word' id='word_1_95' title='bbox 924 1469 1077 1552; x_wconf 81' lang='lat' dir='ltr'><strong>personae</strong></span> <span class='ocrx_word' id='word_1_96' title='bbox 1087 1475 1207 1553; x_wconf 87' lang='lat' dir='ltr'><strong>&#39;primae</strong></span> <span class='ocrx_word' id='word_1_97' title='bbox 1230 1475 1448 1553; x_wconf 83' lang='lat' dir='ltr'><strong>coniugationis</strong></span> <span class='ocrx_word' id='word_1_98' title='bbox 1473 1476 1575 1544; x_wconf 80' lang='lat' dir='ltr'><strong>tertiae,</strong></span> <span class='ocrx_word' id='word_1_99' title='bbox 1586 1487 1603 1524; x_wconf 82' lang='lat' dir='ltr'><strong>n</strong></span> 
     </span>
     <span class='ocr_line' id='line_1_12' title="bbox 289 1573 1576 1655; baseline -0.001 -20"><span class='ocrx_word' id='word_1_100' title='bbox 289 1573 368 1653; x_wconf 91' lang='lat' dir='ltr'><strong>quod</strong></span> <span class='ocrx_word' id='word_1_101' title='bbox 398 1574 596 1636; x_wconf 87' lang='lat' dir='ltr'><strong>declinabitur</strong></span> <span class='ocrx_word' id='word_1_102' title='bbox 623 1577 681 1636; x_wconf 87' lang='lat' dir='ltr'><strong>sic:</strong></span> <span class='ocrx_word' id='word_1_103' title='bbox 716 1575 800 1636; x_wconf 89' lang='lat' dir='ltr'><strong>dicor</strong></span> <span class='ocrx_word' id='word_1_104' title='bbox 828 1574 936 1636; x_wconf 90' lang='lat' dir='ltr'><strong>diceris</strong></span> <span class='ocrx_word' id='word_1_105' title='bbox 964 1575 1073 1636; x_wconf 90' lang='lat' dir='ltr'><strong>dicitur</strong></span> <span class='ocrx_word' id='word_1_106' title='bbox 1102 1583 1175 1647; x_wconf 82' lang='lat' dir='ltr'><strong>etc,</strong></span> <span class='ocrx_word' id='word_1_107' title='bbox 1206 1575 1310 1637; x_wconf 88' lang='lat' dir='ltr'><strong>eodem</strong></span> <span class='ocrx_word' id='word_1_108' title='bbox 1340 1576 1428 1636; x_wconf 91' lang='lat' dir='ltr'><strong>modo</strong></span> <span class='ocrx_word' id='word_1_109' title='bbox 1454 1585 1576 1655; x_wconf 84' lang='lat' dir='ltr'><strong>tempore</strong></span> 
     </span>
     <span class='ocr_line' id='line_1_13' title="bbox 289 1676 1577 1757; baseline 0 -21"><span class='ocrx_word' id='word_1_110' title='bbox 289 1678 453 1756; x_wconf 82' lang='lat' dir='ltr'><strong>praeterito</strong></span> <span class='ocrx_word' id='word_1_111' title='bbox 481 1679 648 1757; x_wconf 86' lang='lat' dir='ltr'><strong>inperfecto</strong></span> <span class='ocrx_word' id='word_1_112' title='bbox 677 1676 800 1738; x_wconf 89' lang='lat' dir='ltr'><strong>dicebar</strong></span> <span class='ocrx_word' id='word_1_113' title='bbox 829 1684 900 1747; x_wconf 85' lang='lat' dir='ltr'><strong>etc,</strong></span> <span class='ocrx_word' id='word_1_114' title='bbox 931 1677 1036 1737; x_wconf 89' lang='lat' dir='ltr'><strong>eodem</strong></span> <span class='ocrx_word' id='word_1_115' title='bbox 1066 1677 1154 1738; x_wconf 93' lang='lat' dir='ltr'><strong>modo</strong></span> <span class='ocrx_word' id='word_1_116' title='bbox 1177 1685 1313 1757; x_wconf 88' lang='lat' dir='ltr'><strong>tempore</strong></span> <span class='ocrx_word' id='word_1_117' title='bbox 1338 1681 1498 1756; x_wconf 87' lang='lat' dir='ltr'><strong>praeterito</strong></span> <span class='ocrx_word' id='word_1_118' title='bbox 1519 1696 1577 1756; x_wconf 90' lang='lat' dir='ltr'><strong>per·</strong></span> 
     </span>
     <span class='ocr_line' id='line_1_14' title="bbox 290 1777 1577 1858; baseline 0.002 -21"><span class='ocrx_word' id='word_1_119' title='bbox 290 1777 368 1839; x_wconf 90' lang='lat' dir='ltr'><strong>fecto</strong></span> <span class='ocrx_word' id='word_1_120' title='bbox 397 1777 494 1839; x_wconf 92' lang='lat' dir='ltr'><strong>dictus</strong></span> <span class='ocrx_word' id='word_1_121' title='bbox 523 1797 587 1839; x_wconf 92' lang='lat' dir='ltr'><strong>sum</strong></span> <span class='ocrx_word' id='word_1_122' title='bbox 616 1785 674 1840; x_wconf 88' lang='lat' dir='ltr'><strong>etc.</strong></span> <span class='ocrx_word' id='word_1_123' title='bbox 705 1786 734 1858; x_wconf 86' lang='lat' dir='ltr'><strong>et</strong></span> <span class='ocrx_word' id='word_1_124' title='bbox 756 1779 900 1840; x_wconf 90' lang='lat' dir='ltr'><strong>ulteriore</strong></span> <span class='ocrx_word' id='word_1_125' title='bbox 926 1778 1015 1839; x_wconf 92' lang='lat' dir='ltr'><strong>modo</strong></span> <span class='ocrx_word' id='word_1_126' title='bbox 1038 1778 1136 1841; x_wconf 91' lang='lat' dir='ltr'><strong>dictus</strong></span> <span class='ocrx_word' id='word_1_127' title='bbox 1159 1780 1200 1840; x_wconf 91' lang='lat' dir='ltr'><strong>fui</strong></span> <span class='ocrx_word' id='word_1_128' title='bbox 1223 1788 1280 1840; x_wconf 90' lang='lat' dir='ltr'><strong>etc.</strong></span> <span class='ocrx_word' id='word_1_129' title='bbox 1304 1779 1378 1842; x_wconf 92' lang='lat' dir='ltr'><strong>dicti</strong></span> <span class='ocrx_word' id='word_1_130' title='bbox 1401 1781 1518 1842; x_wconf 89' lang='lat' dir='ltr'><strong>fuerunt</strong></span> <span class='ocrx_word' id='word_1_131' title='bbox 1537 1780 1577 1839; x_wconf 91' lang='lat' dir='ltr'><strong>uel</strong></span> 
     </span>
     <span class='ocr_line' id='line_1_15' title="bbox 290 1879 1675 1961; baseline 0.003 -23"><span class='ocrx_word' id='word_1_132' title='bbox 290 1893 388 1953; x_wconf 78' lang='lat' dir='ltr'><strong>ruere,</strong></span> <span class='ocrx_word' id='word_1_133' title='bbox 413 1879 518 1942; x_wconf 89' lang='lat' dir='ltr'><strong>eodem</strong></span> <span class='ocrx_word' id='word_1_134' title='bbox 542 1880 629 1940; x_wconf 93' lang='lat' dir='ltr'><strong>modo</strong></span> <span class='ocrx_word' id='word_1_135' title='bbox 652 1888 788 1960; x_wconf 86' lang='lat' dir='ltr'><strong>tempore</strong></span> <span class='ocrx_word' id='word_1_136' title='bbox 810 1882 973 1960; x_wconf 87' lang='lat' dir='ltr'><strong>praeterito</strong></span> <span class='ocrx_word' id='word_1_137' title='bbox 995 1881 1289 1961; x_wconf 81' lang='lat' dir='ltr'><strong>plusquamperfecto</strong></span> <span class='ocrx_word' id='word_1_138' title='bbox 1311 1881 1409 1942; x_wconf 88' lang='lat' dir='ltr'><strong>dictus</strong></span> <span class='ocrx_word' id='word_1_139' title='bbox 1432 1899 1510 1942; x_wconf 89' lang='lat' dir='ltr'><strong>eram</strong></span> <span class='ocrx_word' id='word_1_140' title='bbox 1529 1888 1577 1942; x_wconf 90' lang='lat' dir='ltr'><strong>etc.</strong></span> <span class='ocrx_word' id='word_1_141' title='bbox 1672 1946 1675 1955; x_wconf 69' lang='grc'>,</span> 
     </span>
     <span class='ocr_line' id='line_1_16' title="bbox 289 1980 1676 2073; baseline 0.003 -33"><span class='ocrx_word' id='word_1_142' title='bbox 289 1989 320 2041; x_wconf 90' lang='lat' dir='ltr'><strong>et</strong></span> <span class='ocrx_word' id='word_1_143' title='bbox 348 1981 490 2042; x_wconf 91' lang='lat' dir='ltr'><strong>ulteriore</strong></span> <span class='ocrx_word' id='word_1_144' title='bbox 520 1981 608 2041; x_wconf 93' lang='lat' dir='ltr'><strong>modo</strong></span> <span class='ocrx_word' id='word_1_145' title='bbox 631 1980 727 2042; x_wconf 90' lang='lat' dir='ltr'><strong>dictus</strong></span> <span class='ocrx_word' id='word_1_146' title='bbox 750 1981 864 2042; x_wconf 90' lang='lat' dir='ltr'><strong>fueram</strong></span> <span class='ocrx_word' id='word_1_147' title='bbox 888 1989 959 2050; x_wconf 87' lang='lat' dir='ltr'><strong>etc..</strong></span> <span class='ocrx_word' id='word_1_148' title='bbox 989 1983 1094 2044; x_wconf 88' lang='lat' dir='ltr'><strong>eodem</strong></span> <span class='ocrx_word' id='word_1_149' title='bbox 1118 1982 1205 2045; x_wconf 89' lang='lat' dir='ltr'><strong>modo</strong></span> <span class='ocrx_word' id='word_1_150' title='bbox 1228 1990 1364 2062; x_wconf 87' lang='lat' dir='ltr'><strong>tempore</strong></span> <span class='ocrx_word' id='word_1_151' title='bbox 1385 1985 1484 2045; x_wconf 88' lang='lat' dir='ltr'><strong>futuro</strong></span> <span class='ocrx_word' id='word_1_152' title='bbox 1505 1984 1606 2045; x_wconf 76' lang='lat' dir='ltr'><strong>dicatu</strong></span> <span class='ocrx_word' id='word_1_153' title='bbox 1672 1990 1676 2073; x_wconf 56' lang='lat' dir='ltr'><strong>&#39;q</strong></span> 
     </span>
     <span class='ocr_line' id='line_1_17' title="bbox 291 2082 1676 2166; baseline 0.001 -24"><span class='ocrx_word' id='word_1_154' title='bbox 291 2089 360 2152; x_wconf 84' lang='lat' dir='ltr'><strong>eta,</strong></span> <span class='ocrx_word' id='word_1_155' title='bbox 384 2085 553 2163; x_wconf 90' lang='lat' dir='ltr'><strong>inperatiuo</strong></span> <span class='ocrx_word' id='word_1_156' title='bbox 576 2082 663 2143; x_wconf 93' lang='lat' dir='ltr'><strong>modo</strong></span> <span class='ocrx_word' id='word_1_157' title='bbox 685 2091 820 2163; x_wconf 88' lang='lat' dir='ltr'><strong>tempora</strong></span> <span class='ocrx_word' id='word_1_158' title='bbox 844 2085 994 2162; x_wconf 90' lang='lat' dir='ltr'><strong>praesenti</strong></span> <span class='ocrx_word' id='word_1_159' title='bbox 1017 2083 1053 2144; x_wconf 92' lang='lat' dir='ltr'><strong>ad</strong></span> <span class='ocrx_word' id='word_1_160' title='bbox 1076 2085 1237 2146; x_wconf 88' lang='lat' dir='ltr'><strong>secundam</strong></span> <span class='ocrx_word' id='word_1_161' title='bbox 1253 2092 1285 2145; x_wconf 90' lang='lat' dir='ltr'><strong>et</strong></span> <span class='ocrx_word' id='word_1_162' title='bbox 1299 2086 1417 2166; x_wconf 79' lang='lat' dir='ltr'><strong>tertiam</strong></span> <span class='ocrx_word' id='word_1_163' title='bbox 1434 2103 1578 2165; x_wconf 89' lang='lat' dir='ltr'><strong>personam</strong></span> <span class='ocrx_word' id='word_1_164' title='bbox 1672 2106 1676 2159; x_wconf 85' lang='lat'>;</span> 
     </span>
     <span class='ocr_line' id='line_1_18' title="bbox 290 2183 1579 2266; baseline -0.001 -20"><span class='ocrx_word' id='word_1_165' title='bbox 290 2185 392 2246; x_wconf 89' lang='lat' dir='ltr'><strong>dicere</strong></span> <span class='ocrx_word' id='word_1_166' title='bbox 415 2183 542 2254; x_wconf 85' lang='lat' dir='ltr'><strong>dicatur,</strong></span> <span class='ocrx_word' id='word_1_167' title='bbox 567 2183 645 2264; x_wconf 92' lang='lat' dir='ltr'><strong>quod</strong></span> <span class='ocrx_word' id='word_1_168' title='bbox 668 2187 805 2264; x_wconf 88' lang='lat' dir='ltr'><strong>primam,</strong></span> <span class='ocrx_word' id='word_1_169' title='bbox 830 2192 975 2264; x_wconf 88' lang='lat' dir='ltr'><strong>utsupra</strong></span> <span class='ocrx_word' id='word_1_170' title='bbox 998 2186 1112 2247; x_wconf 89' lang='lat' dir='ltr'><strong>dictum</strong></span> <span class='ocrx_word' id='word_1_171' title='bbox 1135 2196 1189 2255; x_wconf 91' lang='lat' dir='ltr'><strong>est,</strong></span> <span class='ocrx_word' id='word_1_172' title='bbox 1212 2203 1372 2266; x_wconf 87' lang='lat' dir='ltr'><strong>personam</strong></span> <span class='ocrx_word' id='word_1_173' title='bbox 1395 2188 1426 2247; x_wconf 92' lang='lat' dir='ltr'><strong>in</strong></span> <span class='ocrx_word' id='word_1_174' title='bbox 1448 2184 1579 2265; x_wconf 77' lang='lat' dir='ltr'><strong>singulari</strong></span> 
     </span>
     <span class='ocr_line' id='line_1_19' title="bbox 291 2286 1579 2368; baseline -0.001 -20"><span class='ocrx_word' id='word_1_175' title='bbox 291 2305 416 2348; x_wconf 92' lang='lat' dir='ltr'><strong>numero</strong></span> <span class='ocrx_word' id='word_1_176' title='bbox 439 2289 636 2366; x_wconf 89' lang='lat' dir='ltr'><strong>imperatiuus</strong></span> <span class='ocrx_word' id='word_1_177' title='bbox 659 2286 764 2348; x_wconf 91' lang='lat' dir='ltr'><strong>modus</strong></span> <span class='ocrx_word' id='word_1_178' title='bbox 787 2305 846 2347; x_wconf 92' lang='lat' dir='ltr'><strong>non</strong></span> <span class='ocrx_word' id='word_1_179' title='bbox 868 2289 990 2366; x_wconf 87' lang='lat' dir='ltr'><strong>recipit,</strong></span> <span class='ocrx_word' id='word_1_180' title='bbox 1015 2295 1045 2348; x_wconf 93' lang='lat' dir='ltr'><strong>et</strong></span> <span class='ocrx_word' id='word_1_181' title='bbox 1060 2287 1215 2368; x_wconf 90' lang='lat' dir='ltr'><strong>pluraliter</strong></span> <span class='ocrx_word' id='word_1_182' title='bbox 1231 2287 1336 2349; x_wconf 89' lang='lat' dir='ltr'><strong>eodem</strong></span> <span class='ocrx_word' id='word_1_183' title='bbox 1352 2289 1441 2350; x_wconf 90' lang='lat' dir='ltr'><strong>modo</strong></span> <span class='ocrx_word' id='word_1_184' title='bbox 1456 2297 1579 2368; x_wconf 88' lang='lat' dir='ltr'><strong>tempore</strong></span> 
     </span>
     <span class='ocr_line' id='line_1_20' title="bbox 290 2387 1579 2468; baseline 0.002 -20"><span class='ocrx_word' id='word_1_185' title='bbox 290 2391 442 2466; x_wconf 88' lang='lat' dir='ltr'><strong>praesenti</strong></span> <span class='ocrx_word' id='word_1_186' title='bbox 477 2387 513 2447; x_wconf 89' lang='lat' dir='ltr'><strong>ad</strong></span> <span class='ocrx_word' id='word_1_187' title='bbox 547 2405 651 2448; x_wconf 88' lang='lat' dir='ltr'><strong>omnes</strong></span> <span class='ocrx_word' id='word_1_188' title='bbox 685 2406 829 2468; x_wconf 85' lang='lat' dir='ltr'><strong>personas</strong></span> <span class='ocrx_word' id='word_1_189' title='bbox 857 2387 990 2451; x_wconf 88' lang='lat' dir='ltr'><strong>dicamur</strong></span> <span class='ocrx_word' id='word_1_190' title='bbox 1018 2390 1158 2452; x_wconf 85' lang='lat' dir='ltr'><strong>dicamini</strong></span> <span class='ocrx_word' id='word_1_191' title='bbox 1186 2390 1334 2461; x_wconf 89' lang='lat' dir='ltr'><strong>dicantur,</strong></span> <span class='ocrx_word' id='word_1_192' title='bbox 1370 2389 1475 2451; x_wconf 89' lang='lat' dir='ltr'><strong>eodem</strong></span> <span class='ocrx_word' id='word_1_193' title='bbox 1503 2390 1579 2450; x_wconf 92' lang='lat' dir='ltr'><strong>modo</strong></span> 
     </span>
     <span class='ocr_line' id='line_1_21' title="bbox 290 2489 1610 2570; baseline -0.001 -18"><span class='ocrx_word' id='word_1_194' title='bbox 290 2498 424 2570; x_wconf 89' lang='lat' dir='ltr'><strong>tempore</strong></span> <span class='ocrx_word' id='word_1_195' title='bbox 455 2491 555 2552; x_wconf 89' lang='lat' dir='ltr'><strong>futuro</strong></span> <span class='ocrx_word' id='word_1_196' title='bbox 583 2489 695 2550; x_wconf 88' lang='lat' dir='ltr'><strong>diceris</strong></span> <span class='ocrx_word' id='word_1_197' title='bbox 721 2490 838 2550; x_wconf 90' lang='lat' dir='ltr'><strong>dicetur</strong></span> <span class='ocrx_word' id='word_1_198' title='bbox 864 2489 998 2552; x_wconf 88' lang='lat' dir='ltr'><strong>dicemur</strong></span> <span class='ocrx_word' id='word_1_199' title='bbox 1021 2491 1161 2553; x_wconf 91' lang='lat' dir='ltr'><strong>dicemini</strong></span> <span class='ocrx_word' id='word_1_200' title='bbox 1185 2491 1323 2553; x_wconf 92' lang='lat' dir='ltr'><strong>dicentur</strong></span> <span class='ocrx_word' id='word_1_201' title='bbox 1346 2490 1394 2551; x_wconf 91' lang='lat' dir='ltr'><strong>uel</strong></span> <span class='ocrx_word' id='word_1_202' title='bbox 1417 2492 1610 2553; x_wconf 76' lang='lat' dir='ltr'><strong>diceminor.a</strong></span> 
     </span>
     <span class='ocr_line' id='line_1_22' title="bbox 291 2590 1580 2673; baseline -0.001 -19"><span class='ocrx_word' id='word_1_203' title='bbox 291 2591 432 2672; x_wconf 88' lang='lat' dir='ltr'><strong>Optatiuo</strong></span> <span class='ocrx_word' id='word_1_204' title='bbox 460 2590 549 2652; x_wconf 89' lang='lat' dir='ltr'><strong>moda</strong></span> <span class='ocrx_word' id='word_1_205' title='bbox 576 2599 712 2670; x_wconf 90' lang='lat' dir='ltr'><strong>tempore</strong></span> <span class='ocrx_word' id='word_1_206' title='bbox 742 2594 891 2670; x_wconf 86' lang='lat' dir='ltr'><strong>praesenti</strong></span> <span class='ocrx_word' id='word_1_207' title='bbox 914 2600 944 2652; x_wconf 92' lang='lat' dir='ltr'><strong>et</strong></span> <span class='ocrx_word' id='word_1_208' title='bbox 963 2596 1126 2672; x_wconf 87' lang='lat' dir='ltr'><strong>praeterito</strong></span> <span class='ocrx_word' id='word_1_209' title='bbox 1150 2594 1315 2673; x_wconf 90' lang='lat' dir='ltr'><strong>inperfecto</strong></span> <span class='ocrx_word' id='word_1_210' title='bbox 1337 2596 1453 2656; x_wconf 92' lang='lat' dir='ltr'><strong>utinam</strong></span> <span class='ocrx_word' id='word_1_211' title='bbox 1475 2595 1580 2656; x_wconf 87' lang='lat' dir='ltr'><strong>dicerer</strong></span> 
     </span>
     <span class='ocr_line' id='line_1_23' title="bbox 290 2693 1579 2774; baseline 0 -20"><span class='ocrx_word' id='word_1_212' title='bbox 290 2702 357 2766; x_wconf 81' lang='lat' dir='ltr'><strong>etc,</strong></span> <span class='ocrx_word' id='word_1_213' title='bbox 382 2693 487 2755; x_wconf 89' lang='lat' dir='ltr'><strong>eodem</strong></span> <span class='ocrx_word' id='word_1_214' title='bbox 510 2693 598 2754; x_wconf 89' lang='lat' dir='ltr'><strong>modo</strong></span> <span class='ocrx_word' id='word_1_215' title='bbox 622 2702 756 2771; x_wconf 90' lang='lat' dir='ltr'><strong>tempore</strong></span> <span class='ocrx_word' id='word_1_216' title='bbox 777 2696 941 2773; x_wconf 89' lang='lat' dir='ltr'><strong>praeterito</strong></span> <span class='ocrx_word' id='word_1_217' title='bbox 962 2695 1096 2773; x_wconf 86' lang='lat' dir='ltr'><strong>perfecto</strong></span> <span class='ocrx_word' id='word_1_218' title='bbox 1119 2705 1148 2755; x_wconf 89' lang='lat' dir='ltr'><strong>et</strong></span> <span class='ocrx_word' id='word_1_219' title='bbox 1168 2695 1463 2774; x_wconf 79' lang='lat' dir='ltr'><strong>plusquamperfecto</strong></span> <span class='ocrx_word' id='word_1_220' title='bbox 1478 2698 1579 2756; x_wconf 91' lang='lat' dir='ltr'><strong>utinam</strong></span> 
     </span>
     <span class='ocr_line' id='line_1_24' title="bbox 289 2793 1579 2868; baseline 0.002 -14"><span class='ocrx_word' id='word_1_221' title='bbox 289 2793 387 2856; x_wconf 89' lang='lat' dir='ltr'><strong>dictus</strong></span> <span class='ocrx_word' id='word_1_222' title='bbox 415 2813 511 2856; x_wconf 92' lang='lat' dir='ltr'><strong>essem</strong></span> <span class='ocrx_word' id='word_1_223' title='bbox 542 2803 599 2856; x_wconf 86' lang='lat' dir='ltr'><strong>etc.</strong></span> <span class='ocrx_word' id='word_1_224' title='bbox 627 2803 657 2856; x_wconf 92' lang='lat' dir='ltr'><strong>et</strong></span> <span class='ocrx_word' id='word_1_225' title='bbox 686 2793 822 2855; x_wconf 89' lang='lat' dir='ltr'><strong>ulteriori</strong></span> <span class='ocrx_word' id='word_1_226' title='bbox 850 2794 939 2856; x_wconf 91' lang='lat' dir='ltr'><strong>modo</strong></span> <span class='ocrx_word' id='word_1_227' title='bbox 967 2799 1082 2858; x_wconf 89' lang='lat' dir='ltr'><strong>utinam</strong></span> <span class='ocrx_word' id='word_1_228' title='bbox 1110 2797 1207 2858; x_wconf 89' lang='lat' dir='ltr'><strong>dictus</strong></span> <span class='ocrx_word' id='word_1_229' title='bbox 1236 2797 1358 2858; x_wconf 88' lang='lat' dir='ltr'><strong>fuissem</strong></span> <span class='ocrx_word' id='word_1_230' title='bbox 1383 2804 1457 2868; x_wconf 80' lang='lat' dir='ltr'><strong>etc..</strong></span> <span class='ocrx_word' id='word_1_231' title='bbox 1487 2797 1579 2858; x_wconf 86' lang='lat' dir='ltr'><strong>eadem</strong></span> 
     </span>
     <span class='ocr_line' id='line_1_25' title="bbox 289 2896 1581 2980; baseline 0 -23"><span class='ocrx_word' id='word_1_232' title='bbox 289 2896 378 2958; x_wconf 89' lang='lat' dir='ltr'><strong>modo</strong></span> <span class='ocrx_word' id='word_1_233' title='bbox 400 2904 534 2977; x_wconf 90' lang='lat' dir='ltr'><strong>tempore</strong></span> <span class='ocrx_word' id='word_1_234' title='bbox 558 2896 658 2957; x_wconf 91' lang='lat' dir='ltr'><strong>futuro</strong></span> <span class='ocrx_word' id='word_1_235' title='bbox 681 2899 794 2958; x_wconf 89' lang='lat' dir='ltr'><strong>utinam</strong></span> <span class='ocrx_word' id='word_1_236' title='bbox 818 2897 900 2958; x_wconf 89' lang='lat' dir='ltr'><strong>dicar</strong></span> <span class='ocrx_word' id='word_1_237' title='bbox 923 2905 979 2958; x_wconf 91' lang='lat' dir='ltr'><strong>etc.</strong></span> <span class='ocrx_word' id='word_1_238' title='bbox 1017 2898 1213 2960; x_wconf 82' lang='lat' dir='ltr'><strong>Coniunctiuo</strong></span> <span class='ocrx_word' id='word_1_239' title='bbox 1237 2896 1325 2959; x_wconf 94' lang='lat' dir='ltr'><strong>modo</strong></span> <span class='ocrx_word' id='word_1_240' title='bbox 1348 2905 1485 2980; x_wconf 89' lang='lat' dir='ltr'><strong>tempore</strong></span> <span class='ocrx_word' id='word_1_241' title='bbox 1506 2917 1581 2978; x_wconf 91' lang='lat' dir='ltr'><strong>prae·</strong></span> 
     </span>
     <span class='ocr_line' id='line_1_26' title="bbox 290 2997 1611 3080; baseline 0.001 -21"><span class='ocrx_word' id='word_1_242' title='bbox 290 2998 368 3059; x_wconf 88' lang='lat' dir='ltr'><strong>senti</strong></span> <span class='ocrx_word' id='word_1_243' title='bbox 401 3015 468 3058; x_wconf 88' lang='lat' dir='ltr'><strong>cum</strong></span> <span class='ocrx_word' id='word_1_244' title='bbox 506 2997 589 3058; x_wconf 87' lang='lat' dir='ltr'><strong>dicar</strong></span> <span class='ocrx_word' id='word_1_245' title='bbox 618 3009 691 3068; x_wconf 82' lang='lat' dir='ltr'><strong>etc,</strong></span> <span class='ocrx_word' id='word_1_246' title='bbox 726 2999 832 3059; x_wconf 88' lang='lat' dir='ltr'><strong>eodem</strong></span> <span class='ocrx_word' id='word_1_247' title='bbox 859 3000 948 3060; x_wconf 92' lang='lat' dir='ltr'><strong>modo</strong></span> <span class='ocrx_word' id='word_1_248' title='bbox 976 3007 1110 3080; x_wconf 87' lang='lat' dir='ltr'><strong>tempora</strong></span> <span class='ocrx_word' id='word_1_249' title='bbox 1139 3002 1301 3079; x_wconf 90' lang='lat' dir='ltr'><strong>praeterito</strong></span> <span class='ocrx_word' id='word_1_250' title='bbox 1329 2999 1497 3080; x_wconf 87' lang='lat' dir='ltr'><strong>inperfecto</strong></span> <span class='ocrx_word' id='word_1_251' title='bbox 1523 3014 1611 3061; x_wconf 73' lang='lat' dir='ltr'><strong>cuma</strong></span> 
     </span>
     <span class='ocr_line' id='line_1_27' title="bbox 290 3098 1580 3182; baseline 0.005 -21"><span class='ocrx_word' id='word_1_252' title='bbox 290 3100 407 3161; x_wconf 88' lang='lat' dir='ltr'><strong>dicerer</strong></span> <span class='ocrx_word' id='word_1_253' title='bbox 431 3107 497 3169; x_wconf 69' lang='lat' dir='ltr'><strong>etc„</strong></span> <span class='ocrx_word' id='word_1_254' title='bbox 521 3098 626 3160; x_wconf 87' lang='lat' dir='ltr'><strong>eodem</strong></span> <span class='ocrx_word' id='word_1_255' title='bbox 651 3101 738 3162; x_wconf 90' lang='lat' dir='ltr'><strong>modo</strong></span> <span class='ocrx_word' id='word_1_256' title='bbox 761 3110 896 3180; x_wconf 90' lang='lat' dir='ltr'><strong>tempore</strong></span> <span class='ocrx_word' id='word_1_257' title='bbox 919 3105 1083 3180; x_wconf 88' lang='lat' dir='ltr'><strong>praeterito</strong></span> <span class='ocrx_word' id='word_1_258' title='bbox 1104 3104 1238 3182; x_wconf 91' lang='lat' dir='ltr'><strong>perfecto</strong></span> <span class='ocrx_word' id='word_1_259' title='bbox 1254 3119 1322 3162; x_wconf 89' lang='lat' dir='ltr'><strong>cum</strong></span> <span class='ocrx_word' id='word_1_260' title='bbox 1337 3102 1436 3164; x_wconf 91' lang='lat' dir='ltr'><strong>dictus</strong></span> <span class='ocrx_word' id='word_1_261' title='bbox 1451 3105 1507 3164; x_wconf 88' lang='lat' dir='ltr'><strong>sim</strong></span> <span class='ocrx_word' id='word_1_262' title='bbox 1523 3110 1580 3168; x_wconf 84' lang='lat' dir='ltr'><strong>etc..</strong></span> 
     </span>
     <span class='ocr_line' id='line_1_28' title="bbox 221 3197 1581 3284; baseline 0.002 -23"><span class='ocrx_word' id='word_1_263' title='bbox 221 3197 226 3207; x_wconf 88' lang='lat'>&#39;</span> <span class='ocrx_word' id='word_1_264' title='bbox 289 3209 319 3262; x_wconf 86' lang='lat' dir='ltr'><strong>et</strong></span> <span class='ocrx_word' id='word_1_265' title='bbox 341 3200 485 3262; x_wconf 90' lang='lat' dir='ltr'><strong>ulteriore</strong></span> <span class='ocrx_word' id='word_1_266' title='bbox 509 3200 597 3261; x_wconf 92' lang='lat' dir='ltr'><strong>modo</strong></span> <span class='ocrx_word' id='word_1_267' title='bbox 620 3221 687 3263; x_wconf 74' lang='lat' dir='ltr'><strong>curm</strong></span> <span class='ocrx_word' id='word_1_268' title='bbox 712 3202 810 3263; x_wconf 89' lang='lat' dir='ltr'><strong>dictus</strong></span> <span class='ocrx_word' id='word_1_269' title='bbox 833 3202 940 3264; x_wconf 92' lang='lat' dir='ltr'><strong>fuerim</strong></span> <span class='ocrx_word' id='word_1_270' title='bbox 964 3212 1036 3274; x_wconf 79' lang='lat' dir='ltr'><strong>cte,</strong></span> <span class='ocrx_word' id='word_1_271' title='bbox 1062 3203 1165 3265; x_wconf 88' lang='lat' dir='ltr'><strong>eodem</strong></span> <span class='ocrx_word' id='word_1_272' title='bbox 1189 3204 1277 3265; x_wconf 91' lang='lat' dir='ltr'><strong>modo</strong></span> <span class='ocrx_word' id='word_1_273' title='bbox 1300 3213 1437 3284; x_wconf 89' lang='lat' dir='ltr'><strong>tempore</strong></span> <span class='ocrx_word' id='word_1_274' title='bbox 1458 3212 1581 3284; x_wconf 84' lang='lat' dir='ltr'><strong>praeter·</strong></span> 
     </span>
     <span class='ocr_line' id='line_1_29' title="bbox 289 3302 1583 3382; baseline 0.002 -20"><span class='ocrx_word' id='word_1_275' title='bbox 289 3304 332 3362; x_wconf 93' lang='lat' dir='ltr'><strong>ito</strong></span> <span class='ocrx_word' id='word_1_276' title='bbox 355 3302 648 3382; x_wconf 87' lang='lat' dir='ltr'><strong>plusquamperfecto</strong></span> <span class='ocrx_word' id='word_1_277' title='bbox 671 3321 737 3364; x_wconf 88' lang='lat' dir='ltr'><strong>cum</strong></span> <span class='ocrx_word' id='word_1_278' title='bbox 761 3304 859 3364; x_wconf 91' lang='lat' dir='ltr'><strong>dictus</strong></span> <span class='ocrx_word' id='word_1_279' title='bbox 883 3323 980 3365; x_wconf 90' lang='lat' dir='ltr'><strong>essem</strong></span> <span class='ocrx_word' id='word_1_280' title='bbox 1003 3313 1059 3367; x_wconf 91' lang='lat' dir='ltr'><strong>etc.</strong></span> <span class='ocrx_word' id='word_1_281' title='bbox 1084 3315 1114 3367; x_wconf 91' lang='lat' dir='ltr'><strong>et</strong></span> <span class='ocrx_word' id='word_1_282' title='bbox 1135 3305 1279 3367; x_wconf 89' lang='lat' dir='ltr'><strong>ulteriore</strong></span> <span class='ocrx_word' id='word_1_283' title='bbox 1301 3309 1389 3368; x_wconf 90' lang='lat' dir='ltr'><strong>modo</strong></span> <span class='ocrx_word' id='word_1_284' title='bbox 1412 3325 1479 3368; x_wconf 89' lang='lat' dir='ltr'><strong>cnm</strong></span> <span class='ocrx_word' id='word_1_285' title='bbox 1496 3307 1583 3366; x_wconf 90' lang='lat' dir='ltr'><strong>dictus</strong></span> 
     </span>
     <span class='ocr_line' id='line_1_30' title="bbox 290 3404 1582 3485; baseline 0.001 -20"><span class='ocrx_word' id='word_1_286' title='bbox 290 3405 412 3465; x_wconf 88' lang='lat' dir='ltr'><strong>fuissem</strong></span> <span class='ocrx_word' id='word_1_287' title='bbox 437 3413 504 3472; x_wconf 78' lang='lat' dir='ltr'><strong>etc..</strong></span> <span class='ocrx_word' id='word_1_288' title='bbox 532 3404 635 3464; x_wconf 88' lang='lat' dir='ltr'><strong>eadem</strong></span> <span class='ocrx_word' id='word_1_289' title='bbox 659 3405 747 3465; x_wconf 92' lang='lat' dir='ltr'><strong>modo</strong></span> <span class='ocrx_word' id='word_1_290' title='bbox 770 3415 904 3485; x_wconf 90' lang='lat' dir='ltr'><strong>tempore</strong></span> <span class='ocrx_word' id='word_1_291' title='bbox 927 3407 1028 3467; x_wconf 89' lang='lat' dir='ltr'><strong>futuro</strong></span> <span class='ocrx_word' id='word_1_292' title='bbox 1051 3425 1117 3467; x_wconf 93' lang='lat' dir='ltr'><strong>cum</strong></span> <span class='ocrx_word' id='word_1_293' title='bbox 1142 3407 1239 3470; x_wconf 90' lang='lat' dir='ltr'><strong>dictas</strong></span> <span class='ocrx_word' id='word_1_294' title='bbox 1262 3427 1314 3470; x_wconf 91' lang='lat' dir='ltr'><strong>ero</strong></span> <span class='ocrx_word' id='word_1_295' title='bbox 1330 3417 1386 3470; x_wconf 90' lang='lat' dir='ltr'><strong>etc.</strong></span> <span class='ocrx_word' id='word_1_296' title='bbox 1404 3416 1435 3470; x_wconf 88' lang='lat' dir='ltr'><strong>et</strong></span> <span class='ocrx_word' id='word_1_297' title='bbox 1450 3408 1582 3469; x_wconf 86' lang='lat' dir='ltr'><strong>ulteriore</strong></span> 
     </span>
     <span class='ocr_line' id='line_1_31' title="bbox 290 3483 1611 3590; baseline 0.001 -24"><span class='ocrx_word' id='word_1_298' title='bbox 290 3506 379 3567; x_wconf 89' lang='lat' dir='ltr'><strong>mado</strong></span> <span class='ocrx_word' id='word_1_299' title='bbox 402 3483 479 3566; x_wconf 73' lang='lat' dir='ltr'><strong>cuns</strong></span> <span class='ocrx_word' id='word_1_300' title='bbox 494 3506 592 3568; x_wconf 91' lang='lat' dir='ltr'><strong>dictus</strong></span> <span class='ocrx_word' id='word_1_301' title='bbox 614 3507 699 3569; x_wconf 89' lang='lat' dir='ltr'><strong>fuero</strong></span> <span class='ocrx_word' id='word_1_302' title='bbox 722 3517 779 3570; x_wconf 88' lang='lat' dir='ltr'><strong>etc.</strong></span> <span class='ocrx_word' id='word_1_303' title='bbox 815 3507 966 3569; x_wconf 84' lang='lat' dir='ltr'><strong>infinitiuo</strong></span> <span class='ocrx_word' id='word_1_304' title='bbox 990 3508 1078 3570; x_wconf 89' lang='lat' dir='ltr'><strong>modo</strong></span> <span class='ocrx_word' id='word_1_305' title='bbox 1101 3512 1232 3571; x_wconf 89' lang='lat' dir='ltr'><strong>numeris</strong></span> <span class='ocrx_word' id='word_1_306' title='bbox 1249 3518 1278 3571; x_wconf 91' lang='lat' dir='ltr'><strong>et</strong></span> <span class='ocrx_word' id='word_1_307' title='bbox 1295 3510 1433 3590; x_wconf 87' lang='lat' dir='ltr'><strong>personis</strong></span> <span class='ocrx_word' id='word_1_308' title='bbox 1456 3518 1611 3590; x_wconf 73' lang='lat' dir='ltr'><strong>tempores</strong></span> 
     </span>
    </p>
   </div>
   <div class='ocr_carea' id='block_1_3' title="bbox 290 3673 1679 4902">
    <p class='ocr_par' dir='ltr' id='par_1_3' title="bbox 290 3673 1679 4902">
     <span class='ocr_line' id='line_1_32' title="bbox 360 3673 1582 3743; baseline 0.003 -20"><span class='ocrx_word' id='word_1_309' title='bbox 360 3673 481 3724; x_wconf 86' lang='lat' dir='ltr'><strong>leodem</strong></span> <span class='ocrx_word' id='word_1_310' title='bbox 499 3675 576 3724; x_wconf 89' lang='lat' dir='ltr'><strong>modo</strong></span> <span class='ocrx_word' id='word_1_311' title='bbox 595 3675 681 3726; x_wconf 85' lang='lat' dir='ltr'><strong>om.B</strong></span> <span class='ocrx_word' id='word_1_312' title='bbox 733 3675 902 3726; x_wconf 79' lang='lat' dir='ltr'><strong>influitinoA</strong></span> <span class='ocrx_word' id='word_1_313' title='bbox 972 3678 1168 3743; x_wconf 66' lang='lat' dir='ltr'><strong>ipreteriton</strong></span> <span class='ocrx_word' id='word_1_314' title='bbox 1221 3680 1290 3730; x_wconf 89' lang='lat' dir='ltr'><strong>dictu</strong></span> <span class='ocrx_word' id='word_1_315' title='bbox 1308 3681 1347 3730; x_wconf 86' lang='lat' dir='ltr'><strong>ire</strong></span> <span class='ocrx_word' id='word_1_316' title='bbox 1365 3680 1403 3729; x_wconf 90' lang='lat' dir='ltr'><strong>nel</strong></span> <span class='ocrx_word' id='word_1_317' title='bbox 1423 3679 1510 3732; x_wconf 87' lang='lat' dir='ltr'><strong>om.B</strong></span> <span class='ocrx_word' id='word_1_318' title='bbox 1569 3681 1582 3727; x_wconf 80' lang='lat'><strong>3</strong></span> 
     </span>
     <span class='ocr_line' id='line_1_33' title="bbox 290 3743 1582 3813; baseline 0.003 -22"><span class='ocrx_word' id='word_1_319' title='bbox 290 3743 419 3808; x_wconf 84' lang='lat' dir='ltr'><strong>perfecto,</strong></span> <span class='ocrx_word' id='word_1_320' title='bbox 438 3758 486 3792; x_wconf 87' lang='lat' dir='ltr'><strong>om.</strong></span> <span class='ocrx_word' id='word_1_321' title='bbox 505 3743 678 3806; x_wconf 86' lang='lat' dir='ltr'><strong>praeteritoB</strong></span> <span class='ocrx_word' id='word_1_322' title='bbox 730 3743 1028 3809; x_wconf 77' lang='lat' dir='ltr'><strong>dplusquampcrfeoto,</strong></span> <span class='ocrx_word' id='word_1_323' title='bbox 1047 3761 1093 3800; x_wconf 85' lang='lat' dir='ltr'><strong>om.</strong></span> <span class='ocrx_word' id='word_1_324' title='bbox 1112 3747 1288 3813; x_wconf 83' lang='lat' dir='ltr'><strong>praeteritoB</strong></span> <span class='ocrx_word' id='word_1_325' title='bbox 1348 3747 1514 3797; x_wconf 73' lang='lat' dir='ltr'><strong>ddiciturB</strong></span> <span class='ocrx_word' id='word_1_326' title='bbox 1546 3761 1582 3812; x_wconf 77' lang='lat' dir='ltr'><strong>gc·</strong></span> 
     </span>
     <span class='ocr_line' id='line_1_34' title="bbox 290 3809 1583 3881; baseline 0.005 -22"><span class='ocrx_word' id='word_1_327' title='bbox 290 3811 366 3860; x_wconf 86' lang='lat' dir='ltr'><strong>ruudi</strong></span> <span class='ocrx_word' id='word_1_328' title='bbox 385 3810 425 3858; x_wconf 89' lang='lat' dir='ltr'><strong>uel</strong></span> <span class='ocrx_word' id='word_1_329' title='bbox 443 3811 514 3876; x_wconf 88' lang='lat' dir='ltr'><strong>tipici</strong></span> <span class='ocrx_word' id='word_1_330' title='bbox 532 3809 678 3868; x_wconf 78' lang='lat' dir='ltr'><strong>alianerba</strong></span> <span class='ocrx_word' id='word_1_331' title='bbox 695 3822 755 3860; x_wconf 87' lang='lat' dir='ltr'><strong>suut</strong></span> <span class='ocrx_word' id='word_1_332' title='bbox 772 3811 904 3861; x_wconf 87' lang='lat' dir='ltr'><strong>dicendiB</strong></span> <span class='ocrx_word' id='word_1_333' title='bbox 931 3813 993 3862; x_wconf 86' lang='lat' dir='ltr'><strong>haec</strong></span> <span class='ocrx_word' id='word_1_334' title='bbox 1010 3825 1071 3864; x_wconf 82' lang='lat' dir='ltr'><strong>suat</strong></span> <span class='ocrx_word' id='word_1_335' title='bbox 1088 3815 1138 3864; x_wconf 85' lang='lat' dir='ltr'><strong>alia</strong></span> <span class='ocrx_word' id='word_1_336' title='bbox 1156 3817 1233 3866; x_wconf 86' lang='lat' dir='ltr'><strong>uerba</strong></span> <span class='ocrx_word' id='word_1_337' title='bbox 1251 3815 1357 3881; x_wconf 83' lang='lat' dir='ltr'><strong>gerendi</strong></span> <span class='ocrx_word' id='word_1_338' title='bbox 1374 3815 1415 3864; x_wconf 88' lang='lat' dir='ltr'><strong>nel</strong></span> <span class='ocrx_word' id='word_1_339' title='bbox 1434 3816 1506 3880; x_wconf 90' lang='lat' dir='ltr'><strong>tipici</strong></span> <span class='ocrx_word' id='word_1_340' title='bbox 1519 3817 1538 3864; x_wconf 87' lang='lat' dir='ltr'><strong>tt</strong></span> <span class='ocrx_word' id='word_1_341' title='bbox 1553 3814 1583 3875; x_wconf 76' lang='lat' dir='ltr'><strong>es.</strong></span> 
     </span>
     <span class='ocr_line' id='line_1_35' title="bbox 291 3877 1583 3949; baseline 0.003 -22"><span class='ocrx_word' id='word_1_342' title='bbox 291 3879 348 3930; x_wconf 86' lang='lat' dir='ltr'><strong>cod.</strong></span> <span class='ocrx_word' id='word_1_343' title='bbox 370 3877 451 3930; x_wconf 85' lang='lat' dir='ltr'><strong>Bern.</strong></span> <span class='ocrx_word' id='word_1_344' title='bbox 471 3881 522 3927; x_wconf 85' lang='lat'><strong>207</strong></span> <span class='ocrx_word' id='word_1_345' title='bbox 539 3880 605 3928; x_wconf 83' lang='lat' dir='ltr'><strong>artis</strong></span> <span class='ocrx_word' id='word_1_346' title='bbox 621 3881 800 3942; x_wconf 82' lang='lat' dir='ltr'><strong>prammaticae</strong></span> <span class='ocrx_word' id='word_1_347' title='bbox 816 3881 863 3942; x_wconf 81' lang='lat' dir='ltr'><strong>sol.</strong></span> <span class='ocrx_word' id='word_1_348' title='bbox 883 3883 963 3930; x_wconf 80' lang='lat'><em>122¹:</em></span> <span class='ocrx_word' id='word_1_349' title='bbox 988 3879 1054 3931; x_wconf 87' lang='lat' dir='ltr'><strong>Sunt</strong></span> <span class='ocrx_word' id='word_1_350' title='bbox 1071 3883 1147 3932; x_wconf 87' lang='lat' dir='ltr'><strong>uerba</strong></span> <span class='ocrx_word' id='word_1_351' title='bbox 1166 3899 1232 3946; x_wconf 83' lang='lat' dir='ltr'><strong>quae</strong></span> <span class='ocrx_word' id='word_1_352' title='bbox 1249 3883 1373 3949; x_wconf 86' lang='lat' dir='ltr'><strong>tipiainlia</strong></span> <span class='ocrx_word' id='word_1_353' title='bbox 1390 3883 1513 3933; x_wconf 85' lang='lat' dir='ltr'><strong>dicuntur</strong></span> <span class='ocrx_word' id='word_1_354' title='bbox 1529 3883 1583 3932; x_wconf 82' lang='lat' dir='ltr'><strong>idest</strong></span> 
     </span>
     <span class='ocr_line' id='line_1_36' title="bbox 291 3945 1584 4015; baseline 0.003 -21"><span class='ocrx_word' id='word_1_355' title='bbox 291 3945 480 4008; x_wconf 81' lang='lat' dir='ltr'><strong>similitudinis,</strong></span> <span class='ocrx_word' id='word_1_356' title='bbox 505 3947 626 4007; x_wconf 70' lang='lat' dir='ltr'><strong>(quoniam</strong></span> <span class='ocrx_word' id='word_1_357' title='bbox 649 3947 841 3996; x_wconf 88' lang='lat' dir='ltr'><strong>similitudinem</strong></span> <span class='ocrx_word' id='word_1_358' title='bbox 864 3949 1058 4015; x_wconf 77' lang='lat' dir='ltr'><strong>participiorum</strong></span> <span class='ocrx_word' id='word_1_359' title='bbox 1082 3953 1106 3999; x_wconf 93' lang='lat' dir='ltr'><strong>in</strong></span> <span class='ocrx_word' id='word_1_360' title='bbox 1126 3967 1154 4001; x_wconf 92' lang='lat' dir='ltr'><strong>se</strong></span> <span class='ocrx_word' id='word_1_361' title='bbox 1173 3953 1311 4002; x_wconf 89' lang='lat' dir='ltr'><strong>ostendunt</strong></span> <span class='ocrx_word' id='word_1_362' title='bbox 1328 3967 1385 4001; x_wconf 93' lang='lat' dir='ltr'><strong>cum</strong></span> <span class='ocrx_word' id='word_1_363' title='bbox 1404 3953 1457 4000; x_wconf 85' lang='lat' dir='ltr'><strong>sint</strong></span> <span class='ocrx_word' id='word_1_364' title='bbox 1475 3953 1549 4002; x_wconf 83' lang='lat' dir='ltr'><strong>uerba</strong></span> <span class='ocrx_word' id='word_1_365' title='bbox 1564 3960 1584 3998; x_wconf 85' lang='lat' dir='ltr'><strong>et</strong></span> 
     </span>
     <span class='ocr_line' id='line_1_37' title="bbox 291 4013 1583 4084; baseline 0.002 -22"><span class='ocrx_word' id='word_1_366' title='bbox 291 4028 341 4063; x_wconf 91' lang='lat' dir='ltr'><strong>non</strong></span> <span class='ocrx_word' id='word_1_367' title='bbox 366 4014 511 4079; x_wconf 86' lang='lat' dir='ltr'><strong>participia.</strong></span> <span class='ocrx_word' id='word_1_368' title='bbox 547 4013 606 4063; x_wconf 88' lang='lat' dir='ltr'><strong>Tria</strong></span> <span class='ocrx_word' id='word_1_369' title='bbox 629 4016 695 4064; x_wconf 87' lang='lat' dir='ltr'><strong>euim</strong></span> <span class='ocrx_word' id='word_1_370' title='bbox 718 4016 794 4064; x_wconf 88' lang='lat' dir='ltr'><strong>uerba</strong></span> <span class='ocrx_word' id='word_1_371' title='bbox 817 4017 921 4066; x_wconf 87' lang='lat' dir='ltr'><strong>amandi</strong></span> <span class='ocrx_word' id='word_1_372' title='bbox 943 4017 1053 4068; x_wconf 85' lang='lat' dir='ltr'><strong>amando</strong></span> <span class='ocrx_word' id='word_1_373' title='bbox 1080 4019 1218 4069; x_wconf 89' lang='lat' dir='ltr'><strong>amandum</strong></span> <span class='ocrx_word' id='word_1_374' title='bbox 1245 4019 1438 4070; x_wconf 87' lang='lat' dir='ltr'><strong>similitudinem</strong></span> <span class='ocrx_word' id='word_1_375' title='bbox 1466 4018 1583 4084; x_wconf 88' lang='lat' dir='ltr'><strong>participii</strong></span> 
     </span>
     <span class='ocr_line' id='line_1_38' title="bbox 292 4081 1583 4152; baseline 0.002 -22"><span class='ocrx_word' id='word_1_376' title='bbox 292 4083 412 4146; x_wconf 85' lang='lat' dir='ltr'><strong>passiuae</strong></span> <span class='ocrx_word' id='word_1_377' title='bbox 431 4081 628 4146; x_wconf 82' lang='lat' dir='ltr'><strong>significationis</strong></span> <span class='ocrx_word' id='word_1_378' title='bbox 646 4081 724 4132; x_wconf 87' lang='lat' dir='ltr'><strong>futuri</strong></span> <span class='ocrx_word' id='word_1_379' title='bbox 742 4085 866 4149; x_wconf 89' lang='lat' dir='ltr'><strong>temporis</strong></span> <span class='ocrx_word' id='word_1_380' title='bbox 881 4085 1026 4149; x_wconf 86' lang='lat' dir='ltr'><strong>ostendunt,</strong></span> <span class='ocrx_word' id='word_1_381' title='bbox 1043 4099 1155 4136; x_wconf 90' lang='lat' dir='ltr'><strong>amatum</strong></span> <span class='ocrx_word' id='word_1_382' title='bbox 1174 4103 1234 4138; x_wconf 86' lang='lat' dir='ltr'><strong>uero</strong></span> <span class='ocrx_word' id='word_1_383' title='bbox 1253 4087 1446 4138; x_wconf 88' lang='lat' dir='ltr'><strong>similitudinem</strong></span> <span class='ocrx_word' id='word_1_384' title='bbox 1465 4085 1583 4152; x_wconf 85' lang='lat' dir='ltr'><strong>participii</strong></span> 
     </span>
     <span class='ocr_line' id='line_1_39' title="bbox 292 4150 1584 4221; baseline 0.003 -23"><span class='ocrx_word' id='word_1_385' title='bbox 292 4150 421 4214; x_wconf 86' lang='lat' dir='ltr'><strong>praeteriti</strong></span> <span class='ocrx_word' id='word_1_386' title='bbox 448 4152 571 4213; x_wconf 86' lang='lat' dir='ltr'><strong>temporis</strong></span> <span class='ocrx_word' id='word_1_387' title='bbox 598 4152 718 4215; x_wconf 83' lang='lat' dir='ltr'><strong>passiuae</strong></span> <span class='ocrx_word' id='word_1_388' title='bbox 744 4151 940 4217; x_wconf 82' lang='lat' dir='ltr'><strong>significationis</strong></span> <span class='ocrx_word' id='word_1_389' title='bbox 968 4165 1060 4218; x_wconf 80' lang='lat' dir='ltr'><strong>gestat.</strong></span> <span class='ocrx_word' id='word_1_390' title='bbox 1100 4156 1266 4207; x_wconf 77' lang='lat' dir='ltr'><strong>Scribendum</strong></span> <span class='ocrx_word' id='word_1_391' title='bbox 1286 4157 1401 4219; x_wconf 78' lang='lat' dir='ltr'><strong>sortasse</strong></span> <span class='ocrx_word' id='word_1_392' title='bbox 1425 4155 1584 4221; x_wconf 81' lang='lat' dir='ltr'><strong>participialia</strong></span> 
     </span>
     <span class='ocr_line' id='line_1_40' title="bbox 292 4218 1585 4290; baseline 0.002 -23"><span class='ocrx_word' id='word_1_393' title='bbox 292 4218 411 4267; x_wconf 88' lang='lat' dir='ltr'><strong>dicuntur</strong></span> <span class='ocrx_word' id='word_1_394' title='bbox 428 4218 495 4267; x_wconf 90' lang='lat' dir='ltr'><strong>idest</strong></span> <span class='ocrx_word' id='word_1_395' title='bbox 512 4218 606 4268; x_wconf 86' lang='lat' dir='ltr'><strong>similia</strong></span> <span class='ocrx_word' id='word_1_396' title='bbox 624 4219 777 4284; x_wconf 81' lang='lat' dir='ltr'><strong>participiis,</strong></span> <span class='ocrx_word' id='word_1_397' title='bbox 788 4221 822 4282; x_wconf 81' lang='lat' dir='ltr'><strong>cs.</strong></span> <span class='ocrx_word' id='word_1_398' title='bbox 834 4237 862 4284; x_wconf 82' lang='lat' dir='ltr'><strong>p.</strong></span> <span class='ocrx_word' id='word_1_399' title='bbox 873 4224 916 4285; x_wconf 84' lang='lat'><strong>57,</strong></span> <span class='ocrx_word' id='word_1_400' title='bbox 927 4223 962 4270; x_wconf 86' lang='grc'><strong>13</strong></span> <span class='ocrx_word' id='word_1_401' title='bbox 1015 4222 1110 4272; x_wconf 83' lang='lat' dir='ltr'><strong>&#39;ldictu</strong></span> <span class='ocrx_word' id='word_1_402' title='bbox 1123 4224 1218 4274; x_wconf 84' lang='lat' dir='ltr'><strong>indicta</strong></span> <span class='ocrx_word' id='word_1_403' title='bbox 1237 4224 1288 4274; x_wconf 89' lang='lat' dir='ltr'><strong>duo</strong></span> <span class='ocrx_word' id='word_1_404' title='bbox 1306 4224 1442 4290; x_wconf 87' lang='lat' dir='ltr'><strong>participia</strong></span> <span class='ocrx_word' id='word_1_405' title='bbox 1461 4223 1585 4273; x_wconf 86' lang='lat' dir='ltr'><strong>trahuntur·</strong></span> 
     </span>
     <span class='ocr_line' id='line_1_41' title="bbox 295 4285 1583 4357; baseline 0.003 -24"><span class='ocrx_word' id='word_1_406' title='bbox 295 4297 321 4333; x_wconf 91' lang='lat' dir='ltr'><strong>ut</strong></span> <span class='ocrx_word' id='word_1_407' title='bbox 339 4285 462 4345; x_wconf 88' lang='lat' dir='ltr'><strong>dicturus,</strong></span> <span class='ocrx_word' id='word_1_408' title='bbox 481 4288 580 4338; x_wconf 80' lang='lat' dir='ltr'><strong>amireis</strong></span> <span class='ocrx_word' id='word_1_409' title='bbox 597 4287 728 4338; x_wconf 81' lang='lat' dir='ltr'><strong>ceteriaB</strong></span> <span class='ocrx_word' id='word_1_410' title='bbox 798 4289 975 4353; x_wconf 82' lang='lat' dir='ltr'><strong>ilpresensA</strong></span> <span class='ocrx_word' id='word_1_411' title='bbox 1044 4292 1211 4356; x_wconf 83' lang='lat' dir='ltr'><strong>9passiuum</strong></span> <span class='ocrx_word' id='word_1_412' title='bbox 1231 4291 1308 4342; x_wconf 86' lang='lat' dir='ltr'><strong>estB</strong></span> <span class='ocrx_word' id='word_1_413' title='bbox 1378 4293 1410 4342; x_wconf 88' lang='lat'><strong>10</strong></span> <span class='ocrx_word' id='word_1_414' title='bbox 1428 4289 1583 4357; x_wconf 86' lang='lat' dir='ltr'><strong>simplecisB</strong></span> 
     </span>
     <span class='ocr_line' id='line_1_42' title="bbox 291 4352 1583 4423; baseline 0.003 -21"><span class='ocrx_word' id='word_1_415' title='bbox 291 4352 384 4402; x_wconf 84' lang='lat' dir='ltr'><strong>terciae</strong></span> <span class='ocrx_word' id='word_1_416' title='bbox 402 4355 571 4420; x_wconf 88' lang='lat' dir='ltr'><strong>correptaeB</strong></span> <span class='ocrx_word' id='word_1_417' title='bbox 676 4356 813 4405; x_wconf 71' lang='lat' dir='ltr'><strong>fiendam</strong></span> <span class='ocrx_word' id='word_1_418' title='bbox 834 4355 1044 4423; x_wconf 90' lang='lat' dir='ltr'><strong>modo&#39;tempore</strong></span> <span class='ocrx_word' id='word_1_419' title='bbox 1062 4359 1148 4409; x_wconf 87' lang='lat' dir='ltr'><strong>om.B</strong></span> <span class='ocrx_word' id='word_1_420' title='bbox 1252 4361 1284 4410; x_wconf 79' lang='lat'><strong>14</strong></span> <span class='ocrx_word' id='word_1_421' title='bbox 1302 4360 1391 4410; x_wconf 86' lang='lat' dir='ltr'><strong>eodem</strong></span> <span class='ocrx_word' id='word_1_422' title='bbox 1410 4359 1490 4409; x_wconf 91' lang='lat' dir='ltr'><strong>modo</strong></span> <span class='ocrx_word' id='word_1_423' title='bbox 1509 4357 1583 4411; x_wconf 63' lang='lat' dir='ltr'><strong>arad</strong></span> 
     </span>
     <span class='ocr_line' id='line_1_43' title="bbox 292 4421 1585 4493; baseline 0.002 -23"><span class='ocrx_word' id='word_1_424' title='bbox 292 4421 429 4486; x_wconf 86' lang='lat' dir='ltr'><strong>praeterito</strong></span> <span class='ocrx_word' id='word_1_425' title='bbox 447 4422 560 4486; x_wconf 85' lang='lat' dir='ltr'><strong>perfecto</strong></span> <span class='ocrx_word' id='word_1_426' title='bbox 579 4431 603 4471; x_wconf 92' lang='lat' dir='ltr'><strong>et</strong></span> <span class='ocrx_word' id='word_1_427' title='bbox 620 4422 871 4489; x_wconf 82' lang='lat' dir='ltr'><strong>plusquamperfecto</strong></span> <span class='ocrx_word' id='word_1_428' title='bbox 891 4425 913 4472; x_wconf 86' lang='grc' dir='ltr'><strong>Α</strong></span> <span class='ocrx_word' id='word_1_429' title='bbox 984 4427 1015 4474; x_wconf 89' lang='grc'><strong>16</strong></span> <span class='ocrx_word' id='word_1_430' title='bbox 1033 4426 1185 4493; x_wconf 87' lang='lat' dir='ltr'><strong>imperatiuo</strong></span> <span class='ocrx_word' id='word_1_431' title='bbox 1204 4427 1223 4476; x_wconf 91' lang='lat' dir='ltr'>B</span> <span class='ocrx_word' id='word_1_432' title='bbox 1298 4429 1329 4479; x_wconf 80' lang='lat' dir='ltr'><strong>lt</strong></span> <span class='ocrx_word' id='word_1_433' title='bbox 1348 4437 1376 4478; x_wconf 91' lang='lat' dir='ltr'><strong>ut</strong></span> <span class='ocrx_word' id='word_1_434' title='bbox 1393 4427 1479 4477; x_wconf 88' lang='lat' dir='ltr'><strong>dicere</strong></span> <span class='ocrx_word' id='word_1_435' title='bbox 1496 4427 1585 4476; x_wconf 81' lang='lat' dir='ltr'><strong>dicatur</strong></span> 
     </span>
     <span class='ocr_line' id='line_1_44' title="bbox 291 4480 1584 4557; baseline 0.005 -20"><span class='ocrx_word' id='word_1_436' title='bbox 291 4489 407 4538; x_wconf 87' lang='lat' dir='ltr'><strong>dicamur</strong></span> <span class='ocrx_word' id='word_1_437' title='bbox 424 4480 545 4539; x_wconf 72' lang='lat' dir='ltr'><strong>dictamini</strong></span> <span class='ocrx_word' id='word_1_438' title='bbox 562 4489 680 4540; x_wconf 83' lang='lat' dir='ltr'><strong>dicantur</strong></span> <span class='ocrx_word' id='word_1_439' title='bbox 697 4489 782 4541; x_wconf 84' lang='lat' dir='ltr'><strong>futuro</strong></span> <span class='ocrx_word' id='word_1_440' title='bbox 800 4491 891 4540; x_wconf 84' lang='lat' dir='ltr'><strong>diceris</strong></span> <span class='ocrx_word' id='word_1_441' title='bbox 909 4490 1008 4542; x_wconf 89' lang='lat' dir='ltr'><strong>dicatur</strong></span> <span class='ocrx_word' id='word_1_442' title='bbox 1026 4494 1141 4544; x_wconf 86' lang='lat' dir='ltr'><strong>dicamur</strong></span> <span class='ocrx_word' id='word_1_443' title='bbox 1158 4503 1216 4557; x_wconf 78' lang='lat' dir='ltr'><strong>etc,</strong></span> <span class='ocrx_word' id='word_1_444' title='bbox 1234 4498 1328 4546; x_wconf 75' lang='lat' dir='ltr'><strong>ceteris</strong></span> <span class='ocrx_word' id='word_1_445' title='bbox 1344 4496 1443 4546; x_wconf 80' lang='lat' dir='ltr'><strong>omissis</strong></span> <span class='ocrx_word' id='word_1_446' title='bbox 1461 4495 1481 4544; x_wconf 86' lang='lat' dir='ltr'>B</span> <span class='ocrx_word' id='word_1_447' title='bbox 1559 4493 1584 4544; x_wconf 82' lang='lat' dir='ltr'><strong>tt</strong></span> 
     </span>
     <span class='ocr_line' id='line_1_45' title="bbox 292 4557 1585 4630; baseline 0.005 -24"><span class='ocrx_word' id='word_1_448' title='bbox 292 4557 451 4606; x_wconf 80' lang='lat' dir='ltr'><strong>dicamusll</strong></span> <span class='ocrx_word' id='word_1_449' title='bbox 521 4559 552 4609; x_wconf 88' lang='grc'><strong>19</strong></span> <span class='ocrx_word' id='word_1_450' title='bbox 570 4557 708 4608; x_wconf 76' lang='lat' dir='ltr'><strong>diceresd</strong></span> <span class='ocrx_word' id='word_1_451' title='bbox 777 4561 810 4610; x_wconf 92' lang='grc'><strong>20</strong></span> <span class='ocrx_word' id='word_1_452' title='bbox 829 4560 983 4609; x_wconf 75' lang='lat' dir='ltr'><strong>olrtatiuod</strong></span> <span class='ocrx_word' id='word_1_453' title='bbox 1035 4563 1066 4612; x_wconf 90' lang='grc'><strong>21</strong></span> <span class='ocrx_word' id='word_1_454' title='bbox 1087 4565 1176 4614; x_wconf 87' lang='lat' dir='ltr'><strong>eodem</strong></span> <span class='ocrx_word' id='word_1_455' title='bbox 1195 4565 1272 4613; x_wconf 87' lang='lat' dir='ltr'><strong>modo</strong></span> <span class='ocrx_word' id='word_1_456' title='bbox 1291 4574 1406 4630; x_wconf 88' lang='lat' dir='ltr'><strong>tempore</strong></span> <span class='ocrx_word' id='word_1_457' title='bbox 1423 4563 1510 4613; x_wconf 83' lang='lat' dir='ltr'><strong>om.B</strong></span> <span class='ocrx_word' id='word_1_458' title='bbox 1558 4563 1585 4611; x_wconf 87' lang='grc'><strong>22</strong></span> 
     </span>
     <span class='ocr_line' id='line_1_46' title="bbox 293 4624 1679 4694; baseline 0.007 -22"><span class='ocrx_word' id='word_1_459' title='bbox 293 4624 659 4684; x_wconf 79' lang='lat' dir='ltr'><strong>etulte1·i0ri‚om.modoA</strong></span> <span class='ocrx_word' id='word_1_460' title='bbox 713 4627 802 4676; x_wconf 86' lang='lat' dir='ltr'><strong>eodem</strong></span> <span class='ocrx_word' id='word_1_461' title='bbox 821 4627 897 4677; x_wconf 89' lang='lat' dir='ltr'><strong>modo</strong></span> <span class='ocrx_word' id='word_1_462' title='bbox 916 4638 1034 4694; x_wconf 83' lang='lat' dir='ltr'><strong>tempore</strong></span> <span class='ocrx_word' id='word_1_463' title='bbox 1052 4630 1138 4682; x_wconf 89' lang='lat' dir='ltr'><strong>futuro</strong></span> <span class='ocrx_word' id='word_1_464' title='bbox 1156 4633 1242 4683; x_wconf 85' lang='lat' dir='ltr'><strong>om.B</strong></span> <span class='ocrx_word' id='word_1_465' title='bbox 1310 4633 1344 4682; x_wconf 80' lang='grc'><strong>24</strong></span> <span class='ocrx_word' id='word_1_466' title='bbox 1360 4631 1583 4682; x_wconf 78' lang='lat' dir='ltr'><strong>coniunctatiuol</strong></span> <span class='ocrx_word' id='word_1_467' title='bbox 1678 4671 1679 4682; x_wconf 65' lang='grc'>,</span> 
     </span>
     <span class='ocr_line' id='line_1_47' title="bbox 293 4693 1586 4766; baseline 0.005 -26"><span class='ocrx_word' id='word_1_468' title='bbox 293 4693 327 4741; x_wconf 82' lang='grc'><strong>25</strong></span> <span class='ocrx_word' id='word_1_469' title='bbox 350 4693 438 4741; x_wconf 87' lang='lat' dir='ltr'><strong>eodem</strong></span> <span class='ocrx_word' id='word_1_470' title='bbox 462 4694 540 4743; x_wconf 90' lang='lat' dir='ltr'><strong>modo</strong></span> <span class='ocrx_word' id='word_1_471' title='bbox 564 4705 678 4760; x_wconf 86' lang='lat' dir='ltr'><strong>tempore</strong></span> <span class='ocrx_word' id='word_1_472' title='bbox 695 4695 780 4745; x_wconf 90' lang='lat' dir='ltr'><strong>om.B</strong></span> <span class='ocrx_word' id='word_1_473' title='bbox 849 4695 882 4746; x_wconf 85' lang='grc'><strong>26</strong></span> <span class='ocrx_word' id='word_1_474' title='bbox 905 4695 994 4746; x_wconf 86' lang='lat' dir='ltr'><strong>eodem</strong></span> <span class='ocrx_word' id='word_1_475' title='bbox 1016 4699 1094 4749; x_wconf 88' lang='lat' dir='ltr'><strong>modo</strong></span> <span class='ocrx_word' id='word_1_476' title='bbox 1116 4711 1232 4766; x_wconf 84' lang='lat' dir='ltr'><strong>tempore</strong></span> <span class='ocrx_word' id='word_1_477' title='bbox 1254 4700 1340 4751; x_wconf 87' lang='lat' dir='ltr'><strong>om.B</strong></span> <span class='ocrx_word' id='word_1_478' title='bbox 1390 4701 1424 4751; x_wconf 80' lang='lat' dir='ltr'><strong>at</strong></span> <span class='ocrx_word' id='word_1_479' title='bbox 1442 4711 1533 4751; x_wconf 84' lang='lat' dir='ltr'><strong>etam.</strong></span> <span class='ocrx_word' id='word_1_480' title='bbox 1550 4697 1586 4747; x_wconf 80' lang='lat' dir='ltr'><strong>tlt</strong></span> 
     </span>
     <span class='ocr_line' id='line_1_48' title="bbox 294 4758 1586 4834; baseline 0.007 -28"><span class='ocrx_word' id='word_1_481' title='bbox 294 4758 383 4807; x_wconf 86' lang='lat' dir='ltr'><strong>codem</strong></span> <span class='ocrx_word' id='word_1_482' title='bbox 402 4760 479 4809; x_wconf 90' lang='lat' dir='ltr'><strong>modo</strong></span> <span class='ocrx_word' id='word_1_483' title='bbox 497 4771 613 4825; x_wconf 85' lang='lat' dir='ltr'><strong>tempore</strong></span> <span class='ocrx_word' id='word_1_484' title='bbox 631 4763 718 4814; x_wconf 69' lang='lat' dir='ltr'><strong>omli</strong></span> <span class='ocrx_word' id='word_1_485' title='bbox 769 4763 904 4829; x_wconf 87' lang='lat' dir='ltr'><strong>praeterito</strong></span> <span class='ocrx_word' id='word_1_486' title='bbox 923 4764 1036 4830; x_wconf 87' lang='lat' dir='ltr'><strong>perfecto</strong></span> <span class='ocrx_word' id='word_1_487' title='bbox 1055 4777 1079 4818; x_wconf 90' lang='lat' dir='ltr'><strong>et</strong></span> <span class='ocrx_word' id='word_1_488' title='bbox 1096 4767 1392 4834; x_wconf 71' lang='lat' dir='ltr'><strong>plusquamperfectorl</strong></span> <span class='ocrx_word' id='word_1_489' title='bbox 1451 4767 1586 4818; x_wconf 74' lang='lat' dir='ltr'><strong>traconem</strong></span> 
     </span>
     <span class='ocr_line' id='line_1_49' title="bbox 294 4826 1587 4902; baseline 0.009 -28"><span class='ocrx_word' id='word_1_490' title='bbox 294 4826 370 4875; x_wconf 90' lang='lat' dir='ltr'><strong>modo</strong></span> <span class='ocrx_word' id='word_1_491' title='bbox 394 4836 509 4892; x_wconf 84' lang='lat' dir='ltr'><strong>tempora</strong></span> <span class='ocrx_word' id='word_1_492' title='bbox 531 4845 578 4882; x_wconf 86' lang='lat' dir='ltr'><strong>om.</strong></span> <span class='ocrx_word' id='word_1_493' title='bbox 599 4831 618 4878; x_wconf 91' lang='lat' dir='ltr'>B</span> <span class='ocrx_word' id='word_1_494' title='bbox 687 4842 712 4880; x_wconf 90' lang='lat' dir='ltr'><strong>et</strong></span> <span class='ocrx_word' id='word_1_495' title='bbox 730 4830 850 4881; x_wconf 85' lang='lat' dir='ltr'><strong>ulteriora</strong></span> <span class='ocrx_word' id='word_1_496' title='bbox 872 4833 950 4882; x_wconf 87' lang='lat' dir='ltr'><strong>modo</strong></span> <span class='ocrx_word' id='word_1_497' title='bbox 972 4847 1031 4883; x_wconf 86' lang='lat' dir='ltr'><strong>cnm</strong></span> <span class='ocrx_word' id='word_1_498' title='bbox 1054 4837 1137 4887; x_wconf 88' lang='lat' dir='ltr'><strong>dictus</strong></span> <span class='ocrx_word' id='word_1_499' title='bbox 1160 4837 1233 4887; x_wconf 86' lang='lat' dir='ltr'><strong>fuero</strong></span> <span class='ocrx_word' id='word_1_500' title='bbox 1256 4843 1306 4888; x_wconf 87' lang='lat' dir='ltr'><strong>etc.</strong></span> <span class='ocrx_word' id='word_1_501' title='bbox 1329 4839 1356 4888; x_wconf 84' lang='lat' dir='ltr'><strong>ia</strong></span> <span class='ocrx_word' id='word_1_502' title='bbox 1376 4851 1458 4902; x_wconf 70' lang='lat' dir='ltr'><strong>mara.</strong></span> <span class='ocrx_word' id='word_1_503' title='bbox 1472 4835 1587 4902; x_wconf 74' lang='lat' dir='ltr'><strong>inser-,l-</strong></span> 
     </span>
    </p>
   </div>
   <div class='ocr_carea' id='block_1_4' title="bbox 0 0 1707 5450">
    <p class='ocr_par' dir='ltr' id='par_1_4' title="bbox 0 0 1707 5450">
     <span class='ocr_line' id='line_1_50' title="bbox 0 0 1707 5450; baseline 0 0"><span class='ocrx_word' id='word_1_504' title='bbox 0 0 1707 5450; x_wconf 95' lang='lat' dir='ltr'><strong> </strong></span> 
     </span>
    </p>
   </div>
  </div>
 </body>
</html>
