3390 5444
674 255 886 310 BERNENSIS.
1358 255 1418 321 107

118 448 149 509 in
173 465 228 510 eus
248 448 285 508 in·
303 449 350 510 ius
371 449 403 509 in
425 466 475 508 um
499 449 529 507 in
552 447 666 508 lumin
690 465 772 517 eum,
801 445 873 507 elias
902 464 967 507 esse
994 446 1219 508 terminationes
1241 444 1278 508 de
1301 446 1348 508 bis
1371 465 1418 507 se·

118 547 195 634 cnnll
213 552 233 611 l.
255 547 333 611 101·
349 546 421 631 lidae
443 548 665 620 declinationis,
696 549 752 610 boc
776 556 821 610 est
842 548 892 610 illa
915 549 1035 610 nomina
1057 551 1089 610 in
1111 548 1155 609 ius
1177 547 1226 610 uel
1248 549 1279 609 in
1302 567 1365 620 eus,
1388 550 1419 610 in

119 671 170 712 um
194 648 243 712 uel
266 652 296 711 in
320 653 379 711 ium
402 653 467 712 siue
489 652 520 712 in
549 669 617 712 eum
646 651 824 720 desinentia,
853 649 902 712 illa
932 669 1006 712 uero
1032 652 1151 718 nomina
1180 651 1209 711 in
1233 669 1266 712 er
1290 657 1319 711 et
1340 653 1370 712 in
1393 652 1420 712 ir

118 754 202 814 etin
226 771 263 814 ur
285 753 443 814 terminata
466 752 630 814 seeundum
653 753 773 814 Latinos
796 751 922 814 duarum
951 752 1196 823 declinationum,
1226 753 1283 814 boe
1306 760 1352 814 est
1373 770 1419 814 se·

91 853 236 919 ocundae
264 863 293 916 et
318 855 424 916 tertiae
455 854 676 924 declinationis3
711 854 830 915 nomina
860 873 933 915 uero
961 856 991 915 in
1019 873 1054 916 us
1083 853 1224 934 syllabam
1254 855 1419 917 desinentia

117 957 210 1018 trium
239 955 469 1018 declinationum
497 965 582 1026 sunt,
611 955 669 1017 boc
697 964 742 1017 est
771 956 918 1018 secundae
947 962 978 1016 et
998 958 1104 1018 tertiae
1126 965 1156 1018 et
1178 966 1301 1037 quartae
1329 957 1420 1018 ‹leeli-

117 1060 260 1120 nationis.
297 1058 371 1120 ltem
396 1059 633 1121 animaduertere
656 1043 815 1128 debemus,
839 1057 917 1136 quod
942 1060 1039 1120 omnia
1063 1060 1183 1120 nomina
1206 1056 1326 1120 mobilia
1349 1059 1420 1121 dua-

117 1179 186 1222 rum
209 1160 439 1222 declinationum
463 1167 533 1221 sunt
554 1168 684 1231 tantum,
707 1161 765 1222 boc
780 1167 824 1222 est
840 1159 988 1221 secundae
1004 1168 1032 1220 et
1046 1162 1168 1222 tertiae:
1193 1180 1260 1223 nam
1277 1164 1308 1222 in
1324 1164 1420 1240 prima

117 1271 148 1323 et
171 1270 275 1342 quarta
300 1270 331 1323 et
350 1263 452 1342 quinta
479 1261 680 1324 declinatione
703 1280 763 1324 non
784 1264 989 1333 inueniuntur,
1017 1263 1073 1324 hoc
1102 1265 1199 1326 estin
1223 1281 1256 1323 er
1278 1265 1308 1324 in
1331 1265 1419 1324 urin

80 1383 154 1428 sons
177 1364 359 1434 desinentia;
383 1365 413 1426 in
437 1383 481 1441 er,
505 1373 538 1426 ut
558 1371 643 1426 tener
658 1371 761 1426 tenera
777 1372 931 1435 tenerum,
955 1363 1081 1445 pulcher
1102 1349 1227 1444 pulchra
1249 1364 1418 1445 pulchrum,

41 1510 49 1529 .
118 1470 206 1546 niger
229 1469 314 1546 nigra
336 1468 470 1546 nigrum,
498 1484 583 1528 sacer
610 1485 694 1528 sacra
724 1485 841 1529 sacrum
860 1473 894 1528 'et
916 1473 1029 1536 oetera;
1058 1469 1129 1528 item
1151 1467 1183 1527 in
1205 1486 1255 1542 ur,
1285 1474 1318 1528 nt
1339 1475 1421 1529 satur

117 1577 221 1632 satura
249 1575 398 1638 saturum3
432 1569 464 1629 in
492 1586 526 1628 us
555 1568 660 1630 doetus
691 1568 776 1630 docta
810 1569 942 1641 doctum,
978 1587 1102 1649 magnus
1131 1587 1237 1648 magna
1271 1587 1420 1648 magnum,

117 1680 240 1734 sanctus
262 1678 363 1732 sancta
386 1678 520 1731 sanctum
545 1677 574 1730 et
595 1679 695 1732 cetera
718 1671 962 1740 innumerabilia,
991 1678 1022 1732 et
1043 1673 1141 1732 omnia
1163 1671 1344 1748 superlatina
1367 1691 1420 1734 no·

118 1775 201 1834 mina
224 1774 268 1834 sic
290 1772 417 1842 iaciunt,
440 1781 473 1833 ut
494 1773 674 1834 fortissimus
695 1772 856 1834 fortissime
879 1774 1076 1835 fortissimum
1100 1771 1269 1853 etreliqua.
1307 1773 1421 1836 Horum

81 1897 105 1937 ιι
119 1873 283 1937 masculina
312 1881 343 1935 et
368 1869 474 1936 neutra'
500 1873 649 1935 secundae
679 1873 885 1936 declinationis
913 1883 995 1946 sunt,
1034 1875 1175 1937 feminina
1204 1893 1277 1936 uero
1305 1879 1421 1954 primae

117 1976 338 2039 declinationis.

206 2079 309 2140 Tertia
332 2077 492 2139 declinatio
515 2085 586 2159 qrrot
609 2077 721 2141 litteras
743 2078 834 2140 babet
855 2078 1026 2142 terminales
1050 2086 1079 2140 et
1101 2086 1174 2160 quot
1196 2082 1422 2143 terminationes

119 2189 149 2242 et
180 2188 254 2258 quot
280 2197 390 2259 genera
419 2181 450 2241 in
479 2199 537 2241 una
567 2198 684 2262 quaque
713 2183 920 2244 terminatione
948 2183 1147 2252 continentur,
1177 2181 1422 2260 interrogandum

118 2289 176 2344 est
206 2283 307 2344 Tertia
332 2281 490 2344 declinatio
513 2283 652 2345 undecim
674 2285 782 2346 litteris
803 2286 990 2353 terminatur,
1015 2283 1093 2346 idest
1115 2281 1270 2346 uocalibus
1285 2291 1423 2363 quattuor

82 2387 231 2448 maeio
254 2391 285 2446 ct
306 2387 438 2465 quinque
460 2383 690 2448 somiuocalibus
713 2385 721 2446 l
743 2404 759 2446 r
781 2405 833 2448 ns
854 2406 873 2448 x
896 2393 926 2448 et
947 2388 1037 2447 mutis
1059 2384 1174 2448 duabus
1196 2407 1212 2448 c
1235 2394 1265 2447 et
1286 2393 1312 2455 t;
1337 2404 1367 2457 a,
1391 2393 1424 2447 ut

118 2487 246 2566 dogma;
276 2504 307 2557 e,
336 2495 370 2548 ut
398 2486 522 2556 monile;
550 2489 576 2557 i,
605 2495 638 2549 ut
660 2487 739 2566 irngi
760 2485 861 2556 nibili;
890 2507 922 2558 o,
946 2495 979 2549 nt
1006 2489 1108 2567 uirgo;
1140 2487 1164 2557 l,
1188 2496 1221 2548 ut
1242 2485 1301 2556 sol;
1331 2505 1366 2558 n,
1390 2496 1424 2550 ut

118 2607 247 2658 nomem
270 2608 294 2659 r,
319 2596 353 2650 ut
373 2597 490 2660 orator;
514 2607 542 2662 s,
566 2595 599 2650 ut
620 2590 738 2656 ciuitas:
762 2608 797 2660 x,
819 2596 852 2650 nt
874 2589 924 2652 bic
947 2596 976 2651 et
997 2590 1072 2652 haec
1093 2596 1123 2651 et
1145 2589 1201 2650 boc
1225 2589 1313 2659 lelix;
1335 2608 1366 2666 c,
1391 2597 1424 2650 ut

119 2691 183 2760 lac;
212 2698 239 2760 t,
262 2697 296 2751 ut
317 2697 416 2771 caput.
461 2690 539 2762 Quot
560 2693 788 2753 terminationes
810 2690 903 2753 babet
926 2692 1010 2753 tertia
1034 2689 1208 2753 declinatio?
1252 2691 1421 2752 Secundum

119 2792 312 2856 Claudium
339 2793 527 2873 septuaginta
550 2811 616 2864 sex,
645 2792 808 2854 secundum
832 2801 930 2854 autem
954 2793 1173 2855 Flauianum
1203 2794 1420 2871 quinquaginta

82 2915 106 2955 as
119 2895 198 2957 duae
222 2896 444 2958 terminationes
466 2903 545 2958 sunt.
576 2895 653 2966 Ouid
675 2895 813 2976 praebuit
834 2897 922 2957 istam
944 2894 1158 2956 differentiam?
1187 2876 1250 2956 Hoc
1272 2901 1317 2957 est
1338 2894 1421 2957 Fla·

119 2999 258 3060 uianus
285 3005 420 3059 naturam
444 2999 574 3078 aspexit,
603 2982 779 3060 Claudius
806 3015 880 3059 uero
907 2998 976 3059 ideo
1000 2997 1223 3060 terminationes
1244 2997 1347 3079 plures
1369 3016 1423 3078 po·

119 3101 197 3169 snit,
221 3101 290 3180 quia
312 3097 391 3161 aliud
416 3107 460 3162 est
482 3100 559 3179 apud
583 3118 668 3170 enm,
697 3099 815 3180 quando
837 3097 943 3179 longae
965 3109 1035 3161 sunt
1056 3098 1123 3161 illae
1147 3097 1371 3168 terminationes
1394 3109 1424 3162 et

120 3200 242 3280 quando
265 3200 383 3263 breues.
428 3199 648 3280 Quinquaginta
670 3209 769 3262 autem
792 3201 868 3263 dirae
891 3204 1117 3264 terminationes
1144 3202 1308 3264 secundum
1337 3201 1421 3264 Fla-

120 3306 273 3366 nianum
295 3303 351 3365 bae
374 3310 458 3365 sunt:
482 3321 498 3364 a
521 3321 537 3363 e
559 3305 570 3363 i
592 3324 619 3374 o,
642 3302 671 3364 al
694 3302 720 3364 el
743 3302 763 3363 il
786 3303 815 3365 ol
837 3302 883 3374 ul,
907 3322 944 3365 an
967 3322 1003 3366 en
1026 3305 1057 3366 in
1079 3323 1133 3376 on,
1157 3322 1191 3366 ar
1214 3323 1246 3366 er
1268 3305 1295 3364 ir
1317 3322 1351 3365 or
1375 3322 1421 3374 ur,

2 3479 3 3486 ἵ
82 3423 153 3469 acas
178 3407 258 3468 esis
280 3423 386 3475 osus,
415 3422 451 3466 ar
474 3422 510 3465 er
532 3406 561 3466 ix
584 3424 621 3466 ox
644 3424 696 3476 ux,
725 3423 760 3467 ac
782 3423 832 3477 ec,
855 3424 905 3467 aes
927 3408 1060 3476 austrie,
1089 3406 1133 3468 als
1156 3404 1202 3468 alx
1225 3424 1277 3467 ans
1299 3423 1348 3467 ars
1370 3405 1424 3468 abs

2 3497 3 3502 ¹
121 3525 175 3570 arx
199 3507 245 3568 uls
273 3525 330 3569 anx
358 3524 425 3570 unx
452 3525 504 3568 ens
532 3503 585 3568 ebs
614 3525 667 3587 eps
695 3525 743 3569 ers
771 3525 854 3589 emps
881 3512 945 3589 irps
971 3510 1017 3588 ips
1045 3507 1098 3590 ybs
1126 3526 1180 3569 ons
1208 3526 1264 3568 uns
1292 3525 1346 3588 ops
1373 3528 1423 3571 ors

120 3609 197 3672 urbs
219 3608 287 3681 ubs,
310 3609 402 3680 inid,
425 3610 456 3670 in
480 3610 513 3679 it,
537 3609 567 3669 in
589 3615 631 3679 ut,
653 3609 685 3669 in
708 3627 769 3679 arn,
792 3611 823 3670 in
846 3617 890 3682 et,
912 3611 944 3672 in
967 3610 1020 3682 ud,
1045 3613 1077 3671 in
1100 3611 1150 3670 im.
1195 3606 1355 3672 Sciendum
1379 3619 1425 3696 est

121 3721 238 3781 autem,
268 3711 347 3790 quod
376 3710 467 3773 multa
495 3712 615 3772 nomina
643 3712 851 3784 inueniuntur,
880 3730 1008 3790 quorum
1036 3712 1236 3774 nominatiuus
1264 3711 1423 3792 singularis

191 3865 321 3914 diutinus
372 3864 552 3915 declinationis
638 3865 725 3914 tlnon
745 3865 836 3915 addidi
905 3867 937 3916 10
957 3865 1132 3916 desinentibus
1202 3865 1289 3932 pulcra
1306 3865 1423 3931 pulcrum

122 3935 155 3983 15
174 3931 495 3983 seeundadeelinationum
549 3930 720 3995 liqnod‚dia
772 3934 804 3984 18
821 3941 987 3983 contenentur
1040 3933 1177 3984 relitteres
1210 3933 1280 3984 idem
1291 3933 1422 3984 uocalibns

120 4005 152 4052 21
173 4001 271 4050 munile
355 4003 389 4052 23
407 4010 494 4050 oretur
561 4015 579 4049 x
598 4010 626 4049 ut
643 4000 735 4050 ciuitas
754 4000 795 4049 laic
813 4011 837 4050 et
855 4000 904 4051 lroc
921 4013 945 4052 et
963 4001 1026 4052 haee
1043 4000 1105 4051 lelix
1173 4004 1207 4052 25
1227 4001 1320 4052 liauins
1389 4004 1423 4054 28

121 4069 236 4120 secunde
304 4070 337 4119 29
357 4081 371 4118 o
390 4084 406 4118 ιι
424 4069 447 4117 al
516 4067 619 4120 costes
700 4069 731 4118 31
750 4083 812 4117 eros
830 4068 868 4118 als
887 4085 938 4119 anx
957 4086 1002 4118 ens
1071 4070 1127 4135 epis
1197 4051 1237 4136 ifss
1256 4071 1296 4135 ips
1315 4071 1356 4135 ips
1376 4085 1423 4120 ons

122 4153 172 4205 ops
192 4152 236 4187 ors
255 4135 302 4186 ubs
322 4152 370 4187 uns
439 4138 471 4188 32
490 4137 515 4186 ln
535 4133 580 4200 im]
600 4137 626 4185 in
646 4150 696 4186 um.
725 4136 760 4187 In
778 4138 934 4189 emendanda
952 4139 1106 4202 syllabarum
1124 4137 1289 4189 terminalium
1306 4141 1424 4202 catalogo

119 4209 279 4272 sequentium
296 4207 468 4269 eaemptorum
485 4205 599 4255 ordinem
616 4221 648 4254 ae
664 4205 789 4255 rationem
806 4207 922 4270 respexi.
959 4205 1024 4257 Sunt
1041 4213 1123 4256 mrtem
1142 4208 1331 4256 terminationes
1348 4209 1423 4256 multo

121 4279 219 4340 plures,
238 4289 313 4340 quam
330 4280 390 4340 quot
407 4288 435 4324 se
453 4279 654 4322 enumeraturum
671 4287 728 4323 esre
745 4279 837 4324 auctor
851 4275 988 4338 professus
1010 4280 1080 4332 erat,
1107 4275 1156 4324 sed
1181 4289 1245 4340 quas
1269 4275 1424 4338 potissimum

121 4342 282 4394 intellexerit
299 4341 439 4392 dimatanue
455 4342 520 4404 ipse,
539 4341 646 4405 difficile
664 4348 703 4391 est
720 4343 867 4392 diiudicata.
893 4344 974 4407 Apud
991 4342 1132 4393 Charisiano
1149 4344 1248 4408 quidem
1264 4341 1329 4393 naec
1345 4342 1425 4393 babes

121 4417 148 4476 ρ’.
164 4413 208 4473 25,
223 4413 254 4458 1:
277 4407 415 4459 efferuntur
432 4421 519 4459 nutem
538 4410 627 4459 ordine
645 4408 784 4458 litterarum
803 4409 854 4473 sic,
873 4425 920 4475 per
937 4425 951 4459 a
969 4409 992 4459 al
1011 4424 1042 4459 sn
1061 4425 1107 4458 ans
1127 4424 1155 4458 ar
1173 4426 1214 4460 ars
1233 4425 1261 4460 as
1280 4425 1326 4470 ax,
1345 4425 1393 4476 per
1411 4425 1424 4459 e

121 4479 143 4528 el
163 4494 195 4528 en
214 4493 260 4527 ens
280 4493 307 4527 er
324 4491 351 4526 es
369 4487 521 4543 correptam,
540 4493 568 4527 es
586 4476 750 4542 productam,
769 4479 828 4528 item
847 4493 893 4538 ex,
913 4493 958 4544 per
976 4478 992 4527 il
1010 4478 1036 4527 in
1054 4478 1076 4528 is
1096 4479 1134 4541 ix,
1153 4493 1199 4544 per
1217 4493 1231 4528 o
1251 4477 1275 4528 cl
1295 4493 1327 4528 on
1346 4493 1375 4528 or
1394 4494 1423 4529 os

122 4561 171 4606 ox,
191 4543 276 4612 perui
295 4561 325 4595 nr
337 4560 367 4594 us
380 4547 421 4595 uls
434 4555 462 4595 ut
475 4561 518 4596 arx.
543 4545 604 4594 Item
619 4546 784 4610 nominatiui,
803 4546 846 4608 qui
863 4546 888 4595 ln
901 4547 966 4597 duas
978 4555 1150 4596 consonantes
1163 4547 1337 4610 terminantur,
1355 4546 1426 4597 uelut

121 4614 190 4664 blare
203 4614 308 4672 Martis,
321 4613 380 4664 lanx
394 4613 483 4677 laneis,
493 4615 627 4679 municeps
635 4613 782 4679 municipis,
794 4613 931 4680 neglegens
942 4613 1101 4681 neglegentis
1111 4614 1193 4665 hiems
1203 4614 1304 4665 hiemis.
1324 4614 1427 4666 Claudii

122 4698 184 4734 uero
197 4683 351 4733 Sacerdotis
362 4683 433 4732 toanis
441 4699 495 4742 ,non
508 4688 581 4732 erotat
593 4683 620 4732 in
631 4683 742 4734 editione
756 4682 948 4735 Vindobonenei
955 4721 962 4750 ‚
980 4699 1045 4751 quae
1057 4685 1166 4734 mutilum
1177 4683 1266 4734 libram
1276 4689 1365 4734 suada
1377 4689 1424 4734 est.

123 4753 155 4804 33
173 4750 280 4802 nomine
297 4749 326 4799 hi
344 4759 459 4800 ostenent
476 4751 651 4803 nominatiuus
