3420 5450
316 367 399 416 xcv1
668 349 1250 404 Prrmarsrrrmsr1orrxomsrrr.
1332 313 1334 316 ’

313 545 484 602 commeatis
506 541 677 616 Serpianis,
702 540 745 614 cf.
763 558 799 619 p.
825 547 896 615 498,
920 547 974 610 23,·
1003 548 1071 620 502,
1098 546 1147 611 195
1172 546 1247 609 515,
1271 545 1322 606 30,
1347 539 1403 598 atii
1422 556 1483 600 nom
1503 541 1604 614 parmi
1698 539 1699 558 ¹

315 647 443 719 denique
465 647 593 705 omnium
616 645 712 704 instar
727 644 886 705 dositheus
901 643 1047 718 Mapister
1068 644 1192 718 linquae
1213 643 1342 703 Latinae
1358 641 1607 713 Olleridorfiorum

315 763 398 806 more
420 746 463 805 ad
483 761 566 806 usum
590 747 671 806 uitae
692 746 856 806 communis
883 744 994 820 raptim
1017 746 1180 806 discendae
1201 747 1354 804 institutor
1375 745 1607 819 antiquissimus.
1698 745 1699 812 i

398 848 507 908 Libetti
526 847 659 923 scriptor
680 849 809 908 atteram
830 862 947 923 quoque
961 846 1075 908 Donati
1088 854 1183 907 artem
1203 847 1281 907 idest
1294 849 1439 906 maiorem
1453 846 1610 920 explicare

314 953 346 1011 im
364 951 464 1010 animo
485 947 606 1024 habuit,
630 949 674 1023 cs.
692 967 728 1026 p.
747 956 815 1023 146,
832 955 849 1006 2
871 945 916 1008 ‘im
938 949 1073 1008 seeundo
1094 956 1162 1009 arte
1182 948 1359 1018 uidebitur’,·
1383 955 1452 1022 146,
1473 953 1510 1006 13
1531 949 1609 1007 ‘mam

273 1123 275 1134 Ι
313 1053 344 1111 im
366 1054 465 1112 altera
486 1059 554 1111 erte
576 1052 715 1113 dicturus
736 1052 831 1120 sum',·
856 1057 924 1128 147,
948 1057 987 1108 32
1008 1051 1051 1110 ‘im
1073 1051 1207 1110 secunda
1230 1057 1298 1111 orte
1319 1051 1528 1112 tractabitur’.
1698 1045 1699 1064 i

921 1584 1000 1665 v.

515 1747 682 1832 essm
705 1744 1076 1830 GRAMMATICI
1097 1683 1405 1830 ricomere.

898 2085 980 2152 oro.
1003 2086 1031 2150 Ι.

666 2203 725 2269 DE
753 2203 893 2270 LIBRIS
922 2202 1253 2270 MANVSORIPTIS.

398 2346 484 2406 Petri
495 2347 690 2421 prammatici
703 2351 851 2421 excerpta
866 2347 957 2407 trium
972 2346 1110 2406 codicum
1120 2351 1363 2421 peruetustorum
1379 2349 1497 2414 auxilio
1511 2348 1615 2407 adiuti

313 2449 461 2509 edidimus
482 2447 571 2521 Aac,
596 2463 723 2522 auorum
745 2464 836 2508 unum
859 2448 1064 2509 tantummodo
1085 2432 1153 2508 cod.
1178 2447 1271 2507 Berm.
1297 2445 1423 2523 522(B)
1447 2448 1534 2510 Petri
1554 2465 1611 2510 au-

313 2552 408 2612 ctoris
429 2565 536 2611 momen
557 2565 620 2609 uma
642 2565 709 2610 cum
730 2551 866 2610 carmine
881 2549 1070 2611 dedicatorio
1084 2565 1223 2610 seruasse
1244 2565 1338 2625 supra
1354 2551 1517 2625 docuimus,
1542 2567 1613 2611 eran

313 2654 350 2712 dc
365 2654 430 2712 eius
443 2653 515 2712 iibri
528 2657 706 2727 arpumeuto
720 2653 882 2728 multiplici
895 2653 1058 2727 apetamus
1076 2668 1109 2727 p.
1123 2651 1220 2714 XXX
1227 2651 1306 2711 VIII
1312 2650 1345 2725 *i
1353 2670 1365 2721 ;
1388 2654 1440 2727 qui
1452 2660 1569 2713 restant
1585 2653 1613 2711 Α

313 2762 342 2814 et
365 2755 398 2830 C,
423 2771 484 2815 uno
505 2755 667 2829 eodemque
688 2755 803 2815 codicis
825 2754 919 2814 Beru.
945 2761 1002 2813 207
1024 2755 1173 2815 uolumine
1195 2754 1238 2813 ita
1260 2755 1462 2824 eontinentur,
1486 2761 1519 2814 ut
1542 2757 1613 2830 ipsa

313 2857 398 2916 Petri
423 2853 564 2928 aeroas.
590 2861 666 2915 148⁰
686 2854 774 2927 -s.
801 2861 875 2915 168⁶
895 2857 1051 2932 tepenter,
1077 2854 1106 2928 f.
1133 2861 1205 2913 112⁶
1224 2889 1266 2898 -
1288 2853 1318 2926 f.
1346 2862 1419 2914 127⁶
1446 2872 1519 2916 uero
1545 2857 1613 2915 alie

313 2959 464 3019 debeatur
486 2973 539 3018 ars
560 2960 669 3018 ceteris
691 2959 810 3033 quidem
826 2958 1004 3033 partiousa
1019 2957 1108 3017 Petro
1129 2959 1203 3017 satis
1217 2959 1350 3032 diuersa,
1375 2959 1491 3034 aliquot
1510 2966 1613 3018 autem

313 3059 405 3138 locis,
426 3061 607 3135 praesertim
629 3061 661 3119 im
683 3061 824 3120 aduerbii
843 3061 1049 3120 coniunctiori
1064 3061 1297 3134 praepositionis
1315 3062 1509 3135 expositione,
1531 3061 1612 3120 adeo
1698 3077 1699 3090 ¹

314 3163 360 3222 iiii
373 3162 543 3236 consimilis,
561 3153 597 3220 ut¹
607 3177 644 3220 me
659 3178 721 3222 uma
736 3163 853 3236 quidem
867 3163 1015 3222 sententia
1028 3167 1146 3221 mutato
1159 3162 1213 3234 sit,
1230 3161 1274 3234 cs.
1285 3179 1319 3238 p.
1335 3161 1459 3222 XXIX.
1499 3161 1611 3233 Quam·

314 3263 413 3323 obrem
429 3265 461 3322 im
476 3267 615 3322 extrema
630 3272 843 3339 excerptorum
853 3269 948 3339 perte
962 3263 1042 3323 darec
1058 3249 1175 3338 quopue
1202 3270 1297 3323 artem
1320 3279 1500 3338 anonymam
1521 3267 1615 3340 quasi

312 3367 432 3426 tertium
454 3365 529 3424 libri
547 3363 729 3425 emendandi
750 3363 868 3437 sontem
896 3365 1099 3425 partiendam
1127 3371 1213 3426 ratus
1235 3365 1259 3425 C
1278 3368 1380 3426 littera
1407 3368 1515 3427 notaui
1522 3411 1532 3446 ,
1562 3365 1610 3439 cf.
1698 3391 1699 3444 p

311 3485 343 3543 p.
370 3473 437 3539 too,
464 3472 564 3525 22-
582 3483 617 3541 p.
635 3473 702 3546 rto,
722 3472 765 3526 to.
810 3468 916 3527 Altera
938 3471 1036 3526 autem
1058 3483 1119 3540 ars,
1143 3483 1233 3542 auam
1254 3469 1322 3529 cod.
1345 3473 1402 3527 207
1418 3467 1449 3540 s.
1475 3473 1552 3526 148⁶
1569 3501 1611 3510 -
1698 3469 1699 3488 ¹

309 3567 340 3642 s.
366 3574 441 3627 162αι
462 3568 570 3643 dates,
600 3584 778 3644 quamquem
800 3569 887 3629 Petri
911 3585 1018 3629 nomem
1046 3584 1141 3643 meque
1169 3571 1201 3628 im
1228 3570 1315 3630 initio
1339 3571 1439 3645 operis
1460 3586 1556 3644 neque
1577 3573 1612 3628 iu
1698 3585 1699 3628 3

310 3672 372 3743 fine
393 3671 515 3745 lepitur,
541 3677 640 3730 tamen
663 3671 698 3730 ob
721 3671 801 3730 hauc
823 3687 939 3746 quoque
961 3672 1108 3731 rationem
1131 3670 1223 3732 Petro
1242 3673 1443 3746 prammatico
1466 3673 1532 3732 iure
1555 3672 1612 3730 tri-

312 3771 423 3846 buitur,
448 3772 538 3848 quod,
563 3773 617 3847 qui
636 3777 729 3832 totum
744 3775 877 3834 codicem
894 3776 1090 3850 perscripsit,
1113 3775 1144 3833 im
1158 3774 1319 3834 uoluminis
1329 3774 1500 3849 protocolto
1515 3774 1613 3848 ipsius
1698 3781 1699 3856 ᾗ

313 3875 400 3934 Petri
418 3889 524 3934 nomem
546 3877 799 3936 commemorauit.
836 3873 900 3934 Sed
920 3877 1027 3935 desunt
1048 3877 1079 3935 im
1102 3875 1128 3934 Α
1150 3881 1179 3934 et
1201 3891 1307 3936 uersus
1321 3875 1505 3936 dedicatorii
1523 3875 1611 3934 etde
1698 3861 1699 3936 i

312 3977 421 4036 titteris
442 3982 600 4050 tractatus,
625 3982 668 4052 ut,
691 3978 829 4052 quamuis
850 3993 956 4036 uersis
977 3978 1057 4051 ipsos
1079 3977 1204 4036 aPetro
1219 3979 1339 4038 illorum
1361 3983 1526 4053 temporum
1548 3993 1612 4036 mo·
1698 4035 1699 4046 ,

312 4094 376 4138 rem
398 4083 537 4152 sequente
558 4079 688 4154 scriptos
709 4094 773 4138 esse
794 4079 904 4150 mepari
925 4083 1064 4157 nequeat,
1088 4079 1173 4137 iilam
1189 4095 1305 4154 quoquc
1324 4085 1454 4155 portem,
1477 4079 1613 4164 quocde
1698 4115 1699 4138 s

309 4181 422 4240 titteris
442 4195 481 4240 ac
503 4179 542 4239 de
562 4195 636 4239 uoce
656 4181 823 4254 praemissa
845 4185 888 4238 est
909 4180 940 4237 im
962 4180 1031 4238 cod.
1056 4186 1115 4236 522
1133 4177 1161 4252 s.
1188 4175 1219 4236 1⁶
1237 4213 1274 4224 —
1291 4176 1326 4238 3⁶
1348 4197 1419 4242 mum
1445 4179 1535 4240 Petro
1558 4181 1611 4239 de·
1698 4237 1699 4240 ,

313 4283 435 4341 beamus
456 4283 595 4358 tribuere,
619 4282 757 4342 dubitari
770 4281 877 4357 possit.
922 4278 985 4339 Sed
1005 4296 1072 4341 cum
1093 4287 1213 4357 pateat,
1236 4282 1359 4342 Petrum
1382 4299 1440 4342 moa
1464 4289 1526 4341 tam
1551 4282 1611 4342 Do·
1698 4287 1699 4290 ’

313 4385 380 4443 nati
400 4390 659 4444 commentatorem
678 4381 777 4456 fuisse
798 4399 888 4457 auam
910 4384 1006 4442 iustae
1028 4384 1104 4442 artis
1123 4385 1345 4456 prammoticee
1366 4387 1559 4459 scriptam
1589 4401 1611 4442 α

313 4486 420 4546 litteris
441 4502 506 4546 eum
528 4487 687 4546 exordium
709 4487 822 4562 cepisse
843 4485 998 4546 scribendi
1022 4485 1091 4544 cert
1116 4486 1206 4546 multo
1227 4493 1271 4545 est
1293 4487 1435 4561 similius,
1466 4502 1556 4560 quam
1584 4487 1616 4546 si
1698 4507 1699 4518 ³

314 4589 412 4647 statim
440 4586 483 4645 ad
510 4589 654 4648 orationis
680 4587 742 4648 uim
769 4587 985 4662 explicandam
1012 4602 1078 4646 eum
1106 4590 1267 4648 accessisse
1293 4595 1419 4649 statuas.
1472 4589 1612 4658 Accedit,

385 4768 413 4835 ¹³)
434 4772 529 4820 Horum
547 4785 666 4822 uersuum
687 4783 743 4823 octo
762 4773 860 4838 priores
879 4771 911 4821 ad
930 4770 987 4820 libri
1004 4770 1079 4821 finem
1103 4773 1258 4837 pertinuisse
1281 4773 1410 4836 uidentur,
1432 4772 1523 4837 reliqui
1547 4789 1612 4826 uero

314 4838 424 4891 fortasse
442 4840 466 4889 in
487 4841 541 4889 libri
561 4839 645 4890 fronte
664 4840 722 4890 oiim
742 4840 857 4890 coiiocoti
875 4839 989 4901 inerunt,
1008 4839 1040 4889 ci.
1059 4855 1138 4906 supra
1156 4841 1172 4893 Ι.
1191 4840 1207 4894 Ι.
