3400 5450
278 310 321 375 90
788 311 856 363 aas
875 311 1050 362 0000100

279 503 399 562 nomina
415 501 529 580 primae
546 499 754 561 declinationis
769 497 931 561 masculina
954 505 984 560 et
999 499 1141 561 feminina
1162 501 1193 560 in
1210 519 1225 560 a
1242 497 1417 570 desinentia,
1441 507 1473 560 ut
1488 507 1578 578 poeta

278 612 384 682 poetae
413 609 546 681 poetam,
574 604 618 663 sic
640 603 749 662 iustitia
778 601 1073 664 iustitiaeiustitiant
1097 601 1273 680 etreliqua.
1318 599 1381 662 Alia
1406 606 1577 681 tetraptota,

278 703 376 784 qualia
405 712 474 765 sunt
496 705 594 765 omnia
621 706 652 765 in
675 723 691 765 r
713 703 876 765 desinentia
906 697 1055 765 secundae
1078 702 1297 774 declinationis,
1326 711 1360 765 ut
1385 721 1462 782 puer
1489 703 1578 782 pueri

277 824 373 885 puero
395 823 531 884 puerum,
555 815 584 866 et
606 807 703 868 omnia
728 813 832 866 neutra
855 807 885 866 in
908 824 944 866 en
968 804 1132 866 desinentia
1161 809 1268 867 tertiae
1291 805 1512 872 declinationis,
1544 813 1578 865 ut

278 925 386 968 nornen
409 908 537 968 nominis
560 910 672 970 nomini
694 909 824 978 nomine,
842 915 872 968 et
886 908 1007 969 nomina
1029 915 1154 987 quartae
1176 914 1207 968 et
1229 909 1346 987 quintae
1370 905 1603 968 declinationiss

279 1015 438 1088 tetraptota
460 1016 538 1084 sunt,
562 1015 594 1070 ut
615 1027 721 1072 manus
742 1011 842 1072 manui
865 1027 984 1070 manum
1008 1027 1111 1078 manu;
1135 1011 1180 1070 sic
1202 1009 1268 1072 dies
1290 1009 1351 1070 diei
1373 1009 1451 1070 diem
1474 1008 1523 1072 die
1545 1019 1577 1069 et

278 1111 400 1190 reliqua.
431 1109 689 1192 stupentque,
706 1112 803 1190 qualia
820 1120 889 1173 sunt
904 1112 1002 1173 omnia
1019 1110 1181 1172 masculina
1204 1109 1251 1172 uel
1267 1112 1411 1172 feminina
1426 1110 1576 1172 secandae

278 1213 484 1275 declinationis
499 1215 528 1274 iu
546 1233 581 1274 us
605 1214 802 1284 terminantia,
826 1219 859 1273 ut
880 1211 983 1274 doctus
1006 1212 1084 1274 docti
1107 1213 1194 1274 docto
1217 1213 1336 1275 doctum
1359 1213 1456 1283 docte,
1480 1211 1576 1290 Virgi·
1642 1275 1645 1278 .

276 1314 334 1376 lius
356 1315 469 1392 Virgilii
492 1314 613 1394 Virgilio
637 1313 792 1394 Virgilium
810 1314 921 1393 Virgili,
946 1324 975 1375 et
997 1314 1115 1375 nomina
1140 1316 1244 1377 tertiae
1268 1315 1475 1376 declinationis
1497 1333 1576 1376 mas-

278 1417 376 1478 culina
404 1416 452 1478 uel
482 1417 622 1478 feminina
649 1423 821 1497 pentaptota
850 1423 933 1486 sunt,
962 1417 1019 1477 nisi
1040 1423 1161 1486 neutra,
1191 1435 1266 1495 quae
1287 1419 1410 1496 triptota
1434 1426 1505 1478 sunt
1526 1415 1576 1478 uel
1592 1433 1615 1472 ιο

277 1526 443 1599 tetraptota.
489 1518 651 1599 llcxaptota
673 1527 755 1589 sunt,
787 1537 862 1598 quae
885 1536 936 1580 sex
959 1518 1094 1579 diuersos
1115 1537 1202 1579 casus
1224 1517 1347 1594 babent,
1379 1519 1477 1598 qualia
1505 1525 1581 1580 stant

278 1619 440 1682 masculina
462 1621 493 1682 in
510 1639 544 1681 us
566 1621 741 1690 desinentia,
765 1637 840 1698 qnae
856 1621 1021 1682 secundum
1044 1618 1270 1681 declinationem
1294 1602 1480 1698 quorundam
1503 1639 1576 1699 pro·

277 1725 428 1785 nominum
456 1724 487 1783 in
510 1724 557 1784 ius
585 1722 712 1784 efferunt
734 1722 920 1800 genetiuum:
950 1740 1027 1783 unus
1055 1724 1144 1783 unius
1171 1721 1221 1783 uni
1243 1741 1335 1783 unum
1364 1741 1422 1782 uue
1445 1721 1481 1784 ab
1503 1741 1577 1784 uno.

276 1823 445 1886 Plautus:
470 1824 623 1885 Oamice
648 1843 689 1886 ex
712 1825 838 1885 multis
860 1823 949 1884 mibi
971 1842 1041 1885 une
1062 1824 1249 1904 Cephalio.
1280 1823 1444 1886 Ticidae:
1468 1822 1577 1884 l‘elix

277 1924 415 1988 lectule
442 1924 583 1987 talibus
606 1926 683 1988 sole
706 1925 895 1988 amoribus
910 1969 1019 1987 .....
1036 1924 1278 2004 utbicluppiter
1300 1923 1388 1987 liuius
1404 1924 1481 1987 louis
1502 1924 1576 1985 huic
1592 1941 1615 1980 n

276 2029 339 2090 loui
362 2029 442 2089 buno
464 2027 566 2089 loueru
589 2047 606 2088 o
629 2028 761 2109 luppiter
784 2027 820 2089 ab
841 2031 899 2089 boc
914 2027 994 2088 loue.
1038 2027 1110 2088 ltem
1127 2026 1175 2088 bic
1191 2027 1339 2108 Diespiter
1354 2025 1444 2087 liuius
1461 2025 1578 2088 Diiouis

276 2139 307 2191 et
335 2128 466 2207 reliqua;
496 2130 540 2190 sic
567 2129 641 2190 baec
668 2129 816 2199 Minerua,
846 2129 934 2190 buius
956 2127 1098 2199 Palladis:
1126 2129 1175 2190 hic
1202 2127 1306 2209 Apollo
1334 2129 1434 2196 itatius¹
1451 2125 1577 2189 Phoebi.

276 2233 410 2311 'friptota
434 2232 553 2292 nomina
576 2230 652 2292 dicta
676 2250 726 2302 eo,
756 2231 834 2312 quod
862 2233 892 2291 in
916 2229 1011 2292 tribus
1040 2229 1159 2293 casibus
1181 2232 1392 2301 inueniuntur,
1421 2237 1520 2291 otest
1545 2231 1577 2290 in

275 2332 414 2395 omnibus
441 2333 555 2394 neutris
584 2331 754 2394 nominibus
789 2351 846 2419 um,
874 2333 1052 2403 terminatis,
1089 2340 1122 2393 ut
1148 2332 1291 2412 templum
1325 2330 1428 2411 templi
1463 2329 1577 2411 templo

277 2435 417 2514 templum
434 2453 451 2496 a
467 2434 585 2514 templo.
617 2434 672 2495 llic
688 2437 768 2496 enim
785 2441 846 2496 tres
862 2443 930 2495 sunt
951 2435 1182 2504 terminationes,
1207 2433 1346 2496 uidelicet
1368 2437 1398 2495 in
1421 2453 1482 2502 um,
1506 2435 1538 2495 in
1555 2435 1575 2502 i,
1590 2451 1615 2490 so

275 2541 305 2598 in
329 2557 357 2598 0.
395 2537 567 2616 Tetraptota
582 2539 702 2598 uomina
723 2535 791 2598 ideo
806 2536 955 2605 dicuntur,
980 2536 1108 2615 eoquod
1131 2539 1162 2596 io
1185 2544 1324 2617 quattuor
1346 2535 1464 2598 casibus
1483 2535 1577 2597 decli-

276 2648 393 2711 nantur,
407 2639 464 2700 boc
479 2644 524 2700 est
540 2627 679 2719 quattuor
695 2637 953 2700 terminationibus
966 2639 997 2700 in
1014 2639 1223 2709 0011110101,
1237 2639 1268 2699 in
1282 2658 1307 2708 e,
1321 2645 1354 2699 ut
1364 2637 1421 2699 hoc
1436 2638 1575 2716 fragmen

274 2743 429 2821 fragminis
452 2742 591 2820 fragmini
613 2740 746 2820 fragmen
763 2758 779 2800 a
796 2739 951 2820 fragmine.
995 2739 1170 2821 Pentaptota
1191 2741 1311 2802 nomina
1333 2739 1400 2800 ideo
1423 2739 1575 2810 dicuntur,

275 2863 311 2904 eo
329 2843 407 2921 qnod
422 2845 452 2904 in
468 2844 600 2923 quinque
616 2843 742 2914 casibus,
766 2841 823 2903 boc
840 2849 883 2904 est
898 2841 1156 2904 terminationibus
1171 2843 1333 2913 uariantur,
1349 2841 1406 2903 boc
1421 2843 1513 2904 estin
1530 2861 1575 2912 us,

274 2947 305 3007 iu
320 2947 340 3019 i,
362 2947 393 3005 in
409 2963 436 3013 o,
459 2945 490 3005 in
513 2963 573 3015 um,
596 2947 626 3004 io
650 2966 677 3015 e,
700 2952 732 3006 ut
754 2944 859 3006 doctus
879 2945 958 3006 docti
980 2945 1067 3006 docto
1089 2943 1209 3006 doctum
1233 2942 1319 3005 docte
1341 2963 1356 3005 a
1380 2944 1477 3005 docto.
1516 2945 1574 3006 lle·
1588 2961 1612 2999 2⁵
1698 3003 1699 3016 .

276 3054 392 3126 raptota
415 3047 533 3108 nomina
549 3046 627 3107 dicta
649 3064 696 3118 ro,
719 3047 798 3128 quotl
813 3064 936 3126 persea
952 3065 1051 3117 casus,
1075 3045 1132 3107 boc
1149 3053 1194 3108 est
1212 3063 1266 3124 per
1282 3064 1333 3106 ser
1350 3047 1576 3108 terminationes

133 3169 136 3174 ·
168 3225 170 3230 ,
276 3148 437 3209 uarietates
453 3145 577 3218 babent,
601 3148 679 3210 idest
700 3150 730 3210 in
756 3167 799 3216 us.
823 3149 853 3210 in
869 3150 924 3220 ius,
941 3151 971 3209 in
987 3151 1007 3218 i,
1023 3149 1053 3208 in
1068 3167 1128 3217 um,
1145 3151 1176 3210 in
1193 3166 1217 3219 e,
1235 3150 1265 3208 in
1282 3168 1307 3219 o,
1331 3156 1362 3209 ut
1387 3165 1465 3208 unus
1487 3149 1577 3209 unius

276 3251 328 3311 uni
350 3267 441 3311 unum
458 3245 469 3330 ΙΙ
486 3248 505 3309 1.
521 3246 584 3312 93¹>
600 3247 611 3332 ΙΙ
629 3269 687 3312 une
709 3250 746 3312 ab
766 3269 834 3320 uno,
858 3253 903 3312 sic
924 3249 1006 3312 solus
1029 3249 1120 3312 solius
1142 3248 1199 3312 soli
1221 3249 1316 3312 solum
1339 3250 1400 3312 sole
1423 3269 1440 3311 a
1463 3248 1538 3312 solo.

360 3349 577 3413 beciioationes
599 3354 751 3414 nominum
779 3360 852 3432 quot
874 3353 960 3413 sunti
996 3352 1142 3432 Quinque.
1187 3352 1286 3423 ortae?
1321 3352 1421 3414 Prima
1442 3351 1575 3413 secunda

276 3456 362 3514 tertia
382 3460 487 3533 quarta
508 3455 621 3533 quinta.
655 3453 727 3514 lnde
750 3455 969 3516 Priscianus
990 3451 1075 3514 dicit:
1101 3453 1227 3516 Omnia
1249 3456 1412 3524 nomina,
1434 3453 1611 3534 quibuso

276 3555 409 3616 Latina
432 3557 553 3616 utitur
569 3555 798 3636 eloquentia,
822 3559 988 3637 quinque
1004 3554 1572 3618 declinationibusflectuntur.

277 3655 522 3734 interrogandum
539 3663 705 3728 astantem,
730 3657 799 3738 quid
815 3657 950 3719 ordinem
975 3666 1004 3718 et
1018 3675 1175 3720 numerum
1192 3656 1442 3719 declinationibus
1458 3655 1572 3718 tribuit.

275 3759 356 3820 ldest
371 3757 499 3828 uocales,
516 3757 594 3820 unde
610 3749 830 3821 Priscianus
854 3758 940 3821 dicit:
966 3777 1061 3838 quae
1085 3759 1254 3822 ordinem
1279 3766 1506 3839 acceperunt
1530 3757 1572 3820 ab

275 3860 406 3922 ordine
428 3858 619 3922 uocalium
642 3863 886 3922 formantium
909 3863 1119 3940 genetiuos.
1155 3861 1226 3922 ldeo
1242 3863 1319 3922 enirn
1336 3863 1466 3940 quinque
1482 3859 1573 3920 decli·

275 3965 411 4024 nationes
432 3971 515 4032 sunt,
545 3963 612 4042 quia
636 3963 768 4044 quinque
790 3971 859 4025 sunt
881 3963 1013 4034 uocales,
1042 3963 1188 4042 aquibus
1216 3963 1351 4024 ordinem
1380 3970 1570 4041 acceperunt,
1584 3977 1608 4015 aa

276 4168 503 4176 -.—..-——-—-

344 4185 459 4249 lprima
527 4183 708 4233 210011010-
722 4184 804 4234 cie-
818 4185 882 4232 ciam
951 4193 1088 4250 tetraptota
1174 4184 1319 4236 3seoundn
1337 4181 1405 4233 decli
1422 4197 1486 4248 puer·
1556 4187 1571 4234 5

274 4264 365 4314 quarte
382 4262 406 4300 et
424 4252 448 4299 in
467 4252 557 4313 quinta
574 4249 642 4300 decli
710 4254 849 4302 Statante
866 4252 956 4302 docttts
975 4269 1023 4303 om.
1093 4253 1200 4303 9tertia
1280 4254 1311 4302 10
1330 4252 1370 4300 uel
1389 4251 1512 4300 feminina
1532 4251 1569 4299 trel

274 4321 396 4369 feminina
467 4321 496 4368 11
516 4330 638 4383 exaptota
689 4319 799 4370 diuersis
818 4335 910 4370 causas
962 4321 1031 4382 quali
1102 4319 1252 4370 13elieruot
1286 4335 1352 4368 unae
1405 4321 1436 4369 14
1454 4313 1593 4384 plautas]'

274 4390 308 4452 rs.
326 4388 411 4440 Prisc.
431 4386 448 4436 1
463 4403 490 4452 p.
510 4390 615 4448 188,26
683 4387 815 4453 caephalio
834 4387 977 4452 Ateigilitas
996 4388 1057 4438 felix
1160 4391 1192 4439 15
1209 4385 1353 4452 amoribus]
1379 4389 1441 4438 Post
1458 4387 1522 4438 tace
1539 4403 1570 4437 ea

273 4457 411 4507 inserenda
427 4461 494 4520 runt,
512 4471 578 4522 quae
595 4457 667 4520 apud
684 4457 844 4507 Priscianum
860 4473 886 4520 p.
907 4458 965 4519 189,
984 4461 1001 4507 5
1017 4460 1149 4521 legaretur:
1167 4454 1232 4505 Sunt
1249 4454 1306 4515 alia,
1326 4470 1434 4517 quoram
1454 4455 1570 4504 nomino·

274 4525 341 4574 tiuus
360 4524 463 4585 quidem
482 4524 507 4582 in
526 4539 576 4573 usu
595 4539 645 4573 0οο
659 4534 705 4582 est,
725 4524 820 4586 obliqui
839 4535 923 4574 utitem
942 4537 1011 4588 sunt,
1031 4536 1057 4574 ut
1075 4525 1144 4574 loiris
1164 4539 1209 4576 etc.
1262 4525 1294 4574 16
1311 4525 1413 4589 iopila,
1432 4523 1470 4573 bie
1521 4523 1570 4572 boc

275 4609 321 4642 om.
357 4592 489 4658 deospites
508 4590 583 4640 buius
602 4592 721 4655 deoginie
774 4594 805 4642 11
824 4591 937 4656 pallaeus
973 4592 1049 4657 plrebi
1101 4595 1134 4643 20
1153 4592 1224 4642 uides
1243 4592 1268 4640 10
1289 4607 1330 4640 um
1387 4595 1419 4642 22
1438 4592 1503 4640 inis
1523 4607 1568 4642 om.

306 4659 471 4711 framenetc.
541 4662 573 4710 24
591 4659 681 4708 hocin
701 4661 740 4709 ius
809 4662 842 4711 25
860 4669 980 4726 exaptota
1048 4661 1194 4710 26casibua
1241 4661 1350 4709 uarietas
1402 4659 1502 4710 28soli
1521 4659 1569 4708 soli

274 4727 358 4777 solum
405 4725 486 4778 asoie
536 4729 569 4777 211
582 4728 652 4790 quod
703 4731 736 4779 30
748 4725 905 4792 Priscianus]
926 4729 965 4779 De
977 4729 1074 4778 nonaine
1090 4730 1239 4793 pronomine
1256 4736 1282 4778 et
1299 4728 1376 4779 cerdo
1392 4744 1420 4793 p.
1431 4726 1567 4792 443,3Κ.

274 4798 306 4847 31
325 4795 396 4846 latiui
464 4799 497 4848 33
514 4793 673 4862 Priscianus]
692 4799 709 4851 l.
728 4799 787 4860 tp.
808 4799 874 4860 tta,
893 4799 910 4846 4
