3390 5444
646 236 858 288 sunnonem.
1256 239 1259 246 ·
1339 238 1400 303 105

105 443 211 487 serum
232 422 335 488 saluus
357 443 430 488 auus
452 423 653 486 nominatiuus
676 431 705 486 et
726 433 835 488 cetera.
872 423 1037 504 Aliquando
1060 445 1080 488 u
1102 434 1171 488 ante
1194 445 1228 488 us
1249 429 1402 489 inuenitur

105 545 159 588 nec
181 525 274 588 altera
298 529 427 598 transiit,
457 534 488 588 ut
510 525 619 590 arduus
642 529 740 589 latuus
761 547 873 592 uacuus
895 529 1041 592 aedituus.
1086 529 1253 608 Aliquando
1281 531 1401 610 partici-

105 630 150 709 pia
173 631 333 708 praeterita
356 638 367 691 t
390 627 437 690 uel
459 647 473 690 s
496 627 546 690 uel
567 648 585 694 x
609 628 746 691 habentia
767 639 835 692 ante
859 650 907 702 us,
931 613 963 692 ut
978 638 1094 693 amatus
1115 631 1213 693 laesus
1232 630 1399 712 amplexum

104 731 260 812 aliquando
281 732 440 811 participia
463 730 561 792 lutura
581 779 673 802 .....
697 738 729 794 ut
751 740 904 796 amaturus
926 733 1067 795 docturus
1082 733 1213 795 lecturus
1229 733 1398 795 auditurus:

79 835 146 898 osio
168 835 268 895 omnia
290 834 445 914 participia
467 833 629 914 praeterita
651 834 682 894 in
705 851 740 894 us
762 834 928 896 desinentia
949 841 979 897 et
993 836 1092 896 omnia
1114 837 1267 917 participia
1291 836 1399 906 lutura,

103 937 230 1016 quaein
254 953 290 997 us
313 937 550 998 terminationem
573 935 726 1006 liniuntur,
749 934 898 998 secundae
921 935 1125 998 declinationis
1146 944 1230 1008 sunt,
1254 945 1285 1000 ut
1300 957 1401 1000 aman·

103 1037 159 1100 dus
182 1036 334 1099 docendos
356 1035 500 1115 legendus
523 1037 696 1121 audiendus.
733 1037 899 1116 Aliquando
921 1039 1073 1101 ciuitatum
1096 1041 1230 1107 nomina,
1254 1047 1287 1101 ut
1304 1040 1401 1103 Adru-

103 1146 199 1202 metus
226 1139 395 1210 Adrumeti,
430 1139 589 1204 Damascus
616 1141 761 1202 [lamasci.
813 1138 979 1220 Aliquando
1008 1139 1172 1204 insularum
1203 1144 1337 1213 nomina,
1368 1152 1402 1204 ut

102 1243 199 1322 Tyrus
225 1241 299 1322 Tyri
320 1241 434 1323 Cyprus
456 1241 557 1324 Cypri.
601 1241 765 1323 Aliquando
788 1241 907 1304 nomina
930 1241 1085 1313 arborum,
1116 1251 1147 1304 ut
1175 1262 1329 1325 cypressus
1352 1263 1401 1326 cy·

68 1345 214 1423 repressi,
242 1343 327 1406 alnus
353 1344 413 1406 alni
436 1329 465 1406 et
487 1353 595 1408 cetera.
641 1345 716 1407 Sunt
738 1351 838 1406 autem
861 1345 994 1426 quinque
1017 1346 1149 1416 nomina,
1179 1354 1213 1406 ut
1239 1346 1401 1407 Priscia-

102 1464 172 1508 uus
195 1446 280 1518 dicit,
312 1463 388 1524 quae
410 1454 469 1510 mm
493 1454 616 1528 quartae
639 1465 726 1526 quam
749 1446 899 1508 secundae
922 1445 1127 1508 declinationis
1149 1456 1233 1519 sunt,
1257 1455 1290 1508 ut
1311 1467 1401 1528 quer-

102 1565 153 1610 cus
176 1549 264 1628 pinus
285 1549 387 1610 laurus
409 1567 519 1610 cornus
541 1550 624 1612 licus.
667 1547 742 1609 Item
764 1548 985 1610 Priscianus
1014 1548 1099 1611 dicit:
1128 1548 1170 1610 de
1198 1549 1255 1611 his
1284 1551 1401 1611 nomi·

103 1649 211 1712 uibus
245 1650 421 1712 arborum
455 1661 540 1713 sunt
572 1651 661 1720 alia,
696 1667 788 1728 quae
817 1648 1067 1713 diilerentiac
1096 1650 1402 1730 significationis

102 1769 212 1814 eausa
242 1762 384 1814 mutant
411 1770 565 1832 genera,
596 1761 633 1816 ut
660 1751 751 1814 haec
778 1753 884 1834 pirus
910 1751 980 1814 hcc
1003 1754 1142 1833 pirum,
1172 1753 1262 1814 haec
1284 1753 1402 1814 malus

69 1855 170 1917 rshoc
192 1853 347 1926 malum,
370 1854 461 1918 haec
482 1854 638 1918 arbutus
659 1854 727 1916 lroc
749 1852 1197 1940 arbutum,haecmyrtus
1220 1853 1288 1916 hoc
1310 1873 1401 1936 mpr-

104 1965 188 2028 tum,
219 1955 312 2018 haec
339 1975 482 2037 prunus
509 1957 576 2019 hoc
606 1975 777 2038 prunum,
807 1964 842 2018 et
869 1956 938 2018 hoc
964 1958 1000 2018 in
1029 1955 1222 2037 plerisque
1249 1958 1402 2018 iuuenis
1468 1988 1471 1993 ·

103 2057 279 2122 arborum
302 2059 534 2130 nominibus,
562 2058 756 2139 inquibus
784 2060 889 2139 ipsae
911 2057 1070 2121 arbores
1099 2058 1293 2129 feminino,
1323 2045 1402 2120 iru-

103 2169 182 2222 ctus
205 2167 341 2222 neutro
363 2164 608 2241 proteruntur
639 2159 698 2222 uel
725 2160 839 2241 ligna,
869 2169 908 2222 ut
930 2160 1020 2222 haec
1042 2159 1163 2222 buxus
1186 2160 1310 2231 arbor,
1335 2159 1402 2222 hoc

103 2263 237 2324 bux'um
260 2260 409 2342 lignum.
450 2263 637 2343 ,Virgilius
660 2263 749 2324 dixit:
787 2262 874 2324 dant
901 2261 1031 2325 arbuta
1059 2261 1193 2334 siluae,
1223 2270 1402 2324 cruenta·

68 2383 170 2446 nque
192 2370 325 2446 myrta,
350 2383 459 2426 cerea
483 2384 617 2446 pruna;
640 2366 728 2427 item:
754 2362 923 2426 uolubile
947 2362 1088 2425 buxum.
1133 2365 1288 2442 Excipitur
1309 2383 1402 2426 unum

103 2484 227 2538 nomeu,
251 2465 329 2544 quod
352 2475 397 2528 est
418 2467 609 2537 femininum,
637 2467 690 2530 sed
713 2473 811 2528 tamen
834 2467 939 2528 tertiae
962 2465 1168 2528 declinationis
1191 2473 1249 2539 cst,
1274 2475 1308 2527 ut
1328 2465 1403 2530 haec

103 2567 183 2630 abies
212 2567 301 2630 lauicos
330 2567 446 2631 abietis.
495 2569 570 2632 ltem
599 2570 788 2649 excipiuntur
817 2566 873 2630 alia
901 2567 961 2629 duo
989 2569 1110 2630 nomina
1139 2568 1296 2641 arborum,
1327 2587 1402 2648 quae

103 2678 170 2733 sunt
192 2669 371 2741 masculina,
395 2680 427 2733 ut
449 2670 497 2733 hic
519 2671 646 2734 oleaster
667 2671 757 2733 huius
779 2668 901 2733 oleastri
923 2679 954 2731 et
975 2669 1024 2731 hic
1045 2669 1139 2732 rubus
1161 2670 1249 2733 huius
1270 2670 1349 2740 rubi,
1373 2679 1403 2733 et
1489 2729 1492 2736 .

104 2791 194 2835 unum
225 2791 334 2835 nomen
361 2780 501 2836 neutrum
530 2774 588 2838 hoc
613 2771 695 2836 siler.
747 2772 826 2834 llaec
855 2779 954 2834 autem
981 2773 1164 2844 terminatio,
1198 2790 1274 2851 quae
1307 2773 1338 2834 in
1367 2792 1402 2836 us
1454 2815 1458 2823 .

68 2873 228 2946 rodesinit,
252 2883 314 2938 tres
336 2876 551 2939 declinationes
572 2875 718 2945 continet,
742 2874 821 2937 idest
841 2874 1019 2944 secundam,
1043 2882 1075 2936 ut
1096 2874 1201 2938 doctus
1224 2873 1317 2946 docti,
1342 2882 1402 2936 ter·

103 2979 170 3040 tiam
194 2976 441 3049 declinationem,
465 2984 498 3040 ut
519 2985 624 3059 pectus
646 2978 790 3059 pectoris,
813 2983 951 3057 quartam
974 2976 1219 3047 declinationem,
1244 2985 1276 3038 ut
1298 2995 1402 3040 manus

102 3097 214 3142 manus.
261 3079 294 3140 ln
322 3099 375 3142 eus
402 3088 474 3161 quot
500 3097 609 3160 genera
638 3080 848 3142 inueniuntur?
892 3079 955 3141 llcc
983 3087 1028 3140 est
1057 3097 1149 3142 uuum
1172 3096 1266 3158 genus
1288 3088 1402 3142 tanturn

102 3179 317 3254 masculinum,
350 3190 383 3245 ut
407 3183 631 3245 Priscianus
653 3183 737 3246 dicit:
767 3184 798 3243 in
826 3200 880 3244 eus
907 3181 1070 3243 desinentia
1098 3181 1212 3245 Graeca
1240 3190 1308 3245 sunt
1337 3191 1401 3244 tan·

103 3292 162 3346 tum
191 3291 225 3344 et
252 3283 431 3354 masculina,
460 3293 492 3347 ut
514 3284 632 3366 Tydeus
654 3284 748 3366 Tydei
768 3284 896 3346 Proteus
924 3283 1033 3345 Protei.
1077 3283 1176 3356 Quare
1204 3283 1278 3345 dixit
1305 3303 1402 3364 gram·

67 3388 230 3449 comaticus
252 3387 383 3450 ‘Graeca
405 3397 474 3450 sunt
496 3392 639 3458 tantum’,
669 3405 736 3448 cum
759 3387 953 3448 inueniuntur
973 3385 1120 3447 Hebraico
1143 3388 1262 3448 nomina
1285 3388 1316 3447 in
1339 3405 1402 3456 eus,

102 3496 132 3550 ut
157 3487 388 3552 Bartholomeus
416 3488 574 3552 Thaddeos
601 3489 769 3552 llattheusi
813 3487 887 3559 Quia
920 3489 1000 3550 inter
1028 3488 1141 3551 Graeca
1171 3495 1200 3548 et
1227 3489 1329 3553 Latina
1358 3495 1405 3550 est

102 3590 203 3669 regula
218 3587 234 3674 ΙΙ
250 3589 271 3652 1.
290 3587 369 3653 100δ
384 3587 396 3674 ΙΙ
413 3599 483 3672 aput
504 3593 730 3671 grammaticos,
754 3609 814 3653 ιιοιι
836 3590 874 3652 ι1ιι
900 3589 1054 3653 Hebraicis
1082 3589 1265 3652 nominibus.
1304 3591 1403 3663 Quare

102 3710 173 3773 ergo
196 3693 274 3754 dixit
294 3693 426 3755 ‘Graeca
449 3701 520 3754 sunt
540 3701 654 3756 tautum
677 3696 707 3756 in
731 3711 784 3755 eus
813 3692 978 3754 desinentia
987 3698 1008 3764 ’,
1037 3711 1104 3755 cum
1135 3681 1272 3755 uidemus
1298 3692 1403 3754 Latina

103 3796 222 3857 nomina
251 3797 282 3856 in
307 3813 359 3857 eus
381 3795 560 3866 desinentia,
590 3804 621 3857 ut
642 3794 759 3874 ligneus
782 3797 887 3874 igneus
914 3795 1039 3857 nucleus
1061 3813 1170 3858 aureus
1193 3802 1352 3873 argenteus
1375 3803 1404 3856 et

169 4037 292 4085 iseram
360 4032 472 4084 Pardus
524 4032 610 4084 totoue
662 4033 764 4083 edituus
816 4036 832 4084 3
844 4033 964 4098 preterita
1033 4034 1128 4099 Aprae
1146 4029 1244 4098 lutura]
1264 4031 1404 4085 Eoecidtsse

102 4104 215 4154 ιιὶιὶιιισι
235 4117 303 4166 quae
320 4103 347 4152 iu
366 4117 427 4152 urus
445 4103 580 4168 desinunt,
598 4103 641 4152 uel
655 4101 734 4152 simile
753 4102 821 4168 quid,
839 4101 874 4164 cf.
891 4115 945 4168 aeq.
1008 4102 1025 4151 6
1042 4100 1189 4151 adrumetus
1208 4101 1333 4152 adrumeti
1387 4104 1403 4153 ’1

9 4195 10 4198 ¹
104 4172 127 4220 in
147 4187 162 4220 u
181 4170 290 4221 silerum
358 4170 453 4234 8Tyri
471 4185 519 4221 em.
588 4166 692 4220 Pected
781 4170 812 4220 10
830 4165 989 4233 Priscianus]
1011 4170 1049 4220 De
1067 4171 1165 4220 nomine
1182 4175 1232 4221 etc.
1250 4187 1277 4235 p.
1297 4172 1404 4235 445,18

106 4240 133 4288 11
151 4252 229 4289 corus
284 4235 443 4305 Priscianus]
463 4239 480 4288 1
494 4255 523 4306 p.
538 4240 625 4298 142,9
679 4239 710 4287 12
728 4235 878 4288 diiereatiae
948 4239 980 4288 15
998 4247 1106 4287 mertum
1176 4239 1207 4287 16
1225 4237 1285 4287 haee
1303 4253 1402 4304 prunus

103 4305 163 4356 lucc
181 4321 295 4373 prauum
382 4308 412 4357 17
431 4307 488 4373 ipse
574 4307 606 4357 18
624 4305 704 4356 husus
791 4306 823 4356 10
841 4302 918 4370 Dant]
943 4305 1022 4370 Verp.
1043 4305 1135 4370 θυεερ.
1154 4305 1188 4354 II
1205 4308 1257 4356 520
1313 4306 1387 4356 arbnt

103 4374 166 4425 silue
182 4385 291 4425 cruenta
308 4384 333 4425 te
349 4385 432 4441 myrta
450 4389 522 4425 cerea
540 4388 622 4440 pruna
694 4371 861 4440 cruentaque]
884 4375 962 4440 Verq.
984 4374 1077 4438 Georp.
1096 4373 1113 4423 1
1132 4376 1183 4424 306
1267 4375 1301 4424 20
1318 4322 1403 4440 cerea]

9 4473 11 4496 ι
107 4443 184 4509 Vera.
204 4443 265 4499 Ecl.
282 4445 315 4495 ll
334 4447 370 4494 53
439 4439 562 4508 uolubile]
584 4441 664 4509 Verq.
684 4443 751 4493 Aen.
774 4441 835 4493 VII
852 4445 905 4494 382
982 4441 1109 4491 22οιιὶοε
1128 4440 1294 4492 auieshuius
1313 4441 1404 4492 caletis

135 4516 187 4580 ddo
259 4530 292 4580 23
310 4527 478 4579 masculinum
531 4528 635 4578 oliaster
686 4526 784 4577 oliasni
864 4528 899 4578 24
917 4537 1004 4578 creater
1072 4527 1105 4578 25
1126 4525 1302 4576 declinationis
1371 4529 1404 4578 26

103 4611 193 4648 manus
212 4611 324 4648 manuus
392 4598 426 4648 28
443 4593 605 4662 Priscianus]
625 4596 660 4660 cs.
679 4597 711 4648 de
729 4596 827 4647 conduc
844 4601 893 4646 etc.
911 4613 938 4661 p.
957 4597 1016 4654 446,
1035 4597 1052 4644 2
1132 4596 1165 4647 20
1184 4593 1296 4645 thitheus
1315 4593 1404 4646 thithei

105 4665 226 4730 protheus
246 4665 347 4730 prothei
415 4668 448 4718 30
465 4661 535 4731 cnm]
555 4680 613 4716 eum
666 4664 766 4714 ebroica
833 4665 866 4716 31
886 4662 1002 4716 tloatheus
1021 4661 1138 4713 melliens
1193 4678 1296 4729 grecam
1347 4663 1404 4714 lati·

105 4748 161 4783 nam
231 4735 266 4785 32
283 4734 438 4801 gramaticus
491 4733 598 4786 ebreicis
616 4729 760 4786 aom¹uibus
828 4734 862 4784 3³
879 4732 907 4784 in
924 4748 955 4785 ιιιι
1024 4733 1058 4784 sc
1075 4731 1102 4782 in
1120 4732 1175 4782 eius
1227 4730 1327 4784 audeus
