3390 5444
287 327 362 391 ..142
814 325 882 377 nno
901 323 1077 377 nnonrnn

300 513 389 585 nlius,
413 515 469 575 nisi
491 515 648 592 genelinns
670 519 797 574 lantum:
821 513 905 574 euius
927 513 1007 572 enim
1029 513 1185 591 genetiuus
1205 510 1366 598 singularis
1382 521 1442 581 est,
1464 519 1497 572 nl
1512 512 1593 572 enine

300 615 377 677 filins
400 623 444 676 esi
465 661 608 678 ......
630 617 723 695 ipsius
744 612 836 682 lilins;
860 615 904 675 sio
926 612 1043 693 qnando
1066 613 1132 675 dieo
1155 614 1239 674 ‘onia
1261 621 1305 674 est
1326 611 1412 688 fflia’,
1440 613 1592 692 genelinns

301 716 458 796 singularis
480 726 540 787 est,
568 714 628 778 lale
656 724 701 777 est
729 734 763 777 ae
785 717 809 775 si
838 713 933 775 dicam
961 713 1057 776 ‘illins
1079 714 1166 776 iilia’.
1210 715 1282 778 ltem
1311 715 1412 776 eninm
1439 715 1592 793 genelinns

300 817 457 898 singularis
479 828 538 888 est,
562 827 594 880 ul
615 819 645 880 in
668 818 841 897 Virgilio:

474 919 538 980 Die
561 919 648 980 mihi
670 919 845 980 Damoeta
868 920 990 979 eninm
1013 936 1128 998 pecus
1150 935 1192 980 an
1213 916 1407 988 Meliboei,
1603 932 1614 971 ε

302 1041 379 1083 nono
402 1039 486 1083 more
508 1021 696 1083 introductus
719 1029 765 1082 est
786 1023 842 1082 isle
865 1020 1034 1098 geneliuns,
1058 1022 1196 1100 qnoniam
1212 1037 1232 1080 a
1247 1017 1358 1098 regulis
1373 1020 1507 1090 recessit,
1529 1019 1592 1098 qnia

300 1122 398 1184 nullos
426 1124 583 1202 genelinns
610 1124 762 1184 inuenitur
789 1123 818 1182 in
841 1139 857 1182 n
880 1129 930 1184 ent
952 1123 982 1182 in
1012 1139 1061 1182 nm
1089 1123 1266 1182 terminatus
1293 1121 1324 1181 in
1352 1121 1473 1181 nomine
1496 1118 1545 1182 uel
1566 1121 1592 1178 in

300 1226 479 1306 pronomine
506 1233 557 1286 ant
585 1226 615 1285 in
637 1224 794 1304 participio
817 1225 948 1302 exeeptis
970 1222 1017 1284 his
1046 1225 1125 1284 ‘cuia
1148 1224 1270 1284 cninm’.
1314 1221 1377 1284 Nee
1399 1230 1486 1302 putes
1508 1221 1592 1282 elium

301 1345 367 1388 esso
390 1343 507 1397 cesum,
530 1327 588 1387 nisi
609 1327 795 1404 genetinnm:
820 1341 907 1404 ergo,
930 1325 1007 1386 sioni
1029 1323 1139 1385 dietum
1163 1332 1220 1399 est,
1244 1325 1398 1386 inuenitur
1419 1341 1592 1404 pronomen,

301 1427 352 1489 ubi
375 1427 532 1506 geneliuns
559 1426 655 1503 solus,
686 1435 717 1488 nt
739 1428 823 1488 onius
846 1427 911 1487 onie
939 1427 1051 1490 eninm.
1096 1425 1249 1488 inuenitur
1272 1427 1459 1488 accusatione
1482 1433 1624 1487 tantumn·

301 1531 409 1591 ceteris
431 1527 650 1598 deficientibus,
679 1535 711 1590 nt
734 1537 779 1589 εει
806 1545 910 1589 eoenm
940 1545 1040 1589 eccam
1068 1526 1171 1599 ellum,
1202 1545 1256 1588 nee
1279 1545 1438 1606 possumus
1459 1528 1592 1589 inuenire

300 1631 373 1692 alios
396 1638 446 1692 ant
469 1647 609 1708 nmquam
632 1648 789 1708 possumus
811 1629 910 1691 dicere
933 1647 1022 1690 oenus
1045 1629 1107 1690 eooi
1129 1647 1208 1690 ecco.
1247 1627 1391 1700 Quamuis
1413 1630 1491 1709 apnd
1515 1639 1591 1690 nele-

300 1723 350 1794 ros
372 1732 445 1794 haee
468 1733 646 1811 pronomina
668 1730 813 1793 declinata
829 1731 1032 1800 inueniuntur,
1049 1730 1106 1793 hoc
1122 1738 1167 1792 εει
1181 1733 1267 1792 cuius
1282 1731 1331 1792 nel
1347 1732 1414 1792 onia
1429 1740 1480 1794 nul
1495 1731 1591 1792 eninm

301 1833 397 1896 tribus
419 1832 552 1902 casibus,
576 1830 650 1892 ellus
672 1831 721 1893 nel
744 1830 800 1894 elle
822 1841 872 1895 aul
895 1831 984 1894 ellum
1006 1839 1082 1917 lelrp
1105 1831 1235 1903 ensibus,
1259 1833 1302 1894 sio
1325 1832 1413 1894 etiam
1437 1851 1523 1894 eceue
1545 1840 1593 1892 ent

301 1919 372 1997 eece
394 1939 460 1998 sine
483 1951 587 1996 eeonm
610 1943 700 2016 pente
723 1933 839 1996 casibus
861 1934 987 2015 jueteres
1015 1933 1217 2004 declinabant,
1234 1931 1246 2016 ll
1263 1935 1283 1996 1.
1302 1931 1409 2016 117211
1432 1935 1485 1995 sed
1507 1933 1624 1995 monlon

300 2036 390 2099 unius
413 2055 499 2098 casus
522 2044 567 2098 est
587 2053 763 2116 pronomen.

370 2276 384 2323 1
403 2274 549 2338 genetiunm
618 2275 634 2324 2
653 2274 720 2324 illins
739 2269 789 2340 est]
811 2274 940 2326 Lacunam
956 2276 994 2324 eie
1009 2273 1067 2338 fere
1090 2277 1209 2340 expleas:
1233 2273 1285 2324 tole
1302 2284 1341 2324 est
1358 2289 1389 2323 eo
1406 2275 1430 2324 si
1446 2274 1540 2336 dicem,
1559 2273 1592 2337 es.

300 2357 355 2408 rep.
425 2339 555 2407 3eninm]
575 2343 649 2392 cuins
700 2343 760 2392 4in
778 2337 899 2409 Virgilio]
918 2342 975 2394 Eel.
995 2340 1079 2393 1111
1139 2343 1293 2393 odemueta
1343 2343 1423 2392 lione
1473 2345 1589 2405 quoniam

302 2408 416 2475 regulus,
434 2425 503 2459 corr.
516 2410 561 2460 -Ιὶε
613 2412 807 2460 lterminalum
876 2411 1045 2476 Spernieipin
1080 2420 1156 2476 pntns
1224 2412 1333 2460 §leaena
1404 2412 1436 2460 10
1452 2407 1588 2475 inuenitur]

301 2479 335 2540 cs.
354 2477 444 2542 Pomp.
462 2479 522 2542 210,
543 2481 577 2529 30
646 2479 677 2528 11
695 2477 865 2528 dilleiemibns
935 2479 1066 2543 possimus
1136 2481 1168 2528 12
1179 2488 1224 2527 ent
1241 2493 1363 2540 nmquam
1380 2475 1531 2544 possumne]
1550 2491 1591 2527 om

301 2545 364 2608 qnid
380 2559 488 2610 possum
507 2547 563 2596 ced.
582 2546 705 2608 numquid
725 2559 864 2610 possumus
882 2546 1017 2612 Pompeius
1035 2545 1116 2597 Keilii
1170 2546 1254 2596 eoeins
1272 2547 1312 2595 nel
1330 2558 1405 2595 eccos
1474 2549 1504 2597 13
1522 2549 1590 2595 inne-

301 2614 397 2663 niumm
499 2616 531 2663 14
549 2628 633 2664 eoonm
721 2613 920 2665 moncellum
1007 2615 1039 2663 16
1057 2615 1133 2664 nnius
1152 2611 1242 2680 ensns]
1262 2615 1287 2662 in
1306 2629 1337 2663 ns
1356 2629 1434 2662 nnnm
1452 2623 1518 2664 sunt.
1553 2615 1590 2663 De

298 2683 434 2746 poelrernie
451 2681 486 2744 cs.
507 2683 638 2746 Virpillnm
656 2683 777 2732 Asianum
792 2698 818 2746 p.
838 2684 891 2732 138
909 2681 977 2733 Mai.
