3420 5450
484 361 551 412 ARS
568 361 698 413 oseam
717 359 957 414 GRAMMATICI.
1262 376 1373 423 LXXXI

112 567 164 614 uero
182 550 355 626 arttpropnt
375 553 494 610 nomine
514 553 603 610 etiarn
625 550 761 611 dubitari
775 556 892 626 potest:
913 567 969 624 eqo
991 552 1261 624 antiquissimarum
1276 553 1372 612 ,libro-

111 671 156 715 nm
180 655 384 712 anctoritatem
411 650 497 727 sequi
523 653 625 712 aratra.
641 647 672 732 *)
723 651 827 726 Neque
853 658 953 712 tamen
981 655 1011 711 in
1038 657 1122 712 textu
1149 670 1234 727 quem
1262 660 1375 713 uocant

111 756 288 818 ronstiiueudo
309 756 426 816 codicis
446 757 647 829 antiquissimi
667 757 830 814 Beruensis
854 761 908 812 444
929 771 1008 814 saec.
1039 755 1128 828 VIII,
1153 757 1202 814 uel
1223 757 1316 830 adeo,
1341 763 1374 815 ut

110 861 186 922 t'n'tto
200 859 301 933 piacet
318 874 353 933 p.
369 862 435 926 529,
457 860 583 933 septimo
602 851 772 938 scripti*²·'‘)
793 857 888 916 uerno
908 859 1058 932 cepi-essi,
1081 861 1153 931 quia
1175 858 1255 917 nunc
1276 859 1375 918 multis

110 963 164 1023 iotis
187 960 278 1018 altero
306 963 393 1034 quem
421 960 550 1020 adtribui
573 961 678 1020 codice
699 958 850 1020 Beruensi
872 965 926 1018 243
953 961 1129 1020 deteriorem
1152 977 1214 1019 esse
1235 961 1374 1020 animad-

110 1063 242 1126 uertebam.
287 1061 355 1121 Hoc
369 1077 429 1121 uno
444 1063 582 1138 exempto
603 1063 709 1122 adlato
731 1059 865 1122 dilucide
884 1059 1022 1137 perspici
1039 1068 1148 1137 potest.
1184 1061 1264 1121 ,Nam
1273 1079 1308 1137 p.
1322 1069 1371 1133 47,

111 1174 138 1225 24
150 1169 210 1240 post
223 1163 334 1223 uerba:
358 1163 451 1222 ‘Nam
461 1160 582 1239 plurali
596 1181 721 1225 numero
742 1161 921 1224 accusatiuo
942 1179 1016 1223 casu
1030 1164 1084 1223 Itos
1100 1163 1192 1236 focos
1205 1166 1259 1225 izos
1273 1181 1375 1224 muros

105 1285 149 1344 per
166 1284 180 1328 a
198 1263 331 1326 litteram
353 1263 545 1326 scribendum
567 1267 621 1326 est’
644 1265 678 1328 in
700 1265 767 1327 cod.
794 1273 848 1324 444
876 1263 977 1326 statim
1004 1264 1140 1342 sequitur
1166 1273 1315 1327 tractatus
1337 1268 1376 1325 de

104 1367 271 1448 prauumue:
299 1367 368 1424 ‘DE
387 1371 813 1426 PRaNOM1NE·PRON0oeeN
834 1365 992 1443 quidest?
1011 1385 1088 1444 pars
1110 1367 1273 1446 arationis,
1297 1385 1375 1444 quae

104 1490 150 1550 pro
177 1469 291 1532 nonnae
319 1469 426 1546 posita
459 1471 635 1532 tantundem
665 1487 763 1546 paene
794 1467 950 1544 siqnincat
972 1488 1196 1547 personamque
1222 1469 1375 1532 interdum

106 1571 208 1650 recepit'
229 1579 297 1647 etc,
322 1589 389 1634 crau
410 1571 445 1634 in
466 1571 573 1634 codice
590 1579 646 1633 207
667 1591 727 1634 non
749 1575 843 1634 solum
865 1570 1024 1634 adiciatur
1045 1575 1137 1636 docta
1159 1574 1197 1633 de
1215 1580 1375 1650 poetarum

105 1677 213 1751 quadarn
233 1692 318 1735 more
338 1674 503 1752 expositia,
532 1693 622 1750 quam
644 1693 705 1736 non
728 1693 748 1734 a
769 1672 902 1736 librario
929 1673 1031 1736 nescia
1057 1693 1130 1750 quo,
1160 1677 1214 1736 sed
1243 1676 1281 1735 ab
1308 1673 1376 1750 ipso

104 1775 182 1838 tz'tetti
211 1785 337 1839 auctore
363 1776 539 1852 profectam
571 1795 633 1838 esse
664 1779 759 1838 uerita
794 1774 890 1838 ‘sicud
915 1795 1011 1854 supra
1041 1775 1209 1856 dicimus’,¹
1228 1795 1305 1852 quae
1335 1777 1379 1837 ad

102 1899 127 1956 p.
148 1886 191 1953 43,
214 1885 333 1938 27-34
348 1878 522 1956 pertinent,
546 1877 752 1957 probabiliter
780 1880 1003 1954 demonstrant,
1034 1896 1139 1940 uuum
1166 1878 1259 1944 etiam
1289 1876 1378 1954 quasi

104 1967 430 2057 epistida'dedicatoria
451 1979 566 2042 inserta
587 1981 627 2042 sit
643 2000 678 2059 p.
704 1988 753 2056 48,
780 1987 868 2052 3-7,
898 1999 987 2057 quam
1015 1980 1096 2043 alius
1122 1979 1185 2042 nisi
1211 1979 1278 2059 ipse
1300 1979 1375 2041 arti-

103 2085 221 2160 qrapips
245 2081 406 2160 scripsisse
432 2101 518 2144 nemo
541 2081 648 2160 possit.
699 2083 839 2160 Accedit,
868 2085 952 2161 quad
976 2083 1071 2145 uerba
1093 2101 1128 2159 p.
1154 2091 1209 2157 48,
1235 2091 1269 2143 3.·
1313 2084 1377 2143 ‘De

101 2186 260 2262 pronomine
287 2205 364 2248 itera
392 2185 471 2248 nituit
499 2184 635 2262 apertius
654 2185 726 2260 fieri
745 2194 854 2262 potest,
877 2204 968 2262 quam
990 2189 1137 2262 quomado
1157 2185 1191 2247 in
1213 2193 1281 2247 arte
1302 2183 1376 2261 lepi-

104 2307 156 2348 nus
174 2287 305 2363 Donati',
330 2305 409 2363 quae
430 2295 459 2349 et
479 2286 550 2364 ipsa
571 2285 605 2348 in
620 2286 727 2349 codice
743 2295 798 2348 444
812 2287 1037 2362 desiderantur,
1063 2290 1102 2349 ab
1117 2287 1196 2348 artis
1210 2285 1377 2348 Beruensis

102 2407 251 2468 anonymae
284 2399 411 2451 auctare
437 2387 550 2450 diserte
579 2391 693 2467 Aspera
726 2389 904 2452 tribuuntur
924 2410 960 2468 p.
987 2399 1055 2465 133,
1081 2398 1133 2470 32,
1167 2389 1211 2464 cs.
1242 2387 1377 2451 Keilium

101 2511 127 2566 p.
146 2499 207 2552 534.
249 2492 319 2552 Iam
341 2510 415 2552 uera
437 2490 472 2553 id
485 2509 604 2566 moneo,
628 2511 674 2553 me
695 2509 747 2568 ea,
772 2491 905 2569 quaein
927 2495 994 2555 cod.
1020 2499 1077 2551 207
1099 2501 1258 2554 secuntur:
1280 2489 1376 2551 ‘Scri-

101 2595 160 2652 bere
179 2595 212 2654 ob
232 2595 288 2656 noc
306 2611 473 2671 pronomen
502 2593 578 2655 mihi
599 2613 660 2656 non
683 2613 801 2656 necesse
818 2593 884 2669 suit
911 2592 1096 2675 dupliciter'
1124 2612 1185 2656 nan
1207 2595 1242 2656 ab
1264 2595 1321 2654 noc
1342 2591 1377 2653 in

102 2704 200 2756 tentum
225 2695 388 2774 recepisse,
418 2695 491 2772 quia
519 2699 558 2758 ab
581 2699 696 2774 Aspero
728 2696 794 2774 ipso
822 2696 906 2758 dicta
933 2715 996 2758 esse
1023 2697 1193 2771 crederem,
1223 2698 1277 2756 sed
1303 2693 1377 2770 quia

100 2797 195 2872 edique
214 2799 293 2859 nunc
314 2797 426 2858 librum
448 2798 537 2875 quasi
558 2801 665 2861 ducem
686 2807 778 2876 atque
797 2797 982 2875 siquiserum
1004 2797 1089 2876 sequi
1103 2806 1285 2860 statueram:
1306 2814 1377 2858 nam

101 2899 165 2960 iaec
183 2907 262 2962 certe
283 2898 349 2960 eius
370 2899 495 2962 ttorortt
515 2911 600 2977 sunt,
631 2901 685 2978 qui
711 2909 804 2963 tatum
830 2901 942 2964 tibrum
966 2909 1023 2960 247
1044 2919 1160 2961 summa
1181 2899 1235 2961 iiie
1257 2899 1377 2975 quidem

99 3000 244 3063 sedulitate
271 3009 364 3078 atque
390 3001 553 3078 ditipeutia
579 3002 714 3088 confecit
741 3012 770 3064 34
798 3003 871 3079 quia
894 3004 923 3079 f.
950 3001 984 3064 2ὸ
999 3039 1041 3048 -
1058 3011 1113 3062 17⁰
1135 3001 1251 3064 Donati
1279 3011 1376 3062 artem

98 3101 266 3180 scripserat,
289 3102 355 3164 eius
373 3113 493 3181 partem
515 3105 652 3182 repetere
679 3103 784 3166 noluit.
830 3106 906 3166 Nam
928 3123 1004 3167 raro
1025 3103 1085 3166 sibi
1104 3123 1124 3164 a
1140 3103 1288 3182 principe
1306 3123 1377 3180 per-

98 3223 214 3278 qanena
230 3204 377 3281 praeberi
398 3206 461 3268 alio
481 3210 548 3269 loco
570 3216 747 3284 conquestus
761 3215 804 3268 est
821 3207 851 3280 s.
869 3207 932 3268 88⁶.
965 3209 1061 3284 Atque
1074 3209 1180 3267 eadem
1191 3205 1257 3280 suit
1270 3223 1376 3280 causa,

99 3325 146 3367 ar
168 3317 332 3370 tractatum
361 3310 399 3370 de
420 3308 603 3386 pronomine
631 3327 650 3370 a
679 3312 801 3371 Itonato
827 3308 1047 3386 transcriptum
1079 3316 1171 3369 totum
1201 3308 1375 3382 omitterem

100 3409 162 3484 quia
181 3411 213 3472 in
233 3412 302 3473 cad.
323 3418 378 3470 247
401 3413 515 3485 deerat,
539 3410 596 3473 etsi
610 3415 690 3473 herne
705 3411 767 3472 iam
783 3415 820 3472 at
835 3410 904 3489 ipsa
919 3415 1035 3488 Aspero
1050 3410 1268 3488 transcriptum
1279 3409 1379 3485 fuisse

98 3511 283 3574 certissimum
304 3520 364 3588 est,
389 3511 503 3590 quippe
523 3512 576 3588 qui
597 3523 626 3573 34
647 3531 726 3590 quae
748 3516 786 3574 de
806 3511 1019 3576 coniunctione
1037 3533 1069 3590 p.
1088 3522 1136 3589 57,
1158 3520 1273 3572 44-29
1294 3521 1324 3573 34
1338 3515 1377 3574 de

101 3611 298 3676 interiectione
317 3634 354 3692 p.
380 3624 431 3688 44,
461 3623 584 3675 44-44
611 3615 750 3694 scripsit,
785 3619 828 3678 ad
854 3619 976 3678 nmium
1003 3616 1075 3690 sere
1101 3635 1141 3676 eu
1169 3615 1284 3677 Donati
1312 3624 1379 3675 arte

99 3712 201 3776 minore
217 3717 346 3790 furatus
366 3717 417 3779 sit.

642 3904 725 3967 One.
750 3904 813 3968 III.

381 4019 442 4086 DEI
464 4021 748 4087 EMENDANDA
771 4021 928 4087 ASPERI
950 4021 1078 4087 ARTE.

171 4160 233 4222 sea
258 4171 289 4222 at
317 4163 361 4221 ad
384 4160 496 4239 priora
524 4165 661 4237 redeam,
689 4171 848 4238 postquam
870 4181 905 4239 p.
931 4172 980 4238 47,
1006 4172 1043 4224 24
1065 4181 1125 4239 seq.
1157 4160 1292 4223 codicem
1323 4168 1378 4220 ott

101 4265 167 4323 nale
185 4266 315 4338 deficere
336 4263 419 4334 uidi,
449 4265 625 4338 trinumque
652 4263 685 4326 in
708 4267 805 4325 attero
826 4263 932 4325 codice
948 4259 1044 4342 ptura
1066 4263 1128 4340 leq-i
1155 4263 1310 4336 uidebom,
1341 4280 1377 4322 ea

103 4373 127 4420 ut
147 4363 238 4440 ipsius
261 4364 371 4442 Asperi
393 4368 487 4427 uerba
508 4365 540 4427 in
563 4374 676 4428 tentum
699 4365 850 4443 recipere,
880 4367 936 4428 iila
958 4387 1031 4430 uero
1051 4367 1085 4428 in
1107 4369 1248 4429 cadolt
1271 4367 1377 4426 decur-

101 4470 152 4524 tate
174 4468 293 4545 scripta
319 4467 353 4530 in
380 4469 548 4544 mdrqinem
576 4467 692 4530 reicere
719 4472 819 4530 nuilus
846 4469 1028 4532 4443444344.
1075 4472 1184 4547 Itaque
1201 4488 1236 4547 p.
1262 4477 1315 4545 44,
1342 4474 1378 4525 22

172 4705 198 4770 ²¹)
217 4705 313 4757 Eadem
332 4708 430 4758 ratione
448 4705 570 4772 Eutychis
589 4717 614 4757 et
631 4706 748 4772 Eutychii
767 4708 805 4758 uel
825 4707 922 4758 Euticis
941 4719 965 4759 et
982 4709 1075 4758 Euticii
1100 4675 1201 4758 nomina
1226 4705 1377 4771 explicanda

103 4787 209 4824 suntote
227 4791 279 4825 noa
297 4777 410 4826 Audacis
429 4787 453 4825 et
473 4775 579 4825 indocti
597 4774 641 4836 (ci.
660 4776 730 4825 Beda
746 4776 778 4826 de
795 4778 884 4827 mettis
904 4793 929 4842 p.
948 4777 1015 4828 2363
1033 4777 1063 4839 Ρ)
1083 4775 1164 4825 forma
1183 4775 1286 4840 duplex.

158 4841 200 4905 *Ἴ
217 4842 278 4893 Dixi
296 4845 328 4894 de
345 4844 393 4894 {tac
411 4844 499 4894 codice
517 4859 598 4910 nuper
615 4844 699 4898 anstai.
718 4845 781 4910 phil.
802 4845 923 4896 Fleckeis.
944 4847 1009 4896 1869
1027 4862 1052 4910 p.
1072 4849 1129 4896 731.
1150 4847 1210 4895 732.

144 4941 233 4982 (Iun.
247 4953 301 4986 m.
314 4945 398 4985 833333..
1165 4931 1177 4980 f
