3394 5448
570 387 620 437 DE
639 386 826 438 §mannum
842 387 948 438 ARTE.
1269 398 1401 448 curum

107 581 323 634 conuertuntur
351 574 484 636 Latinam
519 574 577 636 boc
609 575 710 636 modo:
743 574 895 636 Altimirus
923 572 1098 635 Gildimirus
1125 573 1284 634 Ricimirus
1311 573 1399 634 Rain·

106 661 201 720 mirus
224 659 404 740 (ranimirus)
426 658 622 722 Vuadamirus
636 659 864 738 Vuiglimundus
886 658 1082 720 Ricimundus
1097 657 1306 720 Rademundus
1320 657 1399 718 Vuil·

107 744 235 805 mundus
257 755 287 806 et
309 745 427 815 similia,
452 745 529 806 sicut
550 747 582 806 in
605 745 807 806 Hebraeorum
823 743 994 805 nominibus
1017 742 1161 804 aLatinis
1184 743 1292 805 lactum
1315 745 1400 804 uide-

106 845 180 888 mus.
220 829 293 890 Nam
317 829 354 890 de
376 829 544 891 Habraham
567 828 780 900 Habrahamus,
805 828 842 890 de
864 827 950 889 lacob
971 827 1096 890 lacobus
1112 837 1141 888 et
1157 829 1193 888 de
1209 828 1278 889 Saul
1294 820 1400 890 Saulus

106 911 119 996 ll
136 913 155 973 l.
173 911 233 974 IVb
249 911 261 996 ΙΙ
278 923 307 974 et
330 915 366 975 de
388 914 495 996 loseph
519 916 620 996 (iosep)
644 913 785 995 Iosephus
808 915 949 994 liosepus)
971 914 1068 975 Latini
1092 913 1241 975 dixerunt.

189 997 306 1060 blassm.
324 1019 353 1080 p.
369 996 446 1062 390:
469 1001 675 1079 patronomica
718 998 870 1078 belperich
914 1007 963 1080 art
979 999 1089 1060 artricb
1105 999 1221 1060 ainhart
1278 1001 1402 1061 stainart

104 1081 220 1145 ricbrat
283 1085 419 1147 tancrabt
440 1084 566 1148 lastrabt
588 1083 707 1164 gotrabt
728 1083 865 1145 rabtman
888 1084 1026 1162 gobtman
1055 1084 1358 1160 arabmanricbman

105 1171 242 1230 uuizman
321 1172 418 1232 ainart
474 1167 612 1232 staintan
668 1171 781 1231 richrat
838 1169 972 1230 rainbart
1004 1169 1130 1230 nitidum
1159 1171 1313 1231 consilium
1343 1188 1398 1231 om.

104 1253 224 1314 arcrabt
288 1274 316 1335 p.
340 1252 401 1316 391
425 1255 562 1316 tancrabt
610 1256 728 1334 gotrabt
776 1255 917 1332 gotbman
966 1262 1082 1316 artman
1137 1255 1271 1316 rilrcman
1296 1264 1401 1335 potens

103 1339 195 1400 bomo
217 1341 353 1401 uulzman
377 1339 520 1402 candidus
542 1339 642 1401 bomo.

189 1459 262 1520 Post
283 1464 413 1520 ‘umatus
433 1462 530 1522 ltorno’
554 1478 695 1552 secuntur
715 1462 807 1522 boec:

189 1578 227 1639 Et
254 1581 311 1639 ista
339 1581 438 1639 omnia
467 1596 534 1639 cum
565 1577 683 1639 Latinas
717 1579 887 1659 acceperint
922 1576 1048 1658 syllabas
1077 1578 1167 1658 (ps-l,
1205 1581 1235 1637 in
1270 1578 1401 1656 linguam

104 1671 323 1724 conuertuntur
344 1663 479 1724 Latinam
502 1663 559 1724 boo
581 1663 682 1724 modo:
706 1662 881 1744 Helpericus
902 1661 1048 1726 Ainardus
1069 1662 1212 1724 llicardus
1228 1663 1401 1725 Stainardus

104 1747 272 1810 Rierbadus
307 1747 478 1810 Rianbadus
505 1748 675 1809 Arcbradus
710 1747 856 1810 Fulrsdus
884 1747 1056 1809 Tancradus
1083 1748 1243 1809 Fastradus
1272 1747 1350 1828 l-da)
1375 1757 1404 1808 et

104 1832 224 1894 similia.
271 1833 346 1895 Sunt
367 1851 496 1912 namque
518 1833 724 1913 principaliter
753 1843 783 1894 et
809 1836 840 1894 in
862 1833 907 1893 bis
930 1832 1008 1912 (ntis)
1032 1833 1202 1896 nominibus
1225 1832 1401 1912 dissyllabae

105 1916 321 2000 (dispsyllabe),
355 1919 462 1998 quibus
496 1917 706 1998 monosyllabis
741 1918 906 1998 (monops-)
946 1917 1054 1980 additis
1083 1918 1200 1979 diuersa
1230 1919 1400 1980 efficiuntur

105 2006 236 2064 nomina.
282 2003 356 2065 Sunt
379 2007 457 2064 enim
481 2005 570 2065 haec:
593 2002 708 2064 belmus
730 2003 808 2066 ullus
831 2012 886 2065 etc.

190 2089 308 2149 blassm.
324 2107 354 2168 p.
369 2085 430 2150 391
455 2097 485 2148 et
498 2088 625 2168 plurima
641 2089 719 2162 talia,
744 2089 860 2168 quibus,
885 2098 918 2150 ut
939 2088 1073 2158 diximus
1097 2088 1203 2149 additis
1227 2087 1401 2168 monosylla-

107 2173 154 2234 bis
176 2171 303 2254 plurima
326 2181 547 2254 componuntur
569 2173 625 2234 boc
648 2174 736 2235 modo
759 2176 892 2234 nomina:
919 2172 1107 2252 Vuigbelmus
1130 2180 1186 2234 etc.
1210 2173 1403 2252 gauzbelmus

148 2256 289 2320 elmullus
339 2258 464 2320 sicullus
513 2257 666 2321 leutardus
697 2259 869 2321 mainardus
891 2258 1050 2338 aginardus
1071 2258 1225 2320 uuitardus
1252 2257 1403 2319 ricbertus

107 2341 277 2405 rambertus
313 2343 485 2406 lrotberdus
518 2343 704 2405 mamlredus
762 2343 937 2424 gontlredus
1001 2345 1174 2422 gontinarus
1239 2352 1403 2404 teutmarus

106 2427 241 2506 oclingus
264 2428 420 2508 deotingus
463 2429 604 2508 radingas
626 2431 767 2491 teotricus
811 2433 950 2490 ainricus.

191 2549 264 2610 Post
285 2549 460 2610 ‘roinra'cus'
484 2557 626 2610 secuntur
646 2550 739 2610 boec:

192 2675 223 2728 et
244 2666 472 2730 innumerabilia
495 2668 572 2729 talia.
618 2667 690 2728 Nam
714 2676 742 2727 et
763 2669 890 2729 istorum
906 2668 1058 2728 nominum
1074 2665 1201 2746 syllabae
1216 2669 1403 2747 praepositae

107 2755 257 2832 repositae
280 2751 370 2815 multa
394 2751 555 2814 conficiunt
569 2755 699 2819 nomina.
724 2759 756 2814 ut
771 2750 936 2814 Frodaldus
952 2752 1127 2813 Aldelredus
1143 2761 1198 2813 etc.
1214 2751 1259 2825 cs.
1279 2754 1401 2814 Mussm.

102 2857 138 2914 p.
164 2845 220 2898 392
263 2837 433 2899 lorcbertus
457 2837 645 2899 bertefredus
667 2837 837 2901 richbertus
860 2837 1024 2898 bertericus
1047 2836 1205 2898 ratberdus
1228 2837 1403 2897 berteradus

108 2923 298 3014 maurbertus
320 2923 507 2986 bertemarus
530 2922 706 3000 gauzbertus
729 2921 934 3001 bertegaudes.

193 3044 311 3118 Cetera,
336 3061 414 3118 quoe
435 3045 521 3120 apud
542 3044 770 3104 Mossmonnum
791 3049 909 3120 extant,
933 3059 973 3102 ccc
988 3045 1050 3102 olio
1065 3043 1194 3117 quodum
1209 3041 1320 3119 capite,
1345 3062 1404 3118 quo

109 3147 147 3206 de
166 3143 328 3220 qenotoos
356 3145 514 3220 uqebotum
541 3143 640 3221 petito
666 3151 745 3205 sunt.
791 3145 870 3204 Nom
898 3143 931 3204 t'n
949 3144 1128 3220 sraqmento
1151 3143 1302 3205 Bernenst'
1327 3143 1407 3205 illud

108 3246 208 3323 ipsarm
230 3249 268 3308 de
284 3244 509 3324 potronoma'cis
529 3253 624 3324 caput
645 3245 678 3306 t'n
700 3247 776 3306 baec
797 3248 893 3307 uerbo
913 3245 1017 3308 statim
1039 3245 1167 3309 desinit·

195 3375 224 3427 et
246 3365 471 3427 innumerabilia
494 3364 561 3452 alia,
584 3383 659 3444 quae
682 3365 723 3424 sic
746 3374 974 3443 componuntur.

193 3485 339 3562 Sequitur
360 3493 454 3562 caput
476 3483 683 3546 undecimum:

153 3673 202 3734 lle
225 3673 372 3734 mediae
395 3673 702 3750 significationis
726 3678 761 3732 et
783 3671 987 3752 qualitatis
1006 3681 1045 3762 et
1068 3675 1290 3751 quantitatis
1312 3673 1368 3734 xt.

194 3791 309 3852 blediae
332 3791 554 3869 significationis
577 3789 623 3851 uel
647 3789 792 3851 adiectiua
815 3791 986 3853 nominihus
1001 3791 1104 3854 Latine
1120 3793 1259 3854 dicuntur
1274 3794 1403 3864 nomina,

110 3894 186 3955 quae
210 3883 239 3936 et
261 3877 373 3938 Graece
396 3876 525 3956 epitheta
548 3884 702 3945 uocantur,
734 3893 810 3954 quae
833 3879 862 3936 in
884 3877 1048 3939 meditullio
1070 3879 1163 3959 posita
1186 3877 1221 3938 ad
1245 3887 1405 3955 utrumque

109 3981 193 4024 suam
219 3963 384 4023 necessarie
407 3955 588 4024 conuertunt
610 3961 865 4040 significationem,
888 3963 968 4022 idest
988 3963 1025 4023 nd
1047 3963 1158 4026 bonum
1182 3971 1212 4023 et
1234 3963 1270 4024 ad
1286 3962 1404 4032 malum,

87 4056 139 4108 aet
168 4046 324 4124 aliquoties
358 4046 516 4117 laudantis,
551 4045 705 4124 aliquoties
737 4047 933 4127 uituperantis
971 4049 1131 4109 ostendunt
1163 4051 1312 4112 allectum.
1362 4048 1404 4108 Ex

109 4130 221 4214 quibus
243 4143 311 4194 sunt
334 4132 420 4193 baec:
445 4149 571 4212 magnus
593 4130 706 4209 grande
728 4131 805 4192 forte
826 4130 882 4193 lata
906 4131 992 4210 longa
1014 4143 1116 4214 aperta
1132 4133 1246 4194 occulta
1262 4143 1292 4194 et
1306 4141 1404 4193 cetera

111 4217 189 4279 talia.
228 4215 363 4296 ‘Magnus
378 4219 550 4298 imperator’
576 4217 700 4278 dicimus
716 4215 869 4287 laudantis,
893 4226 923 4278 et
944 4221 1077 4296 ‘magnus
1093 4218 1178 4279 latro'
1201 4220 1404 4296 uituperantis,

110 4303 237 4381 ‘grande
266 4303 389 4363 malum'
418 4309 448 4363 et
474 4301 600 4380 ‘grande
628 4300 763 4370 bonum',
793 4302 863 4364 ‘lata
891 4311 921 4362 et
942 4305 1067 4384 spatiosa
1091 4302 1191 4364 lectio’
1215 4312 1244 4364 et
1266 4305 1405 4382 ‘spatiosa

112 4389 158 4449 uia
182 4406 258 4467 quae
281 4389 364 4449 ducit
385 4388 421 4448 ad
445 4389 593 4460 mortem'‚
618 4384 716 4464 ‘longa
739 4391 808 4466 pax'
831 4395 861 4446 et
882 4387 981 4467 ‘longa
1004 4388 1174 4458 discordia',
1204 4390 1319 4468 ‘aperta
1342 4387 1404 4448 lau·

81 4489 100 4526 1⁰
112 4473 202 4535 datio'
226 4482 255 4534 et
278 4476 391 4554 ‘aperta
411 4473 613 4551 uituperatio'.
659 4471 707 4531 Sic
730 4470 905 4552 etreliqua.

308 4591 355 4652 De
379 4590 574 4669 qualitatis
597 4597 632 4650 et
653 4593 873 4669 quantitatis
896 4591 960 4652 Xll
979 4589 984 4674 Ι
1000 4597 1053 4667 lin.
1073 4594 1132 4668 sol.
1158 4595 1216 4654 IV.

181 4881 307 4942 lmedie,
326 4881 364 4932 bis
432 4885 540 4948 ilgrece
558 4883 652 4948 epiteta
721 4882 888 4947 8spociosn,
907 4881 946 4932 bis
1014 4881 1156 4948 illongua,
1174 4881 1213 4933 bis

1167 4971 1202 5034 q*
