3394 5448
278 381 355 434 CVM
373 381 576 435 nxcnnrrls
595 383 643 432 EX
663 381 744 435 EIVS
763 383 884 434 01²an
903 383 1115 435 DEPERDITO
1134 384 1305 438 INEDITIS.
1349 399 1442 446 ccvn

141 569 256 641 suerit.
304 569 345 632 Ob
367 588 434 630 eom
456 588 580 632 causam
602 589 640 632 no
662 575 693 632 in
715 575 866 634 communi
886 575 1004 648 quidem
1019 574 1173 648 uariosque
1186 575 1346 649 scriptoris
1356 573 1444 646 fonte

142 673 180 731 id
201 689 310 734 nomen
332 675 441 734 tectam
459 672 557 746 foisse
579 670 723 748 arbitror,
746 676 801 734 sed
822 693 841 735 o
862 676 986 736 Iuliano
1000 693 1054 736 sao
1069 677 1173 736 Morte
1188 676 1355 736 adhibitam
1369 693 1441 736 esse.

145 777 229 844 outo
250 777 332 851 qooo
353 793 391 836 rte
412 775 535 850 Eruipii
553 777 672 851 quidem
694 779 774 850 reon
798 778 916 839 Gotoior'
936 793 1062 851 nomen,
1092 778 1178 837 erius
1200 777 1244 835 iris
1262 775 1341 849 fecit
1361 794 1442 836 merr-

143 881 256 938 tiooem
278 876 421 939 Iulianos
442 881 555 954 quippe
576 880 713 953 aequora
734 881 781 938 soi
803 878 859 951 (cs.
879 881 956 938 Keil.
969 877 1077 956 prees.
1093 880 1138 938 od
1150 879 1302 940 Iulianum
1318 897 1354 956 p.
1373 885 1440 938 314.

144 984 220 1057 315)
244 983 275 1040 ira
298 987 366 1041 arte
388 980 540 1041 Bernensi
560 975 693 1054 leoitor?
737 979 815 1039 Nom
837 997 904 1040 com
926 979 960 1041 ia
982 987 1115 1041 tractato
1137 983 1175 1040 oe
1189 979 1350 1054 nomines.
1370 977 1443 1039 120δ

142 1083 216 1142 cod.
241 1081 337 1142 Bora.
357 1089 411 1142 123
434 1079 502 1157 (qai
523 1079 641 1143 lationi
656 1089 778 1158 partem
800 1077 947 1162 eontinet)
965 1100 999 1157 p.
1019 1090 1067 1156 68,
1085 1089 1123 1142 oo
1145 1085 1191 1142 ed.
1210 1083 1297 1142 Rom.
1313 1083 1443 1143 notens.-
1560 1098 1563 1102 ·

236 1182 397 1244 Genetibns
420 1201 498 1262 quur
520 1182 634 1245 dietus?
677 1200 818 1262 agenore
841 1182 993 1260 querendo
1017 1190 1048 1243 ut
1070 1190 1138 1262 puta
1162 1185 1187 1245 si
1209 1186 1373 1262 interroget
1394 1202 1442 1244 mo

143 1289 214 1365 quis
247 1288 333 1347 ouius
369 1284 446 1346 iilius
479 1293 525 1345 est
557 1285 712 1346 eterioiuai
763 1285 937 1364 Respondeo
976 1283 1018 1344 illi
1052 1303 1106 1364 per
1137 1285 1308 1364 genetibum
1342 1305 1441 1348 casum

148 1387 325 1450 ‘iohannis'.
370 1386 526 1458 Quomodo
547 1386 597 1448 uel
619 1387 776 1448 cuiuslibet
802 1404 865 1447 rem
894 1387 1099 1465 significando,
1127 1396 1197 1466 puta
1227 1389 1252 1450 si
1275 1373 1442 1467 interroges

142 1511 196 1552 me
217 1493 313 1552 ‘euius
336 1489 458 1570 equusi'
502 1489 680 1569 Respondeo
707 1488 763 1549 tibi
790 1507 844 1569 per
872 1486 1042 1568 genetibum
1073 1508 1189 1551 casum:
1215 1488 1331 1552 “domni
1351 1493 1441 1556 ,erai-

140 1595 188 1671 gii
209 1595 299 1672 regis'
323 1626 365 1638 —
846 1595 849 1603 “

230 1694 265 1756 in
287 1703 355 1757 orte
376 1692 528 1756 Beroenso'
544 1694 604 1768 fol.
631 1691 685 1753 22ὸ
706 1711 767 1754 noro
789 1696 851 1755 nisi
869 1695 945 1754 troee
967 1701 1053 1756 soret:

237 1799 385 1877 genitiuus
408 1815 462 1858 our
484 1797 580 1859 dietus
603 1796 666 1857 esti
703 1813 845 1874 agenore
860 1795 1012 1875 querendo
1028 1795 1074 1856 uei
1091 1795 1249 1858 cuiuslibet
1270 1815 1333 1856 rem
1350 1797 1439 1875 signi·

140 1899 276 1970 licando,
300 1902 369 1981 quia
393 1918 448 1979 per
470 1917 538 1960 eum
561 1917 655 1978 genus
678 1899 889 1977 cuiuscumque
912 1906 1049 1959 notamus
1072 1894 1119 1956 uei
1142 1914 1204 1959 rem
1228 1898 1437 1976 significamus,

141 2011 179 2063 ut
201 2016 271 2083 puta
295 2003 384 2064 huius
407 2002 538 2080 magistri
561 2001 646 2071 iilius,
669 2001 757 2062 huius
780 2001 910 2078 magistri
933 1998 1048 2060 domus.

233 2107 272 2166 Et
294 2107 393 2166 attero
414 2106 482 2165 loeo
501 2103 642 2166 Iulianos
659 2103 689 2177 f.
708 2099 782 2162 124⁶
803 2104 871 2163 eod.
889 2102 982 2163 Bern.
1003 2109 1072 2172 1235
1090 2120 1125 2177 p.
1145 2109 1192 2176 76,
1211 2109 1249 2161 66
1272 2105 1319 2163 ort.
1336 2101 1441 2163 Rom:

232 2207 301 2267 ideo
324 2205 431 2267 dieitur
453 2207 551 2266 minos
574 2223 662 2284 qaam
691 2205 803 2265 finitum
832 2223 866 2264 eo
896 2204 961 2284 (ego
990 2203 1068 2284 cod.)
1097 2203 1174 2284 quod
1204 2204 1240 2264 de
1268 2203 1383 2282 cognita
1412 2213 1442 2264 et

140 2309 271 2372 absente
293 2326 422 2388 persona
446 2307 558 2388 loquar,
581 2315 615 2368 ut
635 2314 705 2387 puta
727 2309 785 2366 seis
808 2305 942 2367 domnum
966 2307 1112 2383 eruigium
1135 2307 1199 2384 ipse
1221 2313 1265 2368 est
1279 2305 1442 2386 prineeip)s

139 2413 249 2492 spanie
273 2443 316 2458 -

233 2515 431 2590 ortiproplrua
452 2531 527 2575 uero
549 2513 712 2573 Berneasis
730 2511 759 2584 s.
786 2519 860 2580 26⁶:

232 2618 439 2700 Non¹possum
463 2615 564 2676 dicere
586 2617 649 2692 ipse
672 2615 728 2674 nisi
751 2613 788 2674 de
811 2631 846 2673 eo
869 2630 956 2690 quem
979 2621 1011 2674 tu
1035 2616 1111 2675 nosti
1134 2623 1185 2675 ant
1207 2623 1335 2692 ego-aut
1350 2613 1387 2674 de
1404 2633 1439 2674 eo

141 2738 237 2798 quem
258 2718 313 2778 tibi
336 2726 421 2780 antea
445 2717 691 2786 commemorani3
715 2726 800 2795 puta,
824 2715 848 2775 si
871 2714 949 2776 dieat
970 2715 1044 2775 mihi
1066 2715 1222 2794 quislibet:
1247 2717 1306 2777 seis
1329 2715 1438 2777 donum

141 2823 197 2883 dei
219 2829 248 2882 et
269 2829 336 2899 post
357 2820 459 2902 aliquit
481 2819 601 2880 adiciat:
626 2821 690 2898 ipse
712 2816 784 2896 legit
798 2835 913 2877 mecum
931 2819 1161 2896 grammaticam,
1185 2819 1439 2880 commemoratio·

141 2943 217 2985 nem
241 2923 309 2984 iacit
331 2921 461 2983 absentis
484 2931 514 2981 et
535 2929 623 2981 nome
644 2937 800 3000 personae.

235 3027 343 3098 Oratore
357 3026 493 3086 omnious
514 3021 680 3084 certissime
701 3025 861 3098 evincitur,
885 3024 1099 3098 ortipropirum
1113 3022 1297 3084 Beroensem
1319 3022 1441 3098 abipso

140 3133 268 3191 Iuliano
289 3129 411 3188 minime
429 3128 574 3203 pendere.
622 3126 709 3196 (inem
736 3123 764 3184 so'
785 3130 931 3184 econtra
953 3126 991 3184 oh
1013 3126 1066 3184 illo
1088 3123 1259 3186 doctrinam
1281 3142 1367 3185 suom
1384 3143 1440 3202 pe-

139 3235 227 3292 tiisse
255 3232 372 3303 dicam,
402 3247 463 3290 roa
491 3233 535 3290 r'to
561 3245 680 3300 roereor,
711 3243 749 3285 oe
777 3228 928 3286 oodooior
954 3230 984 3286 in
1012 3228 1211 3287 coniectando
1238 3244 1301 3287 esse
1322 3229 1439 3288 uideor.

139 3335 209 3394 Sed
229 3341 420 3394 transeamus
441 3333 485 3391 od
504 3348 556 3406 eo,
580 3347 660 3406 quoe
681 3332 799 3403 reliquo
820 3336 902 3402 sant,
933 3330 1061 3390 inuicem
1083 3331 1163 3389 inter
1184 3347 1216 3388 se
1236 3332 1440 3405 conparanda

140 3443 238 3510 otono
253 3435 486 3511 perpendendo.

233 3537 319 3607 Quod
338 3538 425 3612 opud
446 3538 576 3596 Keilium
597 3537 732 3611 sequitur
753 3541 930 3610 eaeorpturo
949 3551 982 3610 p.
1001 3540 1064 3608 319,
1091 3539 1219 3607 21—26,
1243 3535 1297 3594 illo
1319 3535 1438 3609 quidem

136 3642 213 3700 loeo
234 3641 266 3698 ira
287 3640 355 3700 eod.
380 3639 532 3699 Beroensi
551 3655 610 3698 non
633 3638 753 3714 tepitur,
776 3638 831 3697 sed
851 3639 882 3696 ire
901 3639 963 3709 fine
980 3635 1009 3708 f.
1036 3641 1090 3694 29⁶
1112 3633 1174 3695 ito:

231 3739 263 3800 ln
280 3740 387 3819 quibus
402 3737 593 3818 qualitatibus
608 3737 781 3799 diuiduntur
795 3738 848 3798 ista
864 3734 1057 3817 pronomina?
1079 3738 1102 3795 Α
1118 3736 1256 3798 Donato
1271 3737 1301 3797 in
1316 3735 1439 3815 duabus,

138 3844 257 3904 finitam
274 3850 303 3902 et
318 3841 471 3911 infinitam,
495 3839 649 3902 aProho
670 3841 701 3901 in
716 3848 865 3919 quattuor,
888 3840 998 3906 finitam
1015 3846 1045 3898 et
1064 3839 1215 3907 infinitam,
1239 3839 1338 3898 minus
1353 3857 1440 3918 qnam

139 3947 256 4007 finitam
273 3953 301 4005 et
316 3945 523 4025 possessiuam,
540 3961 556 4002 a
572 3943 745 4023 Pompeio
768 3943 799 4002 in
821 3942 927 4019 uiginti
943 3959 1045 4001 unam:
1069 3940 1149 4000 imita
1174 3940 1228 4001 tria
1251 3958 1306 4018 ego
1329 3948 1360 4001 tu
1381 3939 1439 4010 iiie,

138 4047 257 4108 infinita
281 4045 346 4107 vlt:
380 4047 446 4124 quis
475 4044 569 4124 qualis
597 4044 663 4106 talis
691 4050 817 4123 quantus
846 4033 944 4104 tantus
972 4050 1078 4121 quotus
1105 4049 1198 4114 totus,
1226 4043 1324 4104 minus
1351 4061 1439 4122 qoam

139 4151 225 4210 finita
249 4149 300 4210 Vl:
324 4149 386 4226 ipse
410 4149 464 4208 iste
486 4146 535 4208 hie
556 4149 581 4207 is
602 4147 680 4208 idem
703 4147 763 4216 sni,
792 4146 956 4226 possession
980 4142 1018 4202 V:
1047 4162 1133 4206 meus
1154 4153 1223 4205 taus
1245 4163 1316 4206 suus
1338 4153 1440 4205 noster

140 4261 176 4314 et
198 4259 308 4314 uester.
352 4249 433 4321 Quae
456 4251 554 4328 potins
578 4249 721 4310 tenendae
750 4247 836 4308 sunt?
879 4248 936 4307 Aut
962 4244 1029 4306 iliae
1052 4245 1128 4308 duae
1155 4254 1206 4308 aut
1233 4245 1300 4307 illae
1329 4245 1440 4326 piures.

140 4355 218 4416 Nam
240 4355 291 4433 qni
314 4359 454 4433 quattuor
478 4351 692 4419 adnumerauit,
716 4351 840 4411 muitum
864 4349 1071 4426 praetermisit.

230 4457 293 4528 Qoo
315 4459 383 4516 loco
400 4458 533 4533 primore
555 4456 653 4515 idest
674 4454 870 4525 monendam,
900 4453 1114 4526 orttproptrom
1137 4455 1321 4512 Borneasem
1347 4454 1440 4512 molto

139 4561 319 4620 acerranos
346 4574 437 4634 onom
467 4560 621 4619 Iulianum
649 4557 688 4615 de
715 4557 808 4615 Proto
833 4556 982 4615 diuisione
1014 4555 1178 4632 rettulisse3
1213 4555 1329 4615 Probus
1361 4557 1439 4614 enim

139 4667 284 4738 quartum
300 4657 517 4736 pronominum
537 4677 633 4734 peoora
654 4676 716 4720 nort
737 4658 818 4718 otoo
841 4658 1043 4728 ‘orticarloross
1068 4657 1150 4730 quod
1169 4655 1267 4728 refert
1288 4655 1438 4735 lotiones,

139 4766 195 4825 sed
217 4765 327 4825 ‘minos
348 4763 600 4839 quartarium,
624 4760 668 4834 es.
686 4762 779 4820 Probi
799 4762 936 4819 instituto
958 4760 1069 4818 ortium
1088 4777 1122 4834 p.
1150 4766 1211 4834 tat,
1238 4767 1294 4830 20;
1311 4777 1346 4835 p.
1373 4766 1436 4832 132,

142 4875 172 4930 o.
218 4867 293 4928 Nom
318 4883 397 4943 quoe
415 4866 527 4925 Probas
549 4866 586 4924 de
608 4865 740 4924 articulo
762 4864 882 4922 disserit
899 4877 934 4936 p.
954 4867 1015 4934 133,
1039 4869 1082 4940 ta,
1105 4864 1148 4921 od
1161 4881 1253 4924 onom
1268 4879 1438 4939 pronomen
