3400 5450
849 348 918 400 ΑΒΕ
936 348 1067 399 Asprum

771 568 818 631 [tu
840 569 1149 632 Punurustrtuuu.

397 706 581 786 Praepositio
603 714 646 767 cst
668 723 737 786 pars
759 705 910 773 orationis,
934 724 1009 785 quac
1031 707 1199 785 praeposita
1222 705 1287 767 aliis
1309 705 1442 786 partibus
1464 709 1611 769 orationis

312 809 557 886 significationem
586 825 688 868 earnm
719 814 769 866 ant
801 805 920 885 conplet
953 813 1002 868 aut
1034 815 1128 869 mutat
1157 815 1206 868 aut
1233 808 1347 869 minuit.
1392 809 1611 888 Praepositioni

312 910 418 971 accidit
440 928 530 971 uuum
555 915 683 977 tantum.
707 908 784 970 idest
805 927 892 970 casus
914 907 973 969 dno
996 911 1183 971 accusatiuus
1199 917 1228 970 et
1243 909 1398 972 ablatiuus.
1443 910 1506 972 liae
1529 913 1608 970 enim

311 1021 380 1072 sunt
401 1012 637 1092 praepositiones
659 1028 743 1071 casus
765 1011 940 1072 accusatiui:
963 1011 999 1070 ad
1022 1011 1099 1092 apud
1123 1019 1191 1071 ante
1206 1011 1365 1072 aduersum
1387 1013 1431 1072 cis
1453 1013 1527 1073 citra
1552 1015 1630 1073 cir-s

311 1133 379 1175 cum
407 1115 486 1175 circa
515 1121 618 1174 contra
647 1129 715 1191 erga
745 1120 827 1172 entra
855 1113 934 1173 inter
963 1113 1039 1172 intra
1068 1114 1145 1174 inira
1168 1115 1249 1175 iuxta
1273 1111 1312 1174 ob
1334 1131 1413 1194 pone
1436 1132 1490 1193 per
1514 1133 1609 1193 prope

311 1214 475 1276 secundum
498 1223 564 1292 post
586 1223 669 1276 trans
692 1213 768 1275 ultra
792 1221 916 1294 propter
937 1231 1025 1293 supra
1048 1233 1142 1294 usque
1164 1233 1267 1294 penes.
1305 1214 1460 1288 Quomodo
1482 1215 1608 1276 dicimus

311 1317 347 1377 ad
364 1325 476 1396 patrem
496 1363 503 1376 .
521 1362 527 1377 .
546 1361 553 1376 .
571 1362 578 1377 .
597 1323 626 1378 et
641 1315 676 1375 ad
700 1323 814 1396 patres,
838 1323 909 1395 aput
931 1313 1031 1377 uillam
1054 1335 1119 1378 sum
1142 1325 1172 1377 et
1193 1324 1264 1397 aput
1286 1316 1387 1384 uillas.
1411 1326 1479 1378 ante
1502 1317 1607 1378 aedem

311 1427 357 1481 sto
380 1426 410 1478 et
432 1426 501 1480 ante
524 1417 627 1486 aedes,
655 1417 814 1478 aduersum
845 1418 998 1478 inimicum
1026 1435 1126 1497 pugno
1150 1427 1180 1479 et
1201 1419 1360 1481 aduersum
1382 1420 1537 1487 inimicos,
1568 1420 1609 1479 cis

311 1523 434 1582 llnnium
458 1539 524 1582 snm
546 1529 575 1579 et
597 1521 640 1579 cis
662 1519 785 1588 lluuios,
809 1520 883 1580 citra
899 1519 996 1580 lorum
1019 1525 1064 1579 sto
1087 1527 1117 1581 et
1137 1522 1212 1582 citra
1234 1521 1314 1590 lora,
1338 1522 1450 1582 circum
1473 1521 1606 1581 uicinum
1622 1539 1640 1574 l·

311 1623 447 1685 discurro
470 1629 500 1682 et
521 1623 633 1682 circum
657 1621 787 1691 uicinos,
811 1622 890 1680 circa
915 1621 1057 1700 templum
1081 1620 1199 1682 ambulo
1215 1630 1245 1682 et
1259 1623 1338 1684 circa
1363 1620 1480 1702 templa,
1504 1631 1608 1684 contra

311 1724 428 1786 hostem
444 1741 543 1806 pugpo
560 1731 589 1783 ct
603 1731 705 1783 contra
722 1721 835 1792 bostes,
860 1738 929 1799 erga
952 1725 1152 1803 propinquum
1175 1731 1205 1784 ct
1227 1741 1297 1803 erga
1319 1726 1503 1806 propinquos
1520 1723 1607 1790 uado,

310 1835 392 1889 extra
408 1827 570 1887 terminum
586 1825 682 1902 migro
698 1831 728 1885 et
743 1832 824 1884 extra
840 1826 998 1894 terminos,
1022 1827 1100 1885 inter
1124 1843 1230 1886 nauem
1253 1825 1330 1886 uado
1354 1835 1382 1886 et
1403 1827 1481 1886 inter
1504 1845 1607 1893 naues,

309 1931 388 1989 intra
411 1945 527 1988 murum
551 1926 641 1987 sedeo
663 1933 694 1986 ct
715 1927 792 1986 intra
816 1943 925 1994 muros.
949 1927 1024 1988 inira
1049 1934 1159 1988 tectum
1182 1945 1246 1987 sum
1271 1937 1301 1987 et
1321 1927 1397 1988 inira
1414 1935 1501 1995 tecta,
1528 1929 1606 1988 iuxta

311 2027 467 2090 macellum
490 2033 536 2089 sto
559 2037 588 2088 et
609 2029 688 2087 iuxta
712 2026 845 2095 macella,
869 2025 907 2088 ob
923 2029 1081 2104 augurium
1103 2030 1264 2108 praeuenio
1280 2035 1310 2089 et
1324 2027 1362 2089 ob
1378 2029 1510 2106 auguria,
1530 2046 1606 2107 prone
1621 2047 1640 2086 u

310 2127 440 2190 tribunal
467 2128 565 2190 indico
594 2137 624 2190 et
652 2148 728 2209 pone
757 2128 930 2199 tribunalia,
959 2146 1013 2206 per
1041 2131 1184 2210 parietem
1208 2131 1317 2210 aspicio
1340 2138 1369 2190 et
1390 2148 1446 2208 per
1468 2131 1607 2208 parietes,

310 2250 404 2312 prope
427 2232 587 2292 fenestram
611 2238 657 2291 sto
673 2238 703 2292 et
718 2249 812 2310 prope
836 2228 996 2306 fenestras,
1020 2231 1185 2292 secundnm
1209 2230 1305 2311 legem
1328 2231 1426 2292 iudico
1448 2239 1478 2292 ct
1498 2249 1608 2292 secun·

310 2332 380 2394 dum
409 2331 503 2411 leges,
532 2340 599 2412 post
625 2339 744 2411 tergum
767 2331 855 2410 alligo
878 2339 997 2413 etpost
1019 2340 1117 2411 terga,
1145 2340 1227 2394 trans
1254 2335 1349 2412 ripam
1372 2333 1450 2394 uado
1472 2342 1502 2394 et
1526 2341 1608 2394 tram

309 2437 405 2514 ripas,
435 2435 512 2496 ultra
538 2436 626 2495 linem
649 2451 715 2495 sum
738 2442 769 2495 et
789 2433 867 2496 ultra
889 2435 978 2505 lines,
1009 2444 1133 2514 propter
1160 2435 1290 2497 olilcium
1319 2437 1409 2496 uenio
1431 2442 1461 2496 et
1482 2445 1608 2516 propter

309 2537 418 2605 oliicia,
442 2554 530 2616 supra
554 2535 668 2598 caelum
691 2535 818 2596 ascendo
841 2543 871 2597 et
891 2553 981 2617 supra
1004 2533 1116 2608 caelos,
1141 2554 1233 2614 usquc
1257 2555 1338 2598 mare
1361 2536 1437 2598 uado
1460 2544 1491 2598 et
1511 2556 1639 2617 usqueso

309 2640 416 2708 maria,
440 2656 534 2718 penes
556 2637 702 2699 arbitrum
723 2636 822 2698 iudico
845 2646 876 2698 ct
897 2656 989 2718 penes
1011 2638 1149 2700 arbitros,
1194 2639 1243 2700 Sic
1266 2655 1339 2717 ergo
1360 2656 1480 2719 semper
1501 2637 1606 2699 obser·

308 2740 438 2802 uandum
461 2747 521 2808 est,
544 2747 578 2799 ut
599 2739 654 2800 bae
676 2739 913 2818 praepositiones
934 2742 998 2802 siue
1020 2742 1052 2802 in
1074 2740 1216 2819 singulari
1232 2758 1355 2802 numero
1370 2742 1435 2802 siue
1450 2742 1481 2801 in
1496 2740 1606 2820 plurali

308 2843 513 2904 non'alterius
536 2859 623 2902 casus
645 2839 843 2911 declinationi,
867 2839 926 2903 nisi
948 2844 1110 2904 accusatiui
1132 2844 1272 2912 seruiant,
1296 2844 1337 2904 ita
1359 2849 1401 2910 ut,
1426 2861 1493 2903 cum
1516 2860 1605 2920 prae-

307 2945 470 3024 positiones
492 2946 573 3024 ipsae
596 2953 817 3022 praeponantur
839 2943 1023 3014 nominibus,
1053 2944 1090 3004 de
1112 2942 1309 3006 declinatione
1336 2963 1421 3005 casus
1443 2946 1606 3005 accusatini
1689 3013 1690 3016 Ἴ

308 3064 364 3106 nec
386 3064 443 3107 una
465 3045 563 3106 littera
585 3043 785 3106 subtrahatur.
1614 3061 1636 3101 ss

393 3147 632 3226 praepositiones
661 3165 747 3208 ossus
774 3146 894 3209 oblatiui
922 3157 993 3210 sunt
1019 3149 1089 3209 bae:
1120 3170 1136 3211 a
1164 3147 1200 3210 ab
1229 3146 1282 3208 abs
1310 3166 1376 3208 cum
1405 3165 1506 3208 coram
1529 3147 1602 3208 clam

309 3248 346 3308 de
369 3267 386 3308 e
409 3259 442 3308 e'x
467 3267 521 3329 pro
545 3267 616 3328 prae
638 3246 735 3328 palam
764 3250 828 3310 sine
851 3247 962 3330 absque
986 3258 1083 3312 tenus.
1128 3248 1291 3313 Dicendum
1314 3267 1386 3328 ergo
1409 3257 1455 3310 est
1476 3268 1493 3309 a
1515 3250 1602 3310 domo

308 3349 385 3410 uado
408 3357 438 3410 et
460 3369 474 3411 a
499 3349 650 3419 domibus,
674 3350 710 3411 ab
734 3349 853 3411 bomine
869 3397 876 3410 .
894 3399 901 3411 .
918 3398 925 3412 .
944 3399 951 3412 .
968 3359 998 3414 et
1018 3350 1057 3412 ab
1080 3350 1266 3426 bominibus,
1294 3349 1347 3411 abs
1369 3349 1527 3428 quolibet.
1546 3395 1601 3411 ...

307 3460 338 3513 et
364 3452 418 3513 abs
446 3452 553 3530 quibus
579 3452 667 3523 libet,
696 3470 763 3530 ¹cum
780 3453 924 3514 exercitu
952 3462 998 3514 sto
1026 3461 1150 3514 etcum
1178 3452 1369 3528 exercitibus,
1400 3471 1500 3514 coram
1531 3459 1603 3514 teste
1688 3499 1689 3508 ,

307 3554 374 3614 dico
397 3561 427 3614 et
448 3573 548 3615 coram
572 3553 713 3628 testibus,
744 3553 820 3615 clam
843 3555 964 3616 custode
1095 3563 1125 3616 et
1146 3555 1221 3615 olam
1244 3553 1431 3629 custodibus,
1456 3555 1633 3634 depresso

307 3656 384 3716 torio
406 3662 511 3716 teneor
534 3662 563 3717 et
591 3655 628 3716 de
656 3657 829 3736 praetoriis,
858 3675 874 3717 e
901 3663 981 3718 terra
1008 3659 1105 3736 migro
1128 3667 1157 3718 et
1179 3675 1195 3718 a
1217 3658 1321 3728 terris,
1350 3676 1386 3718 ex
1413 3657 1599 3735 praefectura

374 3945 475 4005 iquae
492 3944 641 4009 praeposito
657 3970 690 3980 -
708 3944 799 3994 minuit
816 3960 863 4000 om.
881 3945 905 3994 A
982 3947 998 3996 3
1015 3946 1112 3996 minuet
1128 3945 1149 3995 B
1220 3947 1333 3996 dunum
1352 3954 1449 3996 tantum
1468 3945 1598 3996 acceditB

306 4011 369 4061 baec
386 4011 466 4071 enim,
485 4028 532 4062 om.
552 4012 630 4060 estA
652 4013 718 4061 enim
742 4012 828 4062 om.B
912 4014 1187 4079 spraepostuontsn
1273 4013 1454 4080 ipropterB
1477 4015 1597 4078 preterit
1687 4019 1688 4064 1

305 4095 385 4145 penes
403 4081 511 4130 dicimus
530 4080 595 4129 enim
615 4080 634 4128 B
696 4081 762 4130 iisd
780 4090 877 4145 putrem
895 4082 964 4146 opud
984 4081 1070 4131 uillnrn
1087 4092 1146 4131 onte
1163 4082 1251 4132 aedem
1270 4089 1330 4138 etc„
1349 4083 1447 4134 omues
1462 4081 1522 4145 sere
1539 4097 1597 4133 sen·

306 4163 355 4211 per
371 4155 397 4197 et
414 4147 500 4198 cerdis
513 4148 595 4211 finitis
612 4154 637 4197 et
653 4149 744 4210 formis
761 4148 902 4213 pluralibus
920 4148 952 4198 13*
1008 4151 1078 4200 licis
1099 4150 1205 4200 llunium
1224 4161 1248 4200 et
1267 4150 1399 4200 drininsB
1470 4151 1503 4200 10
1520 4161 1559 4200 sto
1577 4159 1598 4197 et

305 4215 368 4264 citro
386 4214 442 4264 loro
459 4214 576 4265 discurro
594 4217 688 4266 circum
708 4217 819 4266 uicinum
838 4227 863 4266 et
883 4217 976 4265 circum
1002 4218 1100 4267 uicinos
1118 4217 1142 4266 A
1245 4220 1285 4270 13,
1300 4228 1325 4268 et
1345 4219 1412 4268 intra
1435 4233 1515 4268 naues
1538 4219 1597 4267 inter

305 4297 405 4331 murum
424 4285 446 4332 Α
498 4284 563 4332 inter
580 4299 672 4333 narrem
689 4285 756 4334 intra
773 4286 902 4334 moenium
920 4285 961 4334 uel
980 4299 1079 4336 murum
1097 4284 1164 4335 inira
1181 4293 1273 4336 tectum
1292 4285 1312 4335 B
1382 4287 1414 4336 15
1432 4284 1466 4351 p'p
1484 4287 1595 4336 ueniod

306 4351 338 4400 19
356 4360 440 4414 pretor
458 4349 572 4400 cilicium
590 4353 666 4400 nenio
685 4362 710 4401 et
728 4361 827 4417 praeter
845 4352 970 4402 orucian
1043 4355 1077 4405 20
1095 4369 1173 4419 snper
1190 4354 1328 4404 eoelumb
1379 4368 1458 4418 snper
1475 4355 1595 4404 taelosd

305 4433 386 4480 nsque
404 4433 473 4468 mare
491 4419 530 4468 uel
550 4421 710 4470 oceanumB
778 4423 809 4470 21
829 4421 999 4486 penetret
1051 4421 1094 4472 Sic
1111 4422 1313 4487 ergo-littero
1331 4421 1497 4472 subtrabatur
1514 4421 1596 4474 omn
1686 4449 1687 4462 l

303 4489 337 4536 24
356 4487 412 4551 ipse
430 4499 602 4551 praeponatur
620 4489 765 4538 nominatur
782 4489 813 4538 de
830 4488 1033 4538 declinationeb
1103 4490 1136 4540 26
1154 4490 1359 4556 praepositiones
1377 4491 1463 4541 omB
1497 4488 1595 4538 ablsdui
1686 4489 1687 4500 ¹

304 4570 380 4604 ossus
399 4554 446 4603 bae
464 4555 561 4603 suntB
613 4555 763 4605 oblatiueA
848 4559 880 4607 27
899 4559 984 4622 preb
1036 4557 1147 4607 dicimus
1170 4559 1235 4607 enim
1255 4573 1269 4607 o
1287 4558 1366 4607 domo
1383 4558 1415 4606 ab
1433 4557 1539 4608 homine
1555 4559 1595 4606 sbs

304 4620 417 4685 quolibet
434 4635 491 4670 cum
511 4625 623 4672 exercitu
640 4638 724 4673 corum
744 4633 807 4673 teste
824 4624 888 4673 clam
911 4625 1061 4676 custodibus
1082 4626 1245 4690 singulariter
1263 4641 1314 4674 non
1333 4634 1372 4674 est
1388 4625 1421 4674 de
1438 4627 1595 4691 praetorios

303 4699 387 4738 cetero
406 4705 438 4738 ex
458 4689 615 4754 praelectum
633 4706 679 4755 pro
698 4692 787 4741 cliente
805 4707 867 4756 prae
879 4693 969 4742 timore
981 4693 1065 4758 polam
1079 4694 1196 4744 omnibns
1215 4695 1271 4744 siue
1289 4694 1375 4743 labore
1392 4693 1490 4756 absque
1508 4694 1595 4743 iniuria

303 4767 377 4807 tenus
395 4772 483 4822 pnppe
500 4759 569 4820 quod
587 4773 635 4808 nos
653 4758 761 4809 dicimus
780 4775 849 4825 pope
866 4771 940 4810 tenus
956 4761 976 4810 B
1044 4763 1078 4812 28
1095 4763 1127 4810 ab
1145 4762 1248 4812 homine
1265 4763 1303 4812 sio
1321 4772 1345 4810 et
1360 4761 1392 4810 ab
1410 4761 1559 4812 hominibus
1576 4763 1594 4808 Α

303 4827 336 4875 29
354 4839 412 4873 eum
429 4826 542 4874 exercitu
560 4835 600 4876 sto
616 4842 748 4891 suprascr.
766 4825 779 4874 Ῑ
797 4842 827 4877 eo
845 4831 868 4879 A
937 4830 971 4880 30
989 4830 1101 4895 pretorio
1118 4829 1143 4880 A
1211 4831 1242 4882 31
1262 4844 1295 4878 ex
1312 4829 1456 4895 praelectus
1476 4829 1497 4878 Α
