3386 5442
304 309 368 376 232
699 295 935 362 COMMENTVM
953 309 1197 363 ulnstuuunsu

305 506 438 563 rantur
468 506 586 560 aulem
624 500 769 560 nourina
808 517 897 579 quae
933 507 994 561 aut
1030 499 1248 580 qualitatem
1285 500 1505 578 significant
1538 509 1589 562 aut

306 602 571 679 quantitatem,
600 603 620 662 i.
644 602 741 662 omnia
769 603 905 672 nomina,
935 619 1010 682 quae
1038 607 1267 682 comparantur,
1296 607 1346 663 aut
1375 601 1521 678 qualitatis
1545 610 1590 662 aut
1662 595 1663 676 J

306 702 477 782 quantitatis
504 709 587 771 sunt,
616 701 668 764 sed
693 721 752 764 non
775 704 888 771 omnia,
917 720 993 784 quae
1023 702 1196 780 qualitatem
1218 710 1269 764 aut
1291 705 1486 780 quantitatem
1508 700 1588 782 signi·

306 806 407 874 licant,
425 811 645 883 comparantur.
677 803 750 866 Nam
767 808 899 866 ‘caecus'
915 807 1062 866 ‘mancus’
1080 811 1109 864 et
1123 805 1309 884 ‘perlectum
1325 823 1393 864 eum
1409 807 1468 868 sint
1482 806 1589 866 uomina

306 906 454 985 qualitatis
483 904 528 966 uel
558 904 738 976 accidentia,
765 907 888 968 minime
910 913 1130 987 comparantur.
1175 905 1362 967 ‘Perfectus’
1391 907 1470 966 enim
1492 904 1607 967 dicituro

306 1006 372 1076 ille,
396 1009 445 1068 cui
467 1003 539 1068 nihil
562 1005 653 1069 deest.
698 1006 728 1068 st
752 1025 823 1085 ergo
846 1015 1036 1088 comparetur
1059 1014 1089 1068 et
1110 1007 1224 1069 dicatur
1253 1008 1426 1087 ‘perfectior
1449 1009 1590 1087 perlectis·

205 1109 421 1179 amissimus,
451 1109 529 1188 perit
555 1109 638 1186 prior
666 1110 852 1188 significatio.
897 1109 966 1170 l‘er
999 1127 1125 1170 omues
1156 1109 1303 1187 gradus.
1355 1107 1475 1170 Duobus
1506 1108 1591 1169 modis

309 1212 429 1272 nomina
452 1210 483 1271 iu
506 1212 726 1288 comparatione
754 1209 907 1282 deliciunt,
937 1213 957 1271 i.
980 1219 1031 1272 aut
1052 1210 1227 1282 litteratura,
1254 1208 1266 1292 ΙΙ
1286 1207 1347 1272 152
1363 1207 1376 1292 Η
1401 1215 1433 1271 ut
1455 1211 1527 1289 piior
1548 1219 1592 1270 aut

307 1330 412 1382 sensu,
436 1317 468 1372 ut
490 1311 658 1374 mediocris.
706 1311 777 1373 ldeo
805 1319 904 1374 autem
933 1331 988 1393 per
1015 1329 1118 1373 omues
1146 1311 1255 1390 gradus
1283 1331 1342 1374 non
1371 1319 1492 1381 exeunt,
1521 1313 1591 1389 quia,
1664 1334 1665 1414 p

309 1414 471 1492 sicutipse
496 1412 625 1473 Donatus
646 1413 677 1474 iu
699 1415 893 1493 sequentibus
915 1415 1002 1485 dicit,
1031 1413 1175 1492 quaedam
1198 1421 1282 1484 sunt,
1310 1432 1388 1492 quae
1417 1420 1526 1474 mnium
1547 1411 1619 1472 lia-u
1664 1433 1665 1440 ¹

309 1514 381 1575 bant
403 1515 578 1593 positiuum,
611 1523 644 1574 ut
666 1514 837 1584 mediocris,
868 1515 924 1577 alia
949 1517 1110 1594 positiuum
1134 1523 1163 1576 et
1185 1517 1435 1594 comparatiuum,
1461 1522 1492 1575 ut
1511 1533 1592 1575 senex

311 1616 420 1684 senior,
444 1615 551 1695 quibus
574 1615 657 1677 deest
679 1617 895 1694 superlatiuus,
919 1617 974 1678 alia
997 1619 1158 1697 positiuum
1182 1624 1212 1678 et
1233 1615 1462 1696 superlatiuum,
1485 1626 1516 1677 ut
1535 1617 1593 1694 pius

310 1718 474 1796 piissimus,
509 1715 617 1792 quibus
650 1719 733 1779 deest
766 1719 996 1798 comparatiuus.
1056 1717 1279 1796 Aliquando,
1319 1720 1344 1778 i.
1374 1735 1593 1796 nonnumquam.

310 1818 503 1880 Positiuus
530 1817 667 1895 gradus
690 1827 830 1880 tantum
859 1821 1071 1888 inuenitur,
1095 1821 1113 1879 i.
1138 1822 1202 1880 sine
1225 1820 1429 1899 comparatiuo
1452 1826 1481 1880 et
1501 1836 1592 1898 super·

310 1919 409 1981 latiuo.
455 1922 498 1980 vt
531 1918 749 1981 mediocris.
793 1920 826 1981 lu
859 1922 915 1982 lroc
942 1923 1077 1996 nomine,
1113 1919 1191 2000 quod
1221 1928 1267 1982 est
1294 1919 1467 1990 mediocris,
1500 1935 1620 1980 seususu
1665 1929 1666 1980 l

311 2021 502 2090 contradicit,
535 2040 574 2082 ne
602 2019 710 2082 habeat
737 2025 972 2102 comparatiuum
996 2031 1025 2084 et
1053 2021 1277 2104 superlatiuum.
1324 2022 1503 2084 ‘llediocris'
1524 2021 1593 2081 erim

311 2121 420 2183 dicitur
449 2125 544 2182 iustus
573 2129 769 2201 temperatus,
804 2125 868 2183 siue
898 2125 977 2202 quod
1007 2125 1137 2186 medium
1166 2123 1263 2184 locum
1292 2131 1407 2192 teneat,
1438 2124 1499 2183 siue
1524 2121 1593 2202 quod

311 2223 459 2284 modicum
476 2224 494 2282 i.
512 2221 695 2285 moderatum
720 2223 830 2302 aliquid
852 2225 894 2286 illi
917 2226 1051 2288 sulliciat.
1083 2227 1161 2305 Ergo
1177 2225 1381 2286 ‘mediocrior’
1405 2223 1592 2294 condicitur,

156 2401 162 2412 .
210 2331 346 2398 annona
367 2341 426 2384 non
449 2323 565 2384 desinat
587 2343 651 2385 esse
673 2324 843 2389 mediocris.
888 2328 1099 2408 Aliquando
1133 2328 1327 2408 positiuus
1356 2333 1390 2385 et
1420 2343 1594 2404 compara·
1666 2377 1667 2408 ,

311 2428 427 2494 tiuus,
456 2427 607 2488 inuenitur
634 2428 699 2487 sine
722 2428 919 2508 superlatiuo,
949 2437 987 2490 ut
1014 2447 1128 2490 senex
1155 2430 1294 2490 senior.
1340 2427 1438 2489 Senex
1461 2427 1560 2487 dicitur
1579 2443 1623 2483 an
1666 2447 1667 2452 ¹

312 2527 507 2589 diminutione
530 2546 635 2588 sensus
658 2537 686 2588 et
708 2527 774 2607 plus
796 2532 941 2608 significat
964 2532 1110 2610 positiuus
1133 2531 1219 2590 istius
1242 2530 1383 2598 uominiS,
1416 2546 1502 2607 quam
1523 2545 1594 2586 eom-

292 2631 478 2710 ·paratiuus,
502 2631 570 2709 quia
594 2628 717 2690 ‘senior'
739 2629 848 2692 dieitur
870 2633 921 2708 qui
943 2633 1020 2691 intra
1044 2637 1228 2692 senectutem
1252 2637 1305 2699 est,
1323 2633 1440 2691 ‘senex’
1463 2648 1531 2691 uero
1552 2629 1595 2705 qui

210 2730 347 2802 on‚arad
371 2730 504 2792 ultimam
527 2733 584 2791 iam
607 2733 744 2811 peruenit
772 2741 908 2794 aetatem.
954 2730 1162 2810 Aliquando
1190 2733 1384 2811 positiuus
1413 2739 1450 2794 et
1475 2748 1594 2810 super·

311 2831 468 2902 latinus,
498 2834 663 2904 inuenitur,
693 2835 842 2912 utplus
870 2835 1076 2912 piissimus.
1122 2833 1192 2895 Pius
1219 2832 1329 2894 dicitur
1358 2830 1524 2910 religiosus,
1553 2831 1595 2906 qui
1667 2889 1668 2904 χ

312 2934 444 2995 diuinum
468 2932 580 2994 cultum
602 2932 741 3014 religiose
763 2933 963 3004 administrat,
988 2943 1122 2996 econtra
1145 2952 1216 2996 uero
1239 2936 1349 3015 impius
1371 2935 1477 2995 dicitur
1506 2930 1624 2992 inscii-rs

312 3037 423 3115 giosus.
473 3034 538 3095 Non
571 3034 661 3096 habet
693 3043 790 3096 autem
825 3033 881 3096 hoc
913 3056 1022 3098 nomen
1056 3037 1292 3116 comparatiuum
1327 3053 1415 3096 causa
1449 3034 1554 3106 lrialus,
1579 3033 1594 3090 i.

312 3143 436 3215 propter
463 3137 583 3196 nimiam
612 3138 672 3197 oris
699 3139 894 3216 apertionem.
938 3138 975 3199 Et
997 3138 1051 3198 alia
1076 3140 1211 3209 nomina,
1242 3139 1369 3218 quaein
1392 3117 1594 3200 iusdesinuni

314 3256 373 3298 non
389 3237 501 3298 iaciunt
516 3239 749 3317 comparatiuum
773 3238 912 3316 gradum,
937 3247 969 3300 ut
992 3241 1117 3300 eximius
1138 3258 1199 3300 non
1222 3240 1293 3301 lacit
1314 3239 1466 3300 ‘eximior'
1488 3243 1595 3319 propter

282 3420 285 3428 Ι
313 3338 512 3418 supradictam
541 3357 667 3402 eausam.
718 3339 799 3400 Nam
830 3360 896 3419 pro
924 3341 1087 3402 secundo
1116 3341 1245 3418 gradu,
1275 3343 1294 3400 i.
1319 3358 1374 3420 pro
1397 3339 1593 3419 comparatiuo.

212 3441 428 3518 am,mllagis
450 3439 667 3501 aduerbium
690 3441 876 3520 ponimus,
901 3461 968 3504 cum
991 3443 1131 3522 positiuo.
1175 3445 1219 3504 Vt
1242 3443 1359 3520 magis
1382 3443 1473 3522 pius.
1510 3437 1622 3508 onan-o

314 3551 375 3604 tum
399 3541 520 3612 ualeret,
543 3543 567 3602 si
583 3541 751 3605 diceremus
774 3544 885 3622 ‘piior',
909 3551 1023 3605 tantum
1047 3543 1135 3613 ualet,
1159 3562 1225 3605 cum
1249 3543 1376 3605 dicimus
1397 3543 1503 3620 ‘magis
1517 3539 1592 3620 pius’.

315 3641 523 3723 Aliquando
554 3646 834 3722 comparatittus
857 3655 892 3705 et
914 3646 1190 3725 superlatiuus,
1220 3665 1244 3706 s.
1269 3647 1422 3705 inuenitur
1445 3645 1508 3704 siue
1528 3639 1592 3720 posi·

213 3747 385 3816 eustatium
430 3743 472 3803 Vt
495 3742 659 3806 ulterior
687 3744 846 3806 ultimus
870 3741 1002 3828 ll153ll.
1049 3746 1128 3807 llaec
1151 3746 1209 3806 duo
1233 3765 1292 3807 non
1316 3744 1428 3807 habeut
1449 3745 1591 3824 positiuum

315 3846 449 3926 gradum.
494 3845 568 3906 Nam
591 3845 682 3918 ultra,
706 3864 722 3905 a
745 3867 804 3927 quo
827 3849 882 3908 ista
905 3847 1047 3916 ueniunt,
1077 3855 1109 3909 ut
1131 3847 1351 3908 Priscianus
1373 3846 1461 3915 dicit,
1484 3851 1593 3907 nonest

315 3968 440 4017 nomen,
469 3948 520 4008 sed
550 3946 724 4009 aduerbium
753 3947 810 4009 loci
839 3947 887 4010 uel
916 3951 1104 4029 praepositio.
1155 3947 1367 4026 Aliquando
1404 3943 1621 4028 superlati-s

316 4069 382 4110 uus
410 4058 566 4117 tantum,
597 4069 619 4110 s.
645 4050 798 4110 inuenitur
825 4050 889 4110 sine
917 4051 1045 4130 positiuo
1068 4058 1097 4110 et
1119 4051 1332 4131 comparatiuo.
1378 4050 1418 4110 Vt
1447 4045 1592 4109 nouissi-

321 4169 409 4212 mus.
453 4150 637 4212 Nouissimus
659 4151 795 4212 ordinem
819 4153 964 4230 significat
985 4153 1004 4210 i.
1030 4151 1176 4217 ultimum.
1217 4152 1365 4222 Quantum
1390 4170 1461 4228 ergo
1483 4148 1518 4210 ad
1537 4162 1591 4206 seu-

316 4269 380 4312 sum
403 4255 546 4331 pertinet,
570 4252 669 4314 delicit
690 4254 719 4313 in
743 4255 871 4332 positiuo
887 4260 916 4314 et
931 4255 1141 4332 comparatiuo,
1165 4255 1232 4331 quia
1255 4255 1365 4314 ‘nouus
1388 4255 1504 4314 nouior’
1527 4243 1591 4308 aliud

385 4577 402 4627 8
420 4571 497 4642 pi'or]
517 4575 551 4625 In
568 4591 659 4640 marpa
678 4576 727 4624 nisi
746 4575 813 4640 piior
830 4575 971 4625 diceremus
990 4575 1115 4626 absonum
1134 4584 1202 4626 esset
1214 4585 1237 4624 et
1250 4575 1326 4624 nimia
1341 4575 1392 4625 oris
1405 4573 1498 4640 apertio
1515 4569 1592 4618 luisset

318 4659 375 4693 eum
394 4657 488 4708 magno
508 4643 578 4693 hiatu
647 4644 679 4694 15
698 4653 725 4693 ut
743 4641 890 4706 mediocris]
909 4643 942 4692 lu
959 4658 1048 4708 morpa
1072 4659 1178 4694 ...rsus
1196 4657 1248 4693 non
1266 4643 1391 4708 permittit
1409 4652 1435 4691 ut
1453 4634 1591 4707 [com]pare·

318 4721 359 4759 tur
376 4712 512 4762 mediocris
535 4709 632 4776 [ue]rbi
650 4712 731 4776 gretia
751 4725 860 4776 magnus
879 4719 918 4760 est
940 4729 1017 4762 ....e
1031 4711 1107 4761 lmmo
1121 4713 1204 4762 maior
1219 4727 1298 4762 ....o
1315 4713 1364 4762 iste
1376 4710 1505 4761 mediocris
1564 4701 1591 4749 Ἃ)

319 4778 494 4828 edmiuutione
561 4780 595 4831 34
611 4775 771 4844 Priscianus]
793 4779 807 4827 I
823 4796 850 4844 p,
868 4781 914 4842 83,
932 4781 949 4828 8
