3420 5450
297 363 436 412 illillvlll
697 349 747 400 DE
766 348 888 402 LIBRlS
906 347 1168 404 BERNENSIBVS.

378 539 452 600 Fuit
472 539 523 600 hic
549 538 628 599 iiher
650 539 719 599 oiim
742 537 852 600 Sancti
870 538 1016 616 Remipii,
1044 541 1078 600 id
1105 540 1188 616 quod
1212 539 1394 616 subscriptio
1422 541 1592 617 saepissime

292 643 423 716 repetita
445 647 589 702 testatur:
624 638 716 701 Liber
737 638 786 701 sci
808 641 926 719 remigii
949 638 1046 701 studio
1068 641 1170 702 iratris
1198 638 1341 710 adalaldi3
1368 643 1454 702 cuias
1477 640 1593 714 fratris

294 743 456 811 Adaioldi,
480 745 534 816 qui
553 743 687 803 codicem
707 744 846 819 scripsit,
866 742 896 816 f.
923 749 977 802 13⁶
998 759 1116 820 qnoque
1137 745 1168 804 im
1190 747 1249 804 imo
1270 746 1409 819 maraine
1429 746 1540 804 mentio
1558 747 1592 817 fit

293 847 351 905 ita:
381 845 512 924 optineat
534 849 654 903 sanctus
676 841 724 902 dei
746 840 890 922 remigius
914 852 945 904 ut
967 843 1004 904 ad
1027 845 1119 905 uitam
1142 851 1293 906 aeternam
1316 845 1462 924 perducat
1483 844 1592 906 adelol-

294 945 364 1007 dum
386 948 455 1027 pius
477 944 625 1005 dominus.

379 1049 570 1123 Bomoarsias
591 1064 665 1108 aero
686 1062 717 1108 se
739 1048 849 1110 libram
872 1065 892 1108 a
913 1049 941 1109 Ι.
957 1049 1098 1110 Rassotio
1119 1051 1271 1125 accepisse
1292 1050 1422 1111 ostendit
1435 1051 1482 1111 his
1492 1049 1523 1123 Ι.
1541 1057 1593 1110 4⁶:

296 1150 478 1228 Bongarsius
507 1149 658 1228 accepite
680 1147 701 1209 l.
723 1147 862 1212 Russatio
889 1150 1027 1230 praeside
1056 1149 1279 1212 Caluimontano
1308 1150 1516 1231 propraciecto
1539 1150 1593 1212 lin·

293 1269 427 1330 gonensr.

374 1352 404 1426 Ι.
424 1359 457 1412 1⁰
477 1355 635 1430 scriptura
657 1359 770 1422 occoe-
788 1354 818 1428 s.
838 1351 970 1414 tl—hti
991 1356 1104 1430 lepitur
1125 1370 1190 1415 ars
1212 1355 1323 1414 Petri
1339 1358 1593 1431 prammctici,

296 1458 383 1520 cuias
404 1463 553 1532 excerpta
574 1459 664 1520 huius
684 1459 759 1520 iibri
775 1474 808 1533 p.
834 1461 889 1515 159
910 1473 972 1532 seq.
1002 1457 1146 1517 dedimus.
1192 1456 1334 1518 Auctoris
1362 1473 1470 1518 momen
1495 1455 1524 1529 s.
1544 1456 1595 1517 dil

296 1561 451 1635 reperitur
479 1561 510 1620 im
538 1564 675 1622 carmine
701 1559 833 1636 quodam
863 1559 908 1620 ad
934 1561 1019 1620 illam
1041 1565 1137 1620 artem
1153 1561 1343 1636 parimente,
1365 1561 1451 1621 cuias
1477 1561 1595 1620 initiam

296 1668 355 1722 cst:
392 1661 478 1722 ‘Hoc
500 1679 577 1738 opas
605 1665 718 1738 cxipmo
746 1661 828 1739 qaod
854 1663 955 1722 cercis
981 1663 1102 1721 tramite
1128 1662 1248 1736 tectm’,
1270 1660 1316 1733 cs.
1334 1679 1370 1738 p.
1395 1666 1459 1721 159.
1505 1661 1596 1722 caus

296 1765 444 1824 carminis
465 1765 520 1840 qui
534 1767 637 1839 primo
665 1769 731 1825 ioco
748 1765 845 1842 positi
864 1768 934 1824 sumt
955 1779 1061 1824 uermes
1082 1770 1164 1838 octo,
1189 1763 1233 1822 ad
1253 1765 1369 1824 calcem
1391 1765 1492 1840 operis
1513 1771 1597 1824 recte

293 1865 424 1934 reiciam
453 1867 507 1940 qui
526 1882 601 1926 uero
622 1875 764 1928 secuntur
785 1866 856 1926 inde
877 1881 897 1924 a
919 1881 1010 1926 amsa
1035 1881 1132 1926 mono:
1161 1865 1238 1925 ‘iiic
1258 1867 1344 1926 smmt’
1368 1873 1436 1940 etc„
1466 1867 1498 1926 in
1524 1866 1598 1925 iibri

294 1967 380 2026 initio
409 1967 478 2026 oiim
507 1969 651 2028 collocati
671 1966 771 2042 fuisse
797 1969 951 2042 uidentur,
982 1969 1064 2042 qaod
1087 1984 1128 2028 ec
1155 1970 1328 2042 arammemti
1353 1970 1475 2028 ratione
1498 1967 1597 2041 facite

294 2068 458 2142 coiiipitar.
497 2066 612 2148 itaque
638 2087 744 2131 mersees
770 2072 838 2132 iilos
860 2071 963 2164 primo
989 2077 1204 2146 excerptorum
1229 2072 1297 2130 ioco
1323 2069 1450 2130 exhibui
1472 2087 1504 2146 p.
1529 2076 1595 2128 159.

294 2169 354 2229 Ars
382 2171 464 2246 ipso,
496 2185 575 2245 quoe
603 2172 634 2229 im
662 2173 730 2233 cod.
760 2170 856 2232 Berm.
888 2189 1006 2247 quoque
1035 2178 1091 2232 207
1109 2171 1138 2244 s.
1167 2177 1239 2232 168⁶
1260 2187 1322 2247 seq.
1345 2179 1445 2240 extat,
1477 2168 1512 2231 im
1538 2172 1597 2233 hoc
1706 2205 1707 2208 =

294 2269 373 2330 iihro
400 2273 558 2346 aliquanto
585 2279 678 2334 aucte
704 2281 748 2336 est
771 2272 931 2345 additiss.
957 2281 1019 2331 1—
1027 2279 1045 2332 3
1072 2275 1188 2348 aliquot
1210 2275 1247 2334 dc
1268 2275 1372 2333 littera
1399 2273 1595 2334 tractatahms:

291 2374 320 2448 s·
348 2378 378 2437 1⁶
403 2375 444 2447 he
463 2376 709 2449 srmrlrcnhnse
735 2396 882 2471 parmae
910 2381 1030 2450 limene
1057 2397 1170 2448 aecem
1201 2377 1370 2449 homimis
1400 2376 1510 2448 hoc
1491 2397 1511 2448 e
1531 2399 1595 2448 tro·

295 2458 390 2557 ciam
409 2483 439 2557 Ι.
465 2490 500 2543 2
523 2478 1051 2574 hecareosmaternsqmeos
1081 2479 1596 2551 comssathisrcotethomo

294 2601 419 2659 carens
448 2600 686 2652 suescaroms
715 2602 911 2656 comensem:
940 2587 970 2660 Ι.
996 2584 1029 2646 2·
1058 2581 1100 2652 be
1127 2602 1308 2674 qonmooa
1341 2601 1470 2653 causus
1499 2601 1598 2672 qnae

297 2703 478 2783 eppcrmot
497 2703 624 2755 uocem
642 2686 904 2758 aetrcnletatm
927 2686 1013 2761 infra
1029 2688 1113 2748 tnta„-
1136 2704 1225 2778 resep
1244 2703 1434 2755 tractatos
1455 2686 1598 2754 multon
1707 2765 1708 2772 ἵ

298 2796 596 2874 ςιλιιιιιιιιοιιυιιι
617 2786 658 2859 he
678 2789 810 2858 [amenis
831 2807 929 2878 quoa
946 2791 1107 2858 comonis
1129 2790 1212 2857 moi
1239 2787 1369 2879 exepla
1390 2806 1597 2879 ppeatmus

298 2890 357 2964 Orci
379 2891 531 2950 tractatus
551 2883 598 2945 ita
619 2902 651 2946 se
671 2887 777 2946 hahet:

381 2993 501 3050 Primum
529 2989 608 3046 nohis
637 2991 862 3066 interrogandum
885 3001 929 3048 est
952 2991 1060 3066 quando
1083 2990 1126 3048 uel
1150 3008 1205 3065 quo
1228 2999 1352 3066 tempore
1374 2991 1465 3047 littere
1487 2992 1600 3050 inuento

299 3082 427 3150 luerunt,
456 3084 547 3132 utrum
572 3074 678 3132 inerant
701 3085 762 3133 ante
786 3075 919 3133 diluuium
942 3092 976 3132 an
998 3093 1062 3134 non.
1107 3076 1171 3133 Sine
1193 3075 1277 3132 dubio
1306 3076 1419 3133 luerunt
1440 3083 1504 3133 ante
1526 3076 1598 3133 dilu-

299 3168 384 3222 uium.
428 3161 493 3218 Nam
523 3159 628 3232 legitur
654 3162 686 3217 in
715 3160 893 3236 aepistola
922 3160 1056 3218 lacohi:
1094 3161 1186 3219 Enoch
1214 3170 1278 3218 ante
1304 3160 1438 3217 diluuium
1466 3162 1600 3218 rronnulla

300 3249 444 3308 scribsisse
467 3246 565 3302 lectur.
609 3243 678 3312 Quid
701 3247 803 3320 igitur?
840 3246 994 3304 Custodinlt
1022 3245 1067 3303 illa
1095 3247 1195 3322 scripta
1217 3254 1246 3302 et
1266 3244 1327 3302 illas
1349 3245 1457 3303 litteras
1480 3247 1508 3302 ln
1529 3247 1600 3304 dilu-

300 3335 366 3392 mot
402 3331 440 3389 Ne
461 3329 585 3405 perirent
605 3331 633 3386 in
656 3330 761 3387 duabus
783 3331 918 3388 columnis
940 3331 1042 3407 scribto
1064 3331 1182 3388 inerant.
1225 3332 1289 3388 lude
1311 3329 1483 3406 Iosephus
1505 3341 1601 3389 narrat

299 3421 406 3478 dicens:
442 3414 516 3473 luhal
545 3413 618 3472 iilius
646 3415 758 3472 Lamech
782 3433 816 3472 ne
838 3416 1023 3473 dilaberentur
1045 3415 1078 3472 ab
1101 3415 1255 3473 hominibus
1283 3431 1353 3491 qnae
1375 3416 1408 3472 ah
1431 3433 1464 3474 eo
1487 3418 1602 3474 inuente

300 3503 462 3564 uidebantur
484 3508 531 3557 aut
553 3497 591 3572 (ai)
619 3506 764 3576 antequam
793 3501 824 3558 ad
852 3502 976 3559 notitiam
1003 3503 1145 3574 uenirent,
1173 3495 1257 3580 depell
1275 3501 1322 3559 iol.
1339 3501 1375 3559 3·
1391 3495 1509 3580 struent,
1538 3519 1601 3560 cum

300 3589 481 3666 praedixisset
502 3580 585 3664 (erpi)
608 3586 690 3642 Adam
721 3587 973 3643 exterminationem
1001 3603 1093 3645 rerum
1121 3588 1257 3658 omnium,
1286 3602 1366 3643 unam
1389 3587 1461 3660 ignis
1484 3588 1603 3682 uirtute3

300 3677 412 3733 alteram
440 3687 508 3729 uero
536 3687 685 3747 aquarum,
718 3689 847 3746 aquarum
877 3671 985 3728 nimiam
1015 3670 1073 3744 (ia)
1106 3671 1308 3728 multitudinem
1337 3670 1414 3748 (dne)
1443 3689 1504 3728 csse
1532 3673 1605 3730 dixit

301 3768 453 3818 uenturam.
491 3757 551 3831 lpse
575 3764 603 3812 ct
625 3759 715 3814 socius
739 3773 805 3814 suus
828 3757 895 3815 duas
910 3756 1050 3814 columnas
1065 3757 1190 3814 lecerunt
1205 3764 1233 3813 et
1248 3755 1337 3814 ambas
1361 3759 1604 3831 conscripserunt3

300 3846 348 3904 sed
371 3853 459 3902 tamen
487 3842 533 3899 ille
555 3841 647 3898 littere
676 3857 730 3916 quo
753 3859 866 3899 numero
890 3841 934 3898 nel
957 3844 1066 3899 nomine
1089 3842 1134 3899 uel
1157 3860 1210 3916 qua
1232 3841 1318 3916 ligura
1341 3837 1405 3899 lue?
1429 3845 1549 3916 scripta,
1573 3845 1604 3900 in

303 3930 440 4005 scriptura
468 3929 580 3984 minime
607 3935 782 3985 memoratur.
827 3928 892 3984 item
916 3929 986 3984 scire
1009 3944 1060 3985 nos
1082 3927 1226 3998 conuenit,
1254 3929 1280 3982 in
1310 3943 1363 4002 qua
1391 3927 1483 4001 lingua
1507 3928 1607 3986 littore

301 4017 430 4092 primitus
453 4013 555 4070 luerint
578 4012 698 4070 inuento.
729 4013 795 4069 ltem
811 4015 838 4069 in
854 4011 982 4070 llelrraica
1006 4012 1100 4086 lingua
1114 4010 1244 4085 scilicet,
1267 4014 1330 4088 quia
1352 4011 1482 4069 hebraica
1506 4012 1606 4088 lingna

302 4109 390 4158 mater
412 4106 455 4156 est
477 4099 598 4155 omnium
621 4096 775 4171 linguarum
792 4107 819 4156 et
835 4099 997 4154 litterarum.
1035 4097 1098 4154 lnde
1120 4097 1280 4154 isidorus
1303 4097 1369 4154 dicit
1385 4093 1464 4172 (arip.
1481 4097 1501 4153 I
1513 4101 1540 4163 3,
1555 4093 1606 4172 t):

302 4186 405 4241 littere
435 4183 529 4239 latine
557 4192 584 4239 et
611 4182 696 4240 Grece
719 4181 751 4239 ab
774 4183 887 4240 Hehreis
916 4183 1046 4240 uidentur
1073 4190 1175 4240 exorte.
1219 4182 1298 4256 hpud
1326 4181 1371 4253 (m.
1395 4181 1510 4257 Iaput)
1537 4183 1608 4242 illos

303 4273 375 4326 enim
398 4269 515 4343 primum
538 4269 640 4325 dictum
663 4276 707 4325 est
730 4266 824 4342 aleph,
849 4268 946 4325 deinde
969 4286 1000 4325 cx
1023 4267 1104 4325 sirnili
1127 4269 1313 4324 enuntiatione
1335 4267 1406 4341 apud
1429 4267 1474 4339 (m.
1490 4267 1608 4343 leput)
1707 4267 1708 4276 ’

303 4355 404 4412 Grecos
427 4351 514 4428 alpha.
558 4353 620 4410 lude
648 4361 713 4430 aput
742 4353 899 4409 latinosa.
924 4351 1082 4410 Translator
1105 4349 1184 4426 (tur)
1207 4353 1279 4408 enim
1302 4352 1415 4409 alterius
1437 4351 1546 4426 linguae
1570 4371 1609 4412 cx

303 4439 384 4496 simili
407 4454 475 4496 sono
498 4437 615 4495 litteram
639 4438 775 4526 condidit,
799 4447 830 4495 nt
851 4455 933 4495 nosse
955 4439 1092 4514 possimus
1109 4433 1277 4512 (possumus)
1298 4435 1417 4511 linguam
1442 4437 1609 4496 llobraicanr

303 4526 424 4582 omnium
445 4523 598 4597 linguarum
621 4532 649 4580 et
671 4481 822 4580 litterarum
845 4540 906 4580 esse
929 4532 1049 4581 nrmrem.

392 4623 466 4683 Tum
481 4619 633 4698 sequitur:
657 4621 706 4684 DE
730 4621 781 4682 ΙΙΙΙ
804 4621 1005 4684 SPEGlEBVS
1029 4620 1089 4688 b*
1070 4642 1090 4693 e
1112 4618 1314 4691 ivereium
1338 4620 1611 4686 hiericunteis

304 4724 412 4787 votis
435 4723 604 4786 SECVNDV
626 4722 822 4786 PRlSCthV
838 4721 850 4805 ΙΙ
866 4724 886 4784 Ι.
902 4721 943 4785 3¹³
962 4721 986 4806 ll.
1024 4723 1098 4785 Sunt
1119 4729 1219 4818 ¹autern
1242 4721 1295 4782 llll
1317 4722 1502 4783 dillerentiao
1525 4723 1615 4786 idest

305 4823 357 4886 llll
379 4827 495 4909 species
518 4827 601 4886 uocis
624 4823 659 4884 dc
682 4824 793 4906 quihus
814 4826 980 4906 priscianus
1003 4823 1074 4886 dicit
1096 4832 1152 4887 etc.
1175 4853 1217 4875 =
1231 4823 1331 4886 Prisc.
1354 4825 1373 4884 Ι
1388 4842 1425 4902 p.
1443 4833 1471 4899 5,
1490 4833 1611 4890 5-15.

575 5188 710 5303 X
