3464 5446
624 418 707 470 COD.
727 420 833 474 BERN.
852 424 912 476 207.
1313 440 1415 488 xxvii

125 605 278 674 eccidisse,
304 609 486 682 premertim
513 625 581 668 cnm
606 610 692 685 opud
713 610 834 672 Petrum
855 613 949 672 medin
971 614 1170 688 incendantur,
1189 615 1316 691 insuper
1335 631 1415 676 com·

125 713 300 781 meinorato,
330 723 409 784 querc
430 711 516 784 apud
536 710 616 771 tnnc
638 727 698 771 non
720 713 931 774 inueniuntur:
957 716 1053 776 sotius
1079 721 1124 776 cst
1150 717 1254 799 igitur,
1283 722 1316 776 nt
1336 733 1415 778 com·

125 825 233 869 munem
257 811 377 885 nir-ique
395 808 512 883 sontem
532 810 631 883 sense
644 818 820 875 statuamus.
851 815 930 874 Nem
944 832 970 876 e.
985 833 1018 890 p.
1033 833 1101 878 cnm
1115 817 1203 878 nnius
1217 819 1294 878 ortis
1308 825 1417 879 nector

122 910 242 983 s.113⁶
266 907 325 991 (cf.
347 928 444 988 sumn
463 930 496 989 p.
520 911 586 973 XX
591 911 625 990 V)
651 915 786 991 primam
814 917 1044 978 declinationem
1075 926 1141 980 octo
1168 919 1290 996 syllabis
1315 922 1415 994 sincli-

125 1013 173 1074 bus
197 1015 361 1074 terminari
385 1015 487 1088 dicet,
516 1015 626 1076 Petrus
647 999 721 1078 nero
740 1036 773 1094 p.
796 1025 872 1097 164,
897 1028 914 1078 5
942 1025 1054 1097 sepiem
1080 1023 1285 1081 tantummodo
1311 1023 1415 1081 iisdem

124 1116 281 1191 propositis
302 1117 449 1192 exemplis
470 1123 622 1179 ennneret
642 1125 686 1188 et,
714 1122 742 1180 si
758 1117 844 1192 sorte
871 1122 1003 1198 emplius
1025 1125 1180 1198 potuerint
1206 1124 1354 1190 inueniri,
1384 1141 1416 1183 se

126 1233 179 1278 non
199 1219 459 1279 contradicturum
481 1221 660 1296 contendet,
683 1223 738 1292 sed
758 1223 831 1282 estes
851 1237 883 1282 se
899 1225 1052 1299 posuisse,
1076 1227 1155 1285 sient
1174 1241 1194 1282 n
1216 1225 1292 1284 uiris
1312 1225 1414 1284 erudi-

126 1321 238 1379 tissimis
265 1329 402 1380 moneret
427 1328 619 1398 conpertum,
648 1325 766 1384 sincere
793 1324 949 1399 adtinnet,
979 1341 1018 1384 ne
1039 1326 1164 1386 Petrum
1185 1326 1304 1402 quidem
1325 1326 1415 1387 leuius

125 1423 194 1482 nrtt's
213 1427 342 1482 anctore
363 1438 448 1483 mum
469 1439 532 1484 esse
551 1425 640 1485 credi
656 1425 714 1498 fes
734 1431 787 1486 est.

204 1705 217 1792 ii
233 1713 252 1772 i.
271 1707 354 1772 11'lb
371 1707 384 1793 ΙΙ
414 1710 497 1774 ‘lile'
525 1713 671 1790 aliquando
694 1725 737 1772 est
757 1715 863 1774 finitum
885 1733 1052 1792 pronomen,
1080 1719 1227 1793 aliqnando
1255 1726 1298 1775 est
1326 1721 1415 1776 minus

124 1814 197 1870 quani
220 1798 338 1856 finitum.
382 1799 500 1858 diuitum
524 1818 675 1876 pronomen
697 1811 757 1874 est,
779 1801 886 1878 qnando
909 1820 1027 1878 porsena
1051 1801 1115 1876 (em
1130 1804 1205 1877 cod.)
1228 1805 1361 1878 iungitur,
1384 1812 1414 1861 ut

125 1890 164 1938 m
184 1883 250 1941 hoc·
320 1967 383 2027 lile
406 1986 471 2045 ego
494 1970 659 2045 origenis
682 1972 807 2030 doctor
830 1973 1039 2030 uerissimus
1062 1973 1161 2045 oiim,

363 2054 464 2123 Quem
487 2053 630 2131 primum
655 2056 740 2114 iidei
763 2057 906 2114 Graecia
929 2057 1024 2116 clara
1046 2058 1143 2116 dedit

121 2135 445 2301 iiiiicinnisapm'irnleffs
467 2141 582 2200 Iuliano
608 2143 707 2200 similis
734 2149 876 2217 excerpta
905 2144 965 2200 cod.
991 2147 1048 2201 tot
1067 2142 1093 2215 s.
1117 2147 1174 2202 26⁰
1200 2143 1298 2218 praes.
1317 2146 1415 2216 pertis

673 2481 715 2538 DE
737 2480 854 2539 VERBO.

200 2594 214 2679 ΙΙ
232 2602 250 2659 i.
270 2601 349 2657 119Ι
365 2593 378 2680 Ι)
404 2599 520 2658 Verbum
543 2611 587 2659 est
608 2595 672 2678 par's
695 2601 828 2659 orationis
852 2615 912 2658 cum
936 2609 1059 2677 tempore
1074 2608 1103 2658 et
1117 2617 1235 2677 persona
1258 2602 1317 2659 sine
1338 2620 1413 2674 casu,

121 2691 162 2739 ani
183 2703 267 2760 agere
289 2687 391 2761 aliquid
414 2696 461 2743 aut
482 2687 538 2761 pati
562 2696 609 2744 not
632 2695 757 2744 neutrum
781 2685 945 2760 significans.
981 2686 1097 2744 Verbum
1121 2704 1206 2760 qnare
1228 2687 1329 2745 dicturo
1353 2689 1413 2744 est?

118 2769 189 2836 Quod
213 2770 362 2829 uerberato
384 2775 447 2828 aere
469 2771 594 2830 efficitur.
631 2771 703 2847 Ergo
720 2771 743 2828 si
759 2788 810 2847 pro
824 2770 876 2828 hac
891 2773 997 2828 ratione
1017 2772 1131 2843 dieitur,
1154 2780 1182 2828 et
1204 2787 1299 2828 omnes
1321 2780 1413 2846 partes

120 2857 243 2913 orationis
275 2856 394 2914 ‘uerba’
425 2856 478 2914 dici
506 2866 633 2932 possunt.
683 2855 791 2914 Nullum
820 2857 890 2913 enim
923 2873 1077 2914 sermonem
1108 2865 1233 2913 eructare
1264 2873 1413 2932 possumne

118 2938 215 3013 absque
238 2940 433 3000 uerberatione
461 2944 541 3000 airis.
586 2944 619 3000 Et
647 2943 670 2999 si
699 2941 761 2999 ideo
788 2940 903 2999 uerbum
931 2940 1046 3015 dieitur,
1075 2941 1148 3016 quod
1177 2941 1323 3002 uerberato
1351 2946 1414 3000 aire

118 3022 239 3099 efficitur,
264 3036 293 3083 et
315 3044 409 3084 omnes
432 3035 525 3101 partes
547 3027 682 3085 orationis
704 3025 788 3084 uerba
810 3026 862 3084 dict
886 3033 1045 3101 potuerunt.
1083 3027 1135 3083 Sed
1151 3026 1293 3084 manifesta
1307 3029 1413 3085 ratione

118 3111 280 3183 ostenditur,
306 3114 385 3186 quia,
414 3129 475 3169 cum
499 3112 612 3170 uerbum
635 3111 781 3170 rrerheroto
804 3115 867 3168 aire
888 3119 1021 3187 motuque
1043 3109 1153 3186 linguae
1176 3109 1328 3186 efficiatur,
1350 3113 1412 3188 pius

118 3211 171 3250 enm
193 3193 256 3272 (sic)
283 3197 309 3254 iu
334 3195 490 3255 elocutione
513 3196 625 3271 utimur,
649 3213 730 3273 quam
752 3197 851 3254 ceteris
874 3195 1006 3274 pertibus.

196 3395 209 3478 ii
228 3401 248 3457 i.
268 3399 347 3457 121Ι
364 3394 377 3480 ss
393 3399 493 3458 tinini
508 3400 667 3473 adfirmant,
692 3401 767 3476 quod
780 3400 842 3458 ideo
858 3398 1084 3477 ‘frequentationi'
1101 3394 1217 3474 dicatur,
1241 3400 1315 3476 qood
1330 3418 1411 3476 paen·

118 3483 205 3543 ultima
227 3485 433 3561 praetunditur.
839 3482 843 3490 '

195 3689 297 3748 nodus
312 3708 327 3747 a
342 3689 459 3766 quodam
476 3689 612 3766 (quadam)
635 3691 819 3748 moderamine
841 3693 884 3748 sni
906 3698 1079 3767 nuncupatus
1102 3700 1160 3765 eet,
1184 3692 1323 3766 quoniam,
1339 3690 1412 3766 qnod

117 3773 263 3833 indicamus
277 3773 332 3832 nei
354 3776 519 3850 imperamus
541 3779 599 3834 siue
623 3785 766 3851 optemus,
789 3775 948 3851 quibusdam
964 3775 1166 3836 discriminibus
1189 3775 1411 3851 coniugationnm

115 3868 140 3914 et
157 3869 316 3936 temporum
331 3868 414 3935 atque
428 3877 606 3936 personarum
629 3862 713 3920 certis
735 3862 856 3920 numeris
877 3871 906 3918 et
927 3860 1073 3934 generibus
1095 3861 1261 3920 moderatur.
1306 3865 1413 3934 Augu·

117 3943 266 4019 stinus⁸J
291 3943 371 4003 dieit:
394 3945 501 4004 ‘tiodus
524 3957 567 4004 est
588 3946 719 4022 quaedam
743 3945 898 4022 (quendam)
922 3948 965 4003 nis
987 3946 1200 4004 declinationum
1221 3948 1328 4003 ratione
1350 3962 1411 4021 per·

114 4037 177 4104 ecta,
194 4047 253 4106 qne
276 4033 353 4087 naria
377 4038 529 4104 temporum
555 4025 567 4110 Η
585 4031 604 4088 i.
622 4023 703 4088 121b
720 4025 733 4109 ii
758 4045 935 4106 personarum
958 4048 1134 4088 numerorum
1157 4047 1325 4106 generunrue
1347 4048 1412 4088 con·

114 4113 196 4174 elusio
220 4114 353 4173 definitur
373 4113 468 4189 (uit-p.
513 4116 584 4174 iiodi
605 4117 670 4174 dicti
692 4125 772 4191 sunt,
800 4116 899 4192 quibua
927 4115 1042 4174 uerbum
1064 4124 1139 4174 certa
1161 4114 1222 4190 iege
1244 4115 1412 4186 moderatur,
1527 4154 1531 4162 ·

114 4215 144 4256 ne
164 4203 192 4257 in
214 4199 402 4259 declinatione
425 4209 500 4259 extra
522 4203 636 4259 rationis
659 4201 781 4259 ordinem
804 4201 933 4277 progredi
956 4211 1149 4274 cognoscatur.
1187 4200 1253 4257 Cum
1268 4202 1339 4257 enim
1362 4217 1412 4276 per

112 4286 205 4344 modos
228 4287 306 4344 iuxta
328 4301 406 4342 enam
428 4296 551 4344 naturam
574 4285 740 4360 inflectitur,
763 4287 815 4344 nisi
838 4285 926 4344 modis
948 4285 1067 4360 (modus)
1089 4287 1266 4344 coherceatur
1288 4293 1316 4342 et
1337 4294 1412 4344 certa

112 4373 267 4444 stringatur
295 4371 419 4444 ratione,
447 4371 551 4428 insulse
573 4370 638 4444 (ee)
667 4380 694 4428 et
722 4371 855 4430 inutiliter
885 4372 1028 4430 ordinatur
1050 4380 1078 4428 et
1100 4371 1178 4445 ideo,
1206 4388 1240 4428 ne
1262 4388 1357 4429 errore
1384 4371 1411 4428 in

96 4453 295 4514 decimatione
315 4456 458 4528 irrogetur
480 4457 539 4512 eins
562 4458 642 4529 ratio,
665 4457 806 4516 modorum
829 4456 908 4514 irene
930 4457 1118 4529 restringitur,
1140 4473 1175 4514 ue
1196 4457 1261 4514 iiluc
1276 4458 1300 4513 oi
1317 4457 1412 4514 endere

15 4585 17 4610 ,
111 4538 204 4612 liceat,
240 4539 290 4598 ubi
325 4540 417 4598 nulius
451 4541 562 4614 regulae
591 4549 692 4600 trames
720 4539 777 4617 (is)
806 4543 949 4617 permittit.
1000 4541 1032 4598 tu
1060 4539 1121 4600 ideo
1150 4543 1223 4601 modi
1250 4560 1264 4600 a
1294 4541 1410 4616 quodam

111 4626 297 4684 moderamine
319 4625 385 4684 dicti
407 4633 486 4698 sunt,
508 4623 558 4702 per
580 4627 653 4703 qued
675 4627 760 4685 uerba
782 4630 950 4701 restringere
973 4635 1187 4700 cognoscuntur.

173 4894 203 4964 *)
223 4894 286 4946 Non
303 4904 375 4947 extat
391 4896 415 4948 ie
432 4895 505 4946 loeus
524 4911 606 4958 ireque
623 4895 693 4962 npnd
711 4895 849 4946 Weberurn
868 4911 951 4958 neque
967 4895 1038 4962 apud
1055 4895 1171 4950 Keilinm,
