3390 5444
651 327 863 384 sennensrs
1344 331 1403 393 141

99 515 214 594 quibus
236 517 415 597 componitur
437 515 612 577 femininum
637 516 739 578 eadem
763 522 792 576 ct
814 501 952 578 neutrum
974 516 1053 578 idom
1073 519 1082 576 i
1100 525 1251 597 correpta,
1275 537 1351 598 quae
1373 520 1403 578 in

98 618 270 680 masculino
293 618 477 698 producitur,
501 620 531 678 in
554 623 661 679 neutro
683 626 782 679 autem
805 619 981 698 corripitur:
1010 618 1079 678 inde
1103 621 1272 696 geminatur
1294 637 1404 699 conpo-

99 721 173 780 sitio
196 720 369 781 identidem.

190 823 341 884 Personae
363 821 572 902 pronominum
596 826 669 900 quot
691 821 778 883 sunti
821 821 885 881 lloc
907 827 951 881 est
972 828 1044 882 tres.
1081 820 1179 892 Quae?
1215 822 1313 884 Prima
1338 843 1405 904 per·

70 938 195 994 osona,
218 941 295 1003 quae
318 923 355 984 de
376 941 409 984 se
430 922 578 1000 loquitur,
602 930 635 983 ut
658 939 728 1000 ego;
757 923 901 992 secunda,
926 923 1068 1000 adquam
1092 925 1187 1002 prima
1210 922 1348 1002 loquitur,
1374 935 1405 986 ut

98 1033 153 1094 tu;
185 1027 273 1087 tertia
302 1042 444 1104 persona,
473 1023 511 1084 de
533 1043 591 1104 qua
620 1025 686 1104 quis
715 1018 854 1102 loquitur,
878 1035 911 1086 ut
932 1025 996 1094 ille;
1028 1024 1079 1086 sed
1108 1043 1234 1105 persona
1257 1028 1354 1106 prima
1377 1034 1406 1086 ct

99 1125 239 1188 secunda
267 1128 385 1205 generis
413 1127 580 1188 communis
605 1135 688 1197 sunt,
720 1126 777 1187 hoc
805 1133 850 1186 est
877 1127 966 1187 trium
994 1143 1154 1203 generum,
1188 1128 1274 1188 tertia
1307 1134 1404 1190 autem

99 1246 235 1307 persona
262 1226 313 1287 ille
340 1227 496 1288 masculini
524 1229 643 1306 generis
673 1237 733 1298 est,
771 1226 945 1289 femininum
979 1233 1077 1289 autem
1100 1229 1130 1288 in
1153 1246 1168 1288 a
1192 1229 1283 1289 mittit
1305 1227 1353 1289 illa
1376 1239 1405 1290 et

100 1339 247 1392 neutrum
268 1328 351 1390 illud.
398 1328 460 1390 lloc
483 1335 581 1390 autem
604 1347 772 1409 pronomen
795 1329 909 1390 linitum
932 1330 1039 1390 tertiae
1060 1347 1223 1409 personae,
1254 1331 1332 1410 quod
1359 1340 1404 1391 est

61 1448 85 1487 ιο
99 1431 170 1501 ille,
196 1429 373 1511 aliquotiens
395 1431 426 1491 in
449 1432 547 1492 minus
570 1449 657 1510 quarn
680 1432 795 1492 linitum
819 1429 910 1501 cadit,
935 1437 968 1490 ut
989 1437 1033 1492 est
1054 1432 1085 1491 in
1105 1430 1286 1509 Virgilio:

52 1601 55 1606 ,
258 1532 327 1594 llle
350 1550 416 1611 ego
439 1533 498 1612 qui
521 1531 704 1611 quondam
728 1531 858 1609 fragili
880 1531 1091 1593 modulatus
1113 1550 1241 1594 auena.

99 1635 309 1712 Pompeius
330 1633 418 1694 dixit:
449 1635 481 1694 si
503 1633 571 1695 ille
593 1634 745 1694 linitum
767 1651 971 1712 pronomen
1001 1641 1071 1704 est,
1100 1633 1188 1711 quid
1210 1653 1300 1715 opus
1323 1636 1403 1696 lue-

98 1747 177 1804 rat.
203 1742 242 1798 ut
262 1737 363 1796 inter
380 1731 391 1816 ΙΙ
407 1731 518 1796 liliib
535 1732 546 1816 ΙΙ
562 1741 768 1814 poneretur
791 1734 874 1812 egoi
898 1733 986 1794 lntle
1008 1734 1174 1796 ostendit
1195 1735 1262 1796 hoc
1284 1727 1402 1816 ipsum

99 1854 328 1916 pronomen,
363 1838 541 1916 quoniam
574 1853 646 1897 non
680 1836 772 1896 satis
805 1837 954 1897 linitum
983 1843 1050 1898 est.
1095 1837 1190 1916 Ergo
1217 1839 1289 1898 ista
1318 1847 1404 1900 sunt

62 1937 174 2001 reduc
204 1939 409 2017 praecipue
440 1937 551 2000 linita
584 1939 823 2017 pronomina,
858 1955 924 2016 ego
959 1948 994 1999 et
1021 1946 1066 1999 tu.
1116 1938 1183 2019 lpse
1208 1957 1279 1999 uero
1303 1939 1404 2000 etille

101 2050 131 2101 et
153 2040 234 2102 idem
259 2041 357 2101 minus
380 2058 468 2119 quam
490 2039 571 2100 finita
584 2043 671 2100 ‘sunt

189 2141 283 2203 Casus
305 2143 515 2221 pronominum
539 2149 611 2220 quot
632 2141 719 2201 eunti
762 2139 837 2210 Sex,
860 2140 937 2201 sicut
959 2147 988 2202 et
1009 2141 1180 2201 nominum:
1205 2143 1404 2205 nominatiuus

101 2243 169 2312 laic,
200 2243 359 2321 genetiuus
385 2242 489 2312 huius,
524 2242 640 2305 datiuus
668 2240 753 2311 huic,
786 2243 973 2303 accusatiuus
1001 2240 1094 2312 hunc,
1129 2243 1282 2304 uocatiuus
1305 2261 1324 2304 o
1344 2245 1403 2315 nio,

101 2343 251 2405 ablatiuus
280 2342 317 2404 ab
346 2343 417 2416 noc,
447 2353 475 2404 et
497 2341 652 2424 pluraliter
673 2342 704 2403 hi
726 2343 833 2404 horum
862 2342 909 2403 his
931 2340 986 2403 hos
1008 2361 1026 2402 o
1047 2344 1080 2402 lu‘
1101 2341 1138 2402 ab
1162 2341 1216 2404 his.
1262 2343 1321 2405 Sed
1344 2363 1403 2406 non

64 2466 88 2505 m
102 2447 204 2507 omnia
227 2447 404 2525 pronomina
426 2461 480 2523 per
502 2463 606 2506 omnes
628 2429 686 2506 ser
702 2461 786 2505 casus
809 2441 1011 2506 declinantur:
1042 2445 1196 2505 inuenitur
1226 2447 1306 2505 enim
1334 2465 1403 2525 pro-

99 2565 230 2618 nomen,
254 2549 331 2609 sicut
352 2548 550 2628 Pompeius
572 2547 658 2615 dicit,
681 2545 734 2607 ubi
755 2563 833 2607 unus
855 2563 941 2606 casus
963 2544 1053 2614 desit,
1077 2543 1156 2606 idest
1177 2547 1348 2616 uocatiuus,
1372 2554 1404 2607 nt

102 2668 158 2729 ego
183 2647 244 2710 mei
267 2649 339 2710 mihi
360 2666 408 2711 me
424 2667 440 2709 a
455 2667 512 2709 me.
543 2646 683 2728 Plerique
705 2649 899 2728 interponunt
921 2667 947 2718 o,
972 2655 1003 2708 ut
1026 2664 1081 2725 ego
1103 2648 1163 2708 mei
1185 2647 1257 2707 mihi
1279 2664 1325 2708 me
1347 2665 1364 2706 o
1388 2668 1403 2710 a

101 2768 164 2821 me,
190 2757 223 2811 ut
245 2749 302 2812 lnoc
324 2753 421 2830 ipsum
444 2769 462 2811 o
485 2749 625 2811 articulus
647 2751 687 2810 sit
702 2751 831 2812 uocatiui
847 2767 946 2818 casum
971 2757 1068 2808 tamen
1092 2748 1196 2809 laisum
1218 2756 1263 2809 est
1278 2749 1404 2810 docente

101 2855 305 2934 Astyagioa
327 2869 387 2913 non
409 2858 506 2933 potest
527 2854 608 2922 lieri,
640 2859 671 2912 ut
694 2871 711 2912 o
734 2869 900 2932 pronomen
922 2853 961 2912 sit
982 2851 1111 2912 uocatiui
1134 2867 1233 2917 casus.
1264 2853 1402 2938 quoniam

66 2955 260 3016 esuocatiuns
286 2952 446 3032 singularis
473 2953 563 3015 debet
590 2951 701 3030 aliquid
732 2937 916 3014 differentiae
946 2950 1056 3013 habere
1079 2971 1095 3013 a
1118 2953 1255 3012 uocatiuo
1284 2951 1402 3032 plurali.

103 3054 210 3116 Omnis
233 3057 312 3116 enirn
335 3053 477 3118 articulus
500 3074 554 3136 per
568 3073 671 3117 omncs
694 3073 781 3116 casus
803 3073 925 3115 neccsse
948 3053 1039 3114 habet
1059 3055 1089 3114 in
1112 3053 1253 3132 singulari
1276 3072 1404 3116 numero

103 3157 192 3219 aliter
215 3155 358 3218 declinari
381 3163 411 3217 et
432 3155 518 3218 aliter
540 3159 570 3218 in
593 3155 718 3237 plurali,
741 3164 774 3218 ut
795 3165 865 3237 puta
889 3155 937 3216 hic
959 3155 1048 3216 huius
1072 3155 1140 3216 huic
1155 3156 1235 3217 hunc
1250 3173 1268 3216 o
1284 3156 1320 3217 ab
1336 3156 1403 3227 hoc,

103 3258 133 3319 hi
155 3259 266 3320 horum
289 3257 337 3320 iris
358 3256 414 3319 hos
436 3278 454 3319 o
476 3258 513 3321 ab
535 3258 591 3320 his.
638 3259 674 3320 lli
703 3276 806 3320 omnes
834 3275 921 3320 casus
942 3259 973 3318 in
997 3255 1138 3334 singulari
1161 3265 1190 3318 et
1212 3258 1320 3338 plurali
1349 3279 1404 3320 nu-

102 3377 189 3422 mero
212 3363 291 3422 inter
313 3379 346 3422 se
368 3361 448 3441 ipsos
470 3359 583 3422 diuersi
605 3367 684 3422 sunt.
729 3359 753 3420 Ε
775 3359 925 3420 contrario
947 3360 978 3421 in
1000 3360 1056 3420 isto
1080 3361 1230 3428 uocatiuo.
1261 3362 1312 3441 qui
1334 3362 1405 3422 lacit

67 3464 133 3524 ecio
156 3463 265 3524 'l'urni'
286 3463 350 3523 siue
373 3466 402 3522 ‘o
418 3466 462 3524 tu'
480 3469 509 3524 et
524 3466 554 3522 ‘o
569 3464 648 3538 uos',
671 3462 750 3522 idem
774 3458 916 3523 articulus
938 3469 998 3522 est·
1036 3460 1073 3521 Et
1094 3460 1204 3521 idcireo
1226 3459 1299 3523 illud
1316 3463 1402 3524 etiarn

103 3564 290 3646 sequendum
313 3571 373 3636 est,
396 3571 431 3626 ut
451 3564 509 3624 hoc
533 3563 627 3634 dicas,
651 3582 668 3623 ο
690 3563 928 3625 interiectionem
951 3571 1001 3623 ant
1023 3568 1104 3622 certe
1127 3560 1303 3624 aduerbium
1327 3582 1401 3634 esse,

103 3665 184 3748 quod
206 3667 347 3745 iungetur
369 3669 508 3728 uocatiuo
531 3667 624 3728 casui.
669 3666 808 3726 Ceterum
830 3661 975 3724 articulus
996 3665 1126 3725 uocatiui
1148 3683 1233 3725 casus
1256 3683 1315 3726 non
1337 3673 1403 3744 pot·

104 3778 148 3830 est
171 3767 241 3828 dici.
285 3751 362 3827 item¹
381 3763 472 3828 habes
494 3784 675 3848 pronomen,
706 3766 757 3826 ubi
778 3783 838 3828 non
861 3767 978 3827 inuenis
1001 3767 1217 3829 nominatiuum
1240 3775 1271 3827 et
1293 3768 1403 3827 uocati-

105 3888 194 3940 uum,
210 3875 243 3930 ut
258 3877 304 3930 est
318 3869 365 3930 sui
379 3866 436 3930 sibi
450 3886 483 3930 se
498 3886 515 3928 a
530 3886 571 3929 se.
602 3865 748 3939 Quattuor
763 3885 848 3929 casus
863 3867 954 3928 habet
969 3869 1123 3948 utriusque
1138 3869 1255 3930 numeri
1271 3886 1403 3930 commu·

69 3985 174 4042 eones,
198 3971 412 4032 nominatiuum
436 3981 534 4033 autem
558 3977 588 4032 ct
609 3969 781 4032 uocatiuum
806 3987 864 4030 non
886 3969 985 4031 habet.
1023 3968 1217 4031 inueniuntur
1240 3972 1328 4032 etiam
1351 3968 1402 4031 ali·

106 4092 162 4154 qua
191 4073 382 4152 pronomina,
413 4089 488 4152 quae
516 4073 638 4132 omnino
665 4089 726 4132 non
754 4070 866 4132 liabent
894 4073 949 4132 nisi
977 4070 1110 4150 singulos
1137 4090 1235 4148 casus,
1264 4078 1297 4131 ut
1319 4073 1404 4132 cuius

106 4177 172 4236 cuia
201 4176 316 4236 cuium:
354 4174 385 4233 ln
412 4171 458 4233 liis
485 4172 713 4253 pronominibus
742 4191 798 4250 nec
825 4174 1025 4234 nominatiuus
1046 4173 1198 4234 inuenitur
1220 4191 1276 4235 nec
1298 4172 1404 4254 aliquis

172 4392 353 4445 itidemtirlem
406 4393 472 4444 bad
491 4388 580 4459 quam]
599 4393 711 4454 aliquam
764 4405 792 4443 ιιι
809 4393 846 4443 tui
897 4393 1013 4459 Sgenus
1068 4393 1175 4443 litenis
1244 4395 1404 4445 neoniam

137 4460 285 4512 modulatus
337 4461 369 4511 12
388 4457 537 4527 Pompeius]
554 4477 582 4525 p.
601 4463 668 4522 202,
688 4463 722 4512 30
791 4462 823 4513 13
841 4471 869 4510 ut
885 4476 933 4512 om.
987 4462 1019 4511 15
1037 4459 1087 4510 due
1103 4461 1243 4527 praecipue
1311 4464 1343 4514 16
1361 4465 1404 4512 ide

107 4529 226 4592 liquori
296 4531 328 4580 18
347 4543 361 4578 o
380 4527 421 4578 hic
438 4545 486 4580 om.
556 4531 587 4579 19
607 4543 621 4577 o
639 4529 671 4578 ab
695 4567 698 4573 .
723 4542 774 4578 non
794 4529 889 4588 omnia]
908 4530 1013 4579 nomina
1063 4531 1095 4578 21
1114 4527 1264 4595 Pompeius]
1280 4547 1307 4595 p.
1318 4533 1403 4594 2021

106 4596 252 4647 liminio
337 4598 372 4647 24
388 4593 510 4663 astiagio]
531 4596 566 4659 cs.
584 4597 674 4661 Pomp.
693 4599 709 4650 l.
728 4598 781 4650 ts
849 4597 933 4647 uocati
1000 4596 1034 4646 26
1053 4595 1142 4646 Omnis
1160 4593 1239 4662 enim]
1259 4599 1294 4661 cf.
1313 4597 1404 4663 Pomp.

107 4667 285 4731 1.1.11εεᾳ.
353 4666 386 4714 29
405 4659 576 4728 econtrario]
596 4664 630 4725 cf.
650 4664 739 4727 Pomp.
758 4667 774 4716 t.
792 4667 809 4718 ἱ.
827 4667 862 4715 13
931 4666 964 4717 30
982 4663 1015 4714 Et
1030 4663 1137 4728 idcirco]
1154 4665 1189 4728 rs.
1205 4666 1292 4730 Pomp.
1310 4669 1327 4716 ἱ.
1340 4669 1357 4718 l.
1370 4669 1404 4716 21

107 4734 138 4782 32
156 4729 256 4800 potest]
275 4743 314 4782 est
389 4735 431 4850 1{¹33
452 4733 515 4782 Item
532 4729 624 4797 habes]
647 4733 682 4796 cs.
702 4733 790 4797 Pomp.
809 4735 826 4782 l.
845 4735 862 4784 t.
881 4734 915 4781 2⁶
1000 4735 1033 4784 35
1051 4729 1193 4800 inuenitur]
1216 4734 1251 4796 cs.
1269 4734 1359 4800 Pomp.
1377 4751 1403 4800 p.

9 4815 21 4848 1·
108 4802 216 4862 211111
286 4801 387 4863 iliquo
