3390 5444
331 345 393 410 190
782 347 951 400 veneunt
970 347 1205 400 GRAMMATICI

417 531 428 618 l¹
446 536 464 596 1.
481 533 518 596 5·
535 533 548 617 ll
573 535 684 597 Omnes
705 537 941 614 grammatici
964 537 1081 606 dicunt,
1106 537 1184 614 quod
1209 545 1349 599 accentus
1372 538 1455 598 uocis
1477 555 1540 598 non
1561 547 1617 617 pot·

330 636 425 697 estin
449 634 551 696 ultima
574 635 685 718 syllaba
708 655 774 698 esse
796 637 872 716 apud
889 637 1026 708 Latinos,
1050 640 1107 700 nisi
1122 641 1151 699 in
1169 639 1282 718 paucis.
1313 638 1505 717 Vergilius
1528 649 1615 701 umen

329 740 428 800 lilaro
455 740 485 798 in
508 737 610 799 multis
633 738 733 800 uerbis
757 740 842 817 ponit
864 740 893 798 in
917 736 1017 800 ultima
1041 741 1080 801 its
1104 739 1223 801 dicens:
1262 737 1405 802 Nonnulli
1427 742 1524 812 aiunt,
1548 743 1614 822 quod

328 843 358 902 in
381 858 441 901 uno
464 858 582 921 quoque
604 858 726 920 gressu,
749 840 827 902 idest
848 858 921 901 sono
944 840 1036 901 duum
1058 841 1184 921 pedum,
1208 841 1285 904 idest
1306 840 1485 923 syllabarum
1510 845 1615 922 primm

330 942 463 1003 eleuetur
485 948 515 1002 et
536 943 684 1004 secundus
705 941 879 1012 inclinetur,
908 950 942 1002 ιιι
963 942 1034 1020 le'git
1055 942 1116 1022 agit
1142 942 1227 1004 mibit
1256 944 1347 1006 uidit.
1394 945 1451 1005 Sed
1475 961 1533 1005 nos
1553 943 1634 1006 dici-z·

329 1063 409 1116 mus,
433 1043 511 1124 quod
535 1052 650 1106 rectum
674 1061 740 1106 esse
768 1045 926 1115 sentimus,
955 1044 1033 1124 quod
1064 1062 1123 1105 non
1154 1048 1252 1108 minus
1280 1049 1450 1127 reperimus
1476 1046 1615 1110 secundos

328 1146 420 1226 pedes
442 1144 568 1216 eleuari,
593 1163 681 1224 quarn
704 1147 831 1226 primos,
855 1153 888 1207 ut
910 1146 966 1224 ego
988 1147 1053 1206 ami
1077 1146 1150 1209 doce'
1172 1147 1253 1210 audi.
1284 1149 1411 1236 Maxime
1432 1156 1532 1210 autent
1553 1147 1615 1208 baec

328 1247 487 1309 diuersitas
509 1247 548 1308 ob
570 1247 756 1310 dissimilium
779 1265 920 1308 sonorum
944 1247 1156 1309 discretionem
1179 1259 1298 1330 reporta
1321 1258 1381 1320 est,
1405 1269 1443 1312 ne
1464 1250 1616 1314 confusibi-

327 1348 394 1410 litas
417 1349 513 1427 aliqua
537 1359 684 1412 nascatur,
721 1348 851 1410 Dicimus
867 1351 945 1410 enirn
963 1350 1148 1412 nominatiuo
1171 1369 1241 1413 casn
1265 1352 1352 1413 se'des
1376 1350 1489 1414 eleuata
1512 1353 1615 1433 primm

328 1460 358 1512 at
381 1455 407 1513 si
430 1451 556 1514 uerbum
578 1453 629 1520 sit,
664 1469 750 1514 uersa
785 1452 851 1512 nice
879 1449 1042 1513 secundum
1071 1451 1204 1515 leuantes
1232 1453 1337 1534 pedem
1367 1452 1492 1516 dicimus
1520 1453 1642 1522 sede's;n

328 1556 371 1622 sic
393 1573 461 1615 cum
484 1553 591 1615 dicitur
613 1552 715 1628 reyes,
749 1553 863 1632 primus
886 1553 1026 1630 erigitur;
1055 1562 1085 1616 at
1107 1572 1174 1616 cunt
1197 1555 1324 1618 uerbum
1347 1556 1448 1635 reges,
1478 1556 1616 1618 secundus

329 1675 381 1736 pes
410 1656 560 1726 eleuatur,
597 1653 675 1736 quod
706 1673 765 1716 non
793 1654 955 1716 secundum
984 1655 1130 1716 rationem
1165 1665 1344 1728 metrorum,
1377 1661 1432 1720 sed
1461 1658 1614 1720 secundum

329 1758 517 1819 discretionis
539 1757 733 1844 aptitudinem
756 1757 856 1818 lacere
879 1753 1021 1828 solemus,
1046 1759 1124 1821 sicut
1145 1759 1233 1820 etiam
1256 1807 1424 1822 ......
1445 1761 1615 1840 imperatiuo

242 1940 245 1948 ,
328 1861 416 1922 inodo
438 1861 562 1939 primam
586 1860 720 1920 acuimus
743 1857 883 1938 syllabam
908 1866 937 1919 et
959 1861 1152 1942 nouissimam
1180 1860 1342 1930 calcamus;
1371 1869 1401 1923 at
1428 1881 1463 1923 ex
1494 1863 1614 1932 diuerso,

328 1961 378 2022 ubi
402 1959 577 2023 aduerbinm
601 1963 640 2022 sit
657 1966 711 2033 aut
733 1961 923 2040 praepositio,
946 1963 1042 2040 prima
1065 1960 1205 2032 calcatur,
1229 1964 1388 2024 nouissima
1413 1967 1538 2026 acuitur.
1626 1983 1644 2020 s

410 2061 426 2144 ll
444 2057 552 2143 16111
577 2063 613 2123 vt
629 2060 820 2140 Vergilius
842 2060 927 2122 dicit:
951 2061 1031 2123 llaec
1047 2072 1147 2125 autem
1163 2063 1305 2126 Latinitas
1327 2073 1452 2146 propter
1473 2073 1614 2126 oratorum

327 2167 550 2226 ornatissimum
574 2163 763 2241 eloquentiae
778 2163 912 2243 leporem
928 2163 1020 2225 oratio
1036 2175 1234 2246 nuncupatur,
1258 2165 1336 2228 unde
1359 2176 1460 2246 partes
1480 2169 1616 2230 orationis

327 2264 544 2346 intellegendae
571 2273 643 2326 sunt
669 2264 706 2324 de
734 2282 859 2326 numero
882 2273 981 2344 partes
1003 2266 1176 2330 Latinitatis.
1221 2267 1378 2330 Orationes
1400 2289 1456 2349 pro
1478 2273 1615 2332 sermoni·

328 2369 382 2430 bus
405 2367 679 2449 elocutionibusque
702 2365 893 2446 accipiendae
921 2377 1005 2439 sunt,
1035 2371 1162 2449 quaein
1192 2379 1260 2431 octo
1281 2379 1383 2450 partes
1404 2370 1477 2432 findi
1497 2370 1614 2432 soleant.

413 2469 463 2554 111.
482 2468 517 2532 'l'
534 2464 547 2550 ll
565 2470 609 2530 -Vt
631 2466 836 2546 Vergilius:
860 2468 1069 2542 Reddidimus,
1094 2481 1126 2533 nt
1147 2474 1305 2552 potuimus,
1330 2475 1494 2553 superioris
1515 2492 1643 2554 super-n

325 2575 496 2652 scriptionis
525 2572 652 2651 epitoma
681 2571 828 2632 rationem
857 2572 1094 2651 requirentibus,
1123 2590 1179 2653 qua
1209 2573 1245 2636 de
1274 2593 1361 2637 causa
1392 2593 1500 2636 nomen
1527 2575 1613 2636 uerbo

326 2674 563 2756 praetulerimus.
608 2671 694 2734 Nunc
722 2671 801 2733 aliud
830 2675 1012 2752 quaestionis
1033 2674 1159 2735 inminet
1185 2693 1294 2754 genus,
1324 2695 1377 2738 cur
1400 2678 1487 2739 etiam
1509 2695 1611 2758 prono·

327 2797 394 2839 men
418 2776 543 2839 uerbum
565 2774 731 2855 praecedit,
756 2793 822 2836 cum
845 2775 972 2836 uerbum
994 2777 1128 2838 omnium
1151 2779 1280 2857 partium
1296 2780 1450 2858 egregium
1465 2781 1511 2840 sit
1546 2779 1612 2851 Oui·

326 2878 381 2940 bus
408 2879 465 2941 boc
495 2878 583 2939 modo
615 2876 857 2958 respondendum
886 2885 945 2949 est,
980 2877 1058 2958 quod
1091 2880 1122 2938 in
1157 2879 1303 2941 diuisione
1331 2883 1464 2943 omnium
1492 2883 1612 2960 partium

326 2982 470 3043 orationis
492 2979 542 3040 alii
565 2988 632 3041 octo
655 2988 757 3060 partes
779 2980 936 3050 dixerunt,
965 2979 1100 3041 nonnulli
1124 2979 1251 3043 eundem
1274 2999 1432 3045 numerum
1456 2983 1642 3045 minuentess

326 3101 435 3144 nomon
459 3090 488 3143 et
510 3099 675 3162 pronomen
697 3082 728 3143 in
751 3081 875 3144 eandem
898 3063 1013 3161 panteni
1037 3081 1233 3162 redigendum
1256 3091 1446 3165 putauerunt.
1490 3084 1610 3147 Verbum

326 3201 446 3264 quoque
468 3191 498 3245 et
518 3183 706 3264 participium
730 3186 759 3245 in
783 3202 873 3245 unum
897 3182 1155 3262 conglomerantes
1177 3184 1338 3248 absurdum
1362 3187 1514 3258 dixerunt,
1536 3186 1610 3248 uelut

325 3307 341 3348 a
365 3304 491 3367 corpore
513 3284 696 3356 membrum,
726 3289 766 3347 ita
790 3305 806 3347 a
830 3284 923 3348 uerbo
946 3304 1086 3366 separare
1108 3288 1306 3367 participium.
1351 3288 1498 3350 Aduerbia
1519 3297 1608 3350 autem

326 3398 356 3451 et
378 3389 603 3451 coniunctiones
631 3405 718 3450 unam
748 3393 861 3469 partem
891 3406 957 3450 esse
979 3396 1163 3468 putauerunt
1184 3391 1378 3470 sequestratis
1400 3392 1608 3472 praepositione

326 3500 356 3554 et
376 3491 601 3561 interiectione,
630 3498 718 3570 atque
744 3491 783 3550 ita
813 3497 882 3551 tunc
911 3497 989 3561 erat,
1019 3497 1052 3551 ut
1072 3510 1127 3571 pro
1149 3500 1215 3553 octo
1237 3491 1374 3572 partibus
1397 3494 1420 3554 V
1443 3509 1637 3552 annumero-a·

325 3663 551 3672 .-.--..-..-,..-.

393 3767 409 3816 1
428 3759 570 3832 Vergilius]
591 3763 648 3813 Non
666 3767 741 3813 extat
758 3764 828 3826 opud
845 3761 949 3813 Maium.
1018 3765 1035 3812 4
1053 3763 1120 3813 idest
1136 3765 1228 3815 addidi
1306 3759 1414 3830 clegit]
1434 3767 1553 3816 Amatae
1567 3763 1606 3812 de·

324 3841 392 3885 sunt.
461 3835 545 3896 tique
563 3841 658 3881 rectum
713 3829 929 3880 8discrecionem
999 3833 1031 3880 10
1049 3841 1075 3880 at
1092 3831 1126 3881 sit
1194 3834 1225 3881 11
1244 3847 1319 3898 reges
1337 3835 1436 3896 addidi,
1454 3834 1500 3884 sed
1514 3834 1607 3895 insuper

324 3904 452 3953 ‘rtornint's'
470 3901 621 3966 siqnipicatt'o
639 3899 801 3949 intercidisse
818 3899 927 3950 uidetur.
998 3900 1110 3964 eregitur
1127 3912 1172 3948 cut
1189 3914 1247 3950 curn
1334 3902 1366 3950 12
1383 3915 1435 3950 non
1454 3915 1503 3951 uon
1564 3897 1604 3947 sod

324 3972 415 4021 addidi
494 3972 526 4020 13
545 3964 631 4032 etism]
653 3966 815 4016 Exciderunt
832 3967 999 4018 nonnullaab
1014 3969 1187 4032 putredinem,
1205 3970 1254 4019 sed
1270 3970 1301 4019 de
1319 3971 1409 4033 ‘pone‘
1427 3969 1543 4020 wandalo
1557 3968 1603 4030 api-

324 4047 373 4092 tur.
444 4040 476 4088 15
492 4037 560 4087 calca
579 4034 721 4084 nouissime
736 4037 851 4084 occuitus
936 4037 967 4086 16
997 4033 1138 4101 Vergilius]
1158 4051 1185 4100 p.
1204 4038 1237 4086 99
1255 4037 1312 4087 Mai
1381 4038 1412 4088 tt
1431 4036 1604 4087 ornatissimum

325 4107 437 4171 leporem
457 4108 538 4156 oratio
558 4113 731 4174 nuncupatur:
751 4104 819 4154 unde
837 4115 868 4172 et
880 4113 966 4169 partes
977 4103 1100 4154 orationis
1113 4103 1298 4169 intellegendae
1309 4115 1369 4155 sunt
1386 4117 1473 4170 partos
1489 4102 1604 4154 latinitatis

324 4207 412 4258 Maius
481 4207 540 4257 tande
558 4217 644 4273 partes
664 4167 853 4273 omponis(m
871 4221 903 4256 an.
922 4205 968 4267 ΙΙ)
1049 4206 1081 4255 18
1100 4205 1227 4256 orationes
1244 4221 1292 4257 om.
1311 4206 1400 4257 Maius
1486 4209 1515 4257 te
1531 4204 1602 4254 elocti-

323 4275 505 4339 tionibnsquae
556 4289 603 4342 pro
622 4277 782 4326 sermonibus
799 4273 1015 4338 eloquentioribus
1035 4273 1198 4340 accipiendae
1216 4275 1303 4325 Maius
1354 4274 1532 4325 solentMcins
1573 4272 1603 4320 tto

325 4341 467 4410 Vergilius]
486 4361 514 4410 p.
532 4347 585 4396 13⁷
602 4343 669 4394 Mai:
698 4343 836 4412 Superiore
852 4351 945 4408 coepto
963 4341 1062 4392 reddita
1079 4343 1145 4392 ratio
1163 4352 1203 4392 est
1213 4343 1406 4406 ‘requirentibus
1425 4357 1475 4407 qne
1491 4342 1521 4392 de
1536 4351 1602 4388 cansa

394 4413 530 4478 uergilius,
554 4427 622 4466 corr.
641 4429 671 4464 m.
691 4413 725 4464 Il
743 4415 809 4478 uirg.
839 4463 851 4476 „
878 4410 1004 4476 superiori
1021 4411 1221 4476 superscriptio,
1243 4427 1312 4463 corr.
1331 4411 1399 4462 -ioui
1417 4427 1448 4462 m.
1468 4409 1499 4460 11
1567 4408 1597 4455 11

323 4499 454 4566 epitbomc
505 4513 556 4562 qua
574 4497 654 4546 diutia
722 4500 756 4550 23
774 4478 853 4547 uerbi
939 4495 1070 4561 egregium
1090 4495 1131 4546 sit.
1150 4493 1304 4562 Respondeo
1321 4495 1392 4559 qnod
1414 4495 1531 4562 Virpriias
1545 4491 1602 4543 uait

322 4567 356 4618 25
375 4565 485 4618 ettudem
504 4580 635 4616 numerum
654 4581 700 4618 orn.
719 4565 807 4616 Maiae
885 4565 918 4616 26
936 4565 961 4612 in
980 4563 1068 4614 endem
1088 4574 1161 4629 parte
1178 4563 1266 4614 Maius
1333 4577 1358 4614 et
1376 4565 1480 4614 uerbum
1497 4573 1520 4612 et
1534 4559 1599 4627 parti·

323 4636 418 4701 cipium
437 4634 524 4685 Maius
625 4635 659 4686 27
676 4633 886 4700 congloberantes
910 4645 987 4681 tritam
1009 4631 1136 4682 dixerunt.
1156 4631 1219 4681 ltem
1236 4631 1359 4683 eduerbis
1377 4643 1403 4682 et
1418 4631 1597 4682 coniunctiones.

323 4707 417 4755 ceteris
434 4704 532 4755 omissis
549 4703 636 4753 Maius
704 4703 842 4752 obsnrdutn
920 4700 954 4751 28
971 4701 1103 4750 menbrum
1173 4715 1291 4766 sperare,
1309 4716 1380 4754 corr.
1398 4713 1513 4767 separare
1528 4713 1554 4748 nr.
1569 4693 1600 4743 ΙΙ

323 4773 356 4821 29
374 4787 450 4821 tritam
469 4781 628 4834 sequestrato
647 4771 837 4836 praepositione
857 4779 880 4820 et
898 4769 1071 4819 interiectione
1089 4769 1123 4818 ita
1142 4779 1170 4818 nt
1181 4767 1204 4817 V
1216 4778 1302 4835 partes
1321 4765 1598 4830 commoneretque

324 4842 420 4890 omissis
440 4839 525 4890 illutus
593 4841 625 4890 30
643 4851 704 4902 crat,
721 4853 853 4904 suprascr.
871 4849 931 4888 tunc
948 4853 978 4888 tn.
992 4837 1026 4887 ΙΙ
1077 4839 1309 4904 artuumomnetint,
1327 4847 1517 4889 com-suerent
1532 4829 1598 4883 rust
