3394 5448
472 377 511 429 1u
529 375 615 430 uon.
633 377 760 430 nnuuu
777 377 957 433 nmonuu.
1298 376 1361 442 253

61 553 106 625 ut
121 562 283 626 ‘lecturio’
305 567 327 626 i·
351 564 450 643 legere
474 566 586 643 cogito,
611 567 747 628 ‘esurio’
771 570 792 628 i·
816 564 905 627 edere
935 567 1047 646 cogitm
1075 567 1126 646 qui
1155 569 1235 628 enim
1258 567 1361 636 esurit,

62 665 238 736 meditatur,
261 675 294 727 ut
316 666 486 736 manducet;
516 669 684 746 ‘parturio'
713 670 737 728 i·
761 686 868 747 parere
896 670 1008 746 cogito:
1039 670 1181 749 ‘parere’
1204 676 1250 731 est
1270 671 1360 730 ietum

61 767 83 826 i·
109 774 228 846 partum
251 769 402 836 emittere.
427 769 614 848 ‘parturire'
632 787 705 830 uero
727 776 796 831 ante
818 768 1068 849 parturudoiere,
1092 769 1172 832 unde
1191 773 1228 835 iu
1253 788 1362 831 euon-

61 867 183 946 geiio:
213 868 347 932 mulier
369 889 449 932 eum
472 871 653 948 parturit,
684 872 883 932 tristitiam
906 869 1033 940 hahet,
1057 873 1076 931 i·
1101 890 1168 932 eum
1191 870 1273 933 doiet
1293 879 1361 932 ante

32 979 195 1050 spartum.
239 971 537 1052 Frequentatina
564 972 658 1032 iorma
690 971 797 1033 dicitur
824 991 841 1032 a
864 973 1044 1052 frequentia,
1075 973 1154 1054 quod
1183 971 1290 1034 erebro
1320 973 1360 1042 iit,

62 1079 98 1132 ut
121 1072 255 1135 ‘lectito'
279 1074 299 1133 i·
322 1091 412 1155 snepe
439 1073 515 1152 lego.
558 1072 784 1135 lnoiroatiua
813 1072 921 1136 dieitur
943 1074 980 1135 ab
1003 1074 1185 1146 inchoando,
1216 1075 1294 1152 quod
1316 1075 1362 1134 in·

59 1173 252 1234 choationem
286 1175 310 1234 i·
342 1170 540 1254 inceptionem
574 1176 736 1254 signifieat,
778 1183 810 1236 ut
843 1176 980 1237 ieruesoo
1016 1179 1042 1238 i·
1077 1177 1197 1238 ieruere
1237 1177 1360 1256 incipio.

62 1275 244 1345 Sciendum,
281 1277 349 1354 quia
384 1275 514 1338 iionatus
545 1277 576 1338 in
610 1275 656 1336 his
688 1278 792 1338 formis
827 1285 942 1339 reotnm
982 1297 1042 1340 uon
1081 1279 1177 1340 tenuit
1215 1276 1359 1338 ordinem.

60 1376 168 1438 Primo
198 1378 276 1438 enirn
304 1378 506 1439 meditatiuant
536 1376 690 1440 debuisset
710 1395 837 1457 ponere,
868 1379 1001 1441 secundo
1027 1380 1242 1450 inchoatiunm,
1271 1380 1361 1440 tertio

21 1495 46 1534 ιο
62 1477 246 1557 perfectam,
269 1485 374 1558 quarto
396 1479 662 1560 frequentatiuam,
688 1481 755 1558 quia
778 1482 907 1560 primum
930 1481 1107 1544 meditamur
1128 1480 1254 1559 aliquid,
1278 1488 1360 1542 ante·

60 1599 154 1659 quam
177 1580 330 1651 iaciamus,
354 1579 461 1641 deiude
484 1580 669 1651 inchoamus,
694 1591 796 1662 postea
820 1583 990 1664 perficimus
1005 1580 1017 1666 ΙΙ
1035 1579 1095 1645 178
1112 1579 1141 1666 Η,
1165 1582 1201 1644 ad
1225 1581 1359 1643 ultimum

61 1683 94 1742 in
120 1701 177 1743 usn
199 1685 345 1762 ponimus.
391 1681 449 1743 Sed
477 1681 527 1746 iiie
550 1685 681 1745 imitatus
704 1692 838 1746 naturam
862 1703 879 1746 a
902 1685 1032 1763 perieota
1061 1683 1226 1753 inchoauit;
1256 1693 1360 1745 natura

61 1787 148 1845 enim
170 1785 190 1844 i·
214 1783 288 1845 deus
315 1803 332 1846 a
360 1784 501 1864 perieotis
529 1787 626 1846 omnia
655 1787 769 1865 eoepitt
802 1787 872 1847 iecit
899 1786 1052 1848 hominem
1081 1786 1247 1867 perfectum
1275 1787 1361 1865 quasi

61 1887 94 1946 in
119 1895 216 1948 aetate
244 1887 364 1964 triginta
388 1904 549 1955 annorum;
580 1886 651 1947 iecit
680 1896 710 1947 et
736 1886 874 1950 arborem
904 1905 962 1949 non
986 1889 1127 1949 fructum.
1172 1885 1242 1948 ideo
1265 1886 1362 1947 Dono·

23 2005 47 2046 u
62 1997 114 2049 tus
138 2007 154 2048 a
178 1989 309 2069 perfecta
332 1987 493 2049 iuohoauit.
531 1988 594 2049 iloo
612 2005 730 2068 quoque
744 1988 913 2060 sciendum,
938 1991 1006 2069 quia
1027 1989 1246 2070 frequentatiua
1269 1985 1362 2048 uerba

61 2091 182 2169 primae
209 2089 425 2169 coniugatiouio
448 2098 530 2160 sunt,
558 2097 591 2150 ut
613 2088 714 2152 lectito
737 2109 785 2158 as;
815 2089 985 2154 inchoatiua
1015 2093 1135 2167 tertiae,
1164 2098 1198 2151 ut
1225 2090 1361 2151 iorueseo

60 2195 121 2258 cis:
154 2189 324 2252 meditatiua
354 2200 425 2253 sunt
452 2200 590 2270 qnmtae,
620 2199 652 2252 ut
680 2191 814 2253 ieeturio.
860 2191 956 2253 Verba
979 2210 1053 2254 uero
1075 2193 1225 2272 perieotae
1248 2194 1361 2253 iormae

61 2295 200 2354 omnium
223 2305 292 2354 sunt
314 2294 564 2371 coniugationum.
608 2289 779 2355 lnohoatina
802 2311 861 2355 non
885 2292 997 2355 habeut
1017 2295 1210 2374 praeteritum
1234 2302 1361 2373 tempus,
1376 2309 1505 2365 upum

61 2397 151 2476 quia,
179 2411 254 2475 quae
282 2395 477 2466 inchoantur,
508 2414 566 2456 nou
596 2403 720 2474 possunt
748 2393 858 2456 habere
886 2396 1090 2474 praeteritum.
1134 2396 1228 2458 Sunt
1250 2396 1488 2468 etiamnum

23 2496 368 2578 mirequeutatina.
392 2515 466 2577 quae
489 2515 505 2557 a
528 2498 648 2557 nomine
671 2497 804 2557 ueniunt.
849 2496 954 2560 ‘Etiam
979 2497 1016 2558 de
1032 2498 1166 2558 uomine’
1190 2496 1270 2567 dicit,
1294 2497 1361 2578 qnia

61 2601 206 2680 superius
228 2597 303 2658 dixit
325 2599 359 2659 ‘a
381 2597 509 2670 nerbo';
534 2617 593 2659 nou
616 2598 710 2659 solnm
733 2617 749 2659 a
772 2597 878 2668 uerbo,
908 2598 960 2660 sed
983 2600 1070 2661 otiam
1093 2616 1109 2659 a
1132 2599 1266 2668 nomine,
1292 2606 1362 2658 uta

62 2703 203 2770 nomine,
227 2699 304 2778 quod
329 2707 375 2761 est
396 2708 495 2779 pater,
519 2701 683 2779 ‘patrisso’
706 2699 730 2759 i·
754 2717 838 2761 more
869 2703 961 2780 patris
990 2719 1062 2779 ago,
1091 2709 1122 2760 et
1143 2699 1180 2760 ab
1204 2717 1251 2768 eo,
1283 2697 1361 2778 quod

62 2810 111 2864 est
134 2803 280 2871 Graecus,
310 2803 493 2880 ‘graecisso'
521 2803 547 2862 i·
572 2819 654 2863 more
683 2801 866 2862 Graecorum
889 2801 1005 2882 loquor.
1050 2802 1143 2863 Sunt
1170 2800 1227 2862 aiia
1256 2801 1452 2880 quonium

62 2905 307 2973 diminutiua,
341 2905 408 2983 quia
437 2905 467 2964 in
496 2905 524 2964 io
552 2904 692 2965 desinunt
720 2911 750 2964 et
777 2921 793 2963 a
822 2904 952 2983 perieota
988 2903 1082 2964 iorma
1116 2903 1255 2972 ueniunt,
1291 2903 1316 2961 i·
1345 2919 1361 2961 a

22 3007 202 3085 superiecto
231 3004 341 3075 uerbo,
370 3013 408 3066 ut
429 3004 591 3067 sorbillo
613 3007 787 3086 trequenter
809 3004 932 3075 sordem
961 3005 1140 3085 suggitm,
1165 3007 1185 3066 i·
1209 3002 1361 3082 strangulo

61 3129 78 3170 a
104 3108 202 3170 uerbo
223 3125 351 3186 suggero
374 3108 399 3166 i·
423 3108 590 3186 interrogm
621 3107 817 3186 ‘suggillare’
847 3109 968 3188 proprie
999 3116 1045 3170 est
1067 3105 1172 3169 erebra
1195 3108 1362 3184 iuterroga-

61 3213 148 3271 tione
176 3212 260 3290 quasi
288 3208 483 3287 strangulare.
529 3208 592 3272 tilia
619 3209 700 3270 sine
729 3211 890 3288 origine,
925 3211 949 3269 i·
973 3227 1048 3289 quae
1070 3227 1086 3270 a
1109 3227 1142 3270 su
1165 3209 1302 3281 ueniunt,
1326 3215 1447 3282 utram

62 3313 220 3392 pitisso,
244 3313 263 3371 i·
286 3311 458 3389 irequenter
481 3309 552 3372 bibo
575 3311 624 3372 uel
646 3329 736 3391 spuo,
760 3311 828 3372 iude
850 3313 978 3390 ‘pituita’
996 3310 1106 3371 dieitur
1123 3312 1236 3388 minuta
1259 3310 1361 3372 saliua.

62 3413 227 3483 Vaciiio,
262 3415 287 3473 i·
317 3411 413 3473 titubo
443 3431 549 3474 moneo
583 3412 699 3474 dubito:
734 3412 873 3474 ‘uaeiiiat
905 3413 1020 3473 animus
1047 3414 1148 3473 meus'
1182 3415 1208 3472 i·.
1237 3410 1361 3473 dubitat.

23 3517 162 3577 ooSunt
190 3523 224 3575 et
252 3517 538 3592 frequentatiua
567 3516 602 3575 in
630 3522 707 3576 tres
735 3514 888 3593 gradus,
918 3517 940 3574 i·
963 3517 993 3576 in
1016 3521 1079 3575 tres
1106 3513 1303 3588 litteraturas,
1328 3522 1365 3573 ut

62 3636 181 3680 curro
205 3618 318 3696 primos
340 3617 463 3695 gradum
493 3635 605 3678 curso
627 3617 789 3687 secundus:
813 3617 956 3679 cursito
979 3619 1097 3688 tertium
1121 3615 1172 3678 sed
1196 3620 1310 3677 ‘curso’
1333 3623 1452 3676 et³⁸22⁵

62 3721 205 3781 ‘cursito’
228 3720 306 3780 idem
331 3727 386 3780 est.
432 3719 547 3797 Saepe
575 3720 611 3778 in
639 3718 745 3789 duos,
773 3737 797 3780 s.
821 3718 943 3797 gradus.
986 3720 1029 3779 Vt
1056 3717 1141 3780 noio
1170 3717 1268 3788 unias,
1293 3716 1451 3778 rodomo

62 3822 160 3884 nolito
188 3840 234 3882 as:
265 3819 389 3882 ‘uoiitot
416 3820 537 3899 aquiia’,
570 3821 596 3881 i·
619 3822 795 3899 irequenter
825 3819 914 3882 uolat.
960 3821 1178 3900 Compeseo,
1212 3822 1237 3881 i·
1262 3821 1363 3896 mitigo
1376 3830 1421 3877 ⁸8²,

61 3991 301 4002 -a——e--n--n

133 4109 250 4176 tiptum
319 4111 380 4162 itin
398 4104 544 4174 euangelio]
563 4108 621 4160 luit.
635 4108 706 4158 XVI
723 4112 757 4159 21
827 4111 858 4159 12
877 4111 902 4158 iu
921 4123 997 4159 orsum
1067 4111 1099 4159 14
1116 4109 1141 4159 iu
1160 4110 1265 4176 triginta
1283 4117 1365 4157 aetate

62 4181 95 4230 21
115 4175 251 4244 superius]
272 4179 337 4230 Dora.
354 4195 381 4244 p.
402 4180 498 4240 382,1
566 4179 599 4227 22
617 4177 716 4242 patrino
768 4178 854 4242 petuis
872 4191 922 4244 ogo
990 4180 1023 4229 ts
1041 4191 1134 4244 greum
1152 4178 1253 4244 greoizo

74 4335 86 4340 -
104 4335 160 4341 -.-
167 4333 296 4340 .-.fi—..-

135 4451 152 4501 8
177 4450 269 4502 Gioaea
290 4451 386 4501 oodioir
408 4449 551 4501 Beruenoio
569 4450 591 4513 s.
611 4451 658 4500 10·
680 4465 760 4516 murp.
777 4450 853 4506 decos
889 4449 1026 4501 Sciendum
1049 4461 1088 4500 est
1110 4451 1171 4513 quio
1195 4464 1245 4499 nou
1268 4457 1364 4500 rentum

64 4520 183 4570 ordinem
210 4520 290 4568 tennit
311 4517 426 4568 Donatus
449 4519 474 4567 in
499 4518 538 4568 irio
557 4517 661 4581 iounio;
688 4533 746 4567 num
774 4519 884 4584 primum
911 4519 1033 4568 debuerat
1058 4533 1155 4584 ponere
1180 4517 1364 4580 meditandam,

63 4588 160 4638 deinde
186 4586 372 4646 inchoationem,
401 4597 491 4651 posteo
522 4586 673 4652 perfeetum,
701 4587 734 4636 nd
762 4585 878 4637 ultimum
906 4586 1132 4650 frequentatiuam;
1167 4600 1225 4635 uam
1252 4586 1363 4652 primum

64 4657 221 4706 meditamur
243 4669 296 4706 rem
319 4669 408 4720 ogere,
432 4654 524 4704 deiude
545 4653 710 4717 inchoamus,
733 4665 825 4720 postea
842 4669 903 4705 uero
922 4653 1083 4721 perficimus,
1105 4653 1243 4720 perfeetum
1261 4667 1322 4703 uero
1338 4654 1364 4702 in

64 4723 194 4787 trequenti
212 4737 261 4773 usn
279 4735 403 4774 tenemur.
438 4719 489 4772 Sed
506 4723 532 4771 in
555 4723 661 4773 exordio
682 4722 772 4772 mundi
798 4723 885 4773 omnia
910 4722 1021 4789 periente
1047 4722 1106 4773 feeit
1131 4722 1208 4784 deris,
1236 4721 1365 4772 hominem

64 4791 163 4843 seilicet
180 4792 319 4858 perfeetum
338 4793 363 4840 in
382 4799 464 4840 uetote
482 4791 587 4856 triginta
604 4805 741 4854 annorum,
760 4805 812 4841 non
830 4805 947 4858 puerum,
966 4791 1094 4850 noiatiiia,
1112 4805 1164 4840 uon
1183 4805 1241 4849 ouo,
1260 4789 1365 4841 arboreo

65 4875 176 4928 magnos
194 4875 252 4910 cum
270 4859 340 4910 ioiiio
359 4869 383 4910 et
400 4859 537 4911 iruetitrns:
559 4859 627 4909 huno
650 4859 765 4910 ordinem
788 4875 899 4924 nequens
922 4859 1040 4911 Donatus
1058 4875 1073 4910 a
1089 4857 1209 4927 perfectio
1227 4858 1365 4910 inchoauit.
