3420 5450
663 351 744 403 coo.
764 351 869 403 nunu.
892 353 930 401 re.
1377 369 1448 416 XLV

228 543 247 599 i.
267 543 452 602 108·001.1
476 543 609 618 baetylica
632 543 744 599 iambica
768 552 796 599 et
820 542 955 599 trochaica
980 551 1065 600 metra
1084 543 1230 618 apedihus
1253 554 1318 601 suut
1341 555 1447 604 uocata.

142 629 277 703 Dactylica
301 636 388 684 metra
409 629 569 702 principalia
593 636 673 698 sunt,
700 626 838 702 recipiunt
862 635 950 684 tamen
973 627 1110 702 dactylum
1132 629 1228 703 pedem
1252 638 1280 685 ει
1302 631 1446 704 spondium

142 713 212 770 locis
234 713 380 784 omnibus,
403 715 431 769 iu
453 712 506 769 fine
529 723 635 771 tautum
658 713 826 773 trochaeum.
871 711 1007 787 Dactylico
1030 722 1118 770 metro
1141 713 1248 770 iambus
1269 731 1379 790 semper
1400 716 1447 771 ad·

142 801 253 855 iunctus
277 807 330 855 cst.
374 797 466 854 Altero
489 800 560 855 enim
584 797 845 873 praeliadicuntur,
870 797 958 854 altero
980 797 1116 856 clarorum
1141 798 1280 856 hominum
1303 800 1360 855 uita
1382 816 1447 857 oon·

114 883 274 939 ascribitur
298 885 415 957 ideoque
438 883 489 939 sibi
512 883 648 940 coniuncti
673 888 747 940 sunt.
790 881 936 956 Recipiunt
958 892 1047 940 autem
1070 893 1155 940 metra
1178 883 1292 940 iambica
1314 884 1382 941 locis
1406 886 1447 942 in-

140 967 255 1042 paribus
289 969 342 1025 hos
376 971 499 1042 quinque
526 968 625 1043 pedes,
654 967 725 1024 idest
753 967 871 1024 iambum
896 967 1051 1043 tribrachyn
1080 969 1225 1043 spondium
1253 967 1389 1043 dactylum
1418 979 1446 1026 et

139 1061 338 1126 anapaestum,
367 1053 436 1109 locis
465 1062 554 1109 autem
586 1053 699 1128 paribus
727 1061 833 1109 mutum
862 1051 978 1109 iambum
1009 1051 1053 1110 uel
1077 1053 1250 1128 tribrachym
1279 1055 1446 1128 pyrrichium

139 1137 203 1194 loco
227 1135 454 1194 tantumultirno
477 1139 643 1210 notamen,
669 1146 701 1194 ut
726 1136 875 1194 multorum
899 1138 1023 1195 breuium
1046 1140 1172 1195 iunctura
1193 1139 1307 1196 uitetur.
1352 1140 1446 1214 llacty·

139 1221 223 1280 licum
248 1225 404 1280 trimetrum
427 1230 535 1279 constat
557 1240 588 1280 er
609 1221 718 1298 dactylo
742 1223 856 1280 trocheo
878 1231 907 1279 et
929 1223 1045 1297 spondio
1068 1225 1127 1280 siue
1143 1239 1174 1279 ex
1190 1222 1297 1298 dactylo
1315 1225 1445 1280 trochaeo

101 1319 124 1356 ιι
138 1316 169 1363 ει
191 1307 309 1382 spondio
332 1307 386 1364 hoe
407 1307 543 1382 exemplo:

550 1393 597 1449 'lu
619 1407 727 1467 genus
751 1394 816 1449 hoc
838 1402 1017 1450 memento.

226 1476 451 1535 i.13'i⁸col.2
473 1477 615 1552 Elegiacus
642 1486 814 1552 pentameter
842 1479 955 1534 heroico
981 1495 1091 1552 semper
1113 1478 1257 1536 adiunctus
1280 1485 1331 1535 est.
1376 1479 1446 1536 Con·
1507 1493 1511 1503 ·

137 1571 195 1618 stat
223 1570 315 1618 auteur
345 1565 461 1636 spondio
489 1563 552 1620 loco
581 1562 669 1637 primo
696 1572 724 1618 et
746 1562 866 1619 secundo
889 1562 998 1637 dactylo
1022 1563 1090 1620 locis
1113 1563 1239 1620 omnibus
1262 1562 1393 1620 catalecto
1417 1567 1443 1619 in

137 1647 230 1702 medio
254 1656 283 1704 ει
306 1649 334 1702 in
357 1647 426 1720 line,
449 1655 481 1703 ut
502 1656 545 1704 est
568 1649 635 1705 hoe:
1185 1645 1187 1649 ⁴

98 1741 122 1782 ιε
348 1731 428 1789 Plus
449 1749 547 1807 quarn
573 1733 673 1789 turba
698 1732 799 1804 lacit,
823 1734 881 1807 qui
906 1750 967 1789 sua
991 1734 1093 1789 eorda
1117 1733 1241 1791 domat.

225 1865 272 1924 Ile
293 1873 421 1925 occentu
442 1871 472 1924 et
490 1853 635 1941 postoris
658 1867 752 1926 baec:

225 1985 371 2044 ihioul.
389 1987 417 2043 1.
461 1989 596 2044 docentus
625 1996 668 2044 est
696 1987 783 2044 anima
811 1987 959 2044 uerborum
990 1987 1049 2044 siue
1077 2003 1130 2043 uox
1158 1985 1296 2061 syllabae,
1325 1990 1444 2062 quaein

135 2088 267 2130 sermone
297 2070 362 2145 plus
390 2071 526 2128 sonatde
547 2075 646 2129 ceteris
675 2071 795 2146 syllabis.
833 2065 974 2130 ¹docentus
1001 2080 1090 2128 autem
1113 2089 1128 2128 a
1150 2080 1231 2128 cantu
1254 2081 1369 2128 uocatus
1392 2082 1444 2144 est,

136 2157 204 2230 quia
227 2157 256 2212 in
281 2157 342 2229 ipso
365 2164 447 2212 cantu
468 2157 630 2231 producitur
652 2155 801 2214 modulatio
825 2158 912 2214 uocis.
1442 2223 1446 2230 ¹

226 2241 245 2297 1.
263 2241 324 2299 872
338 2241 392 2296 eol.
410 2240 438 2297 2.
468 2243 605 2298 Commota
622 2252 686 2299 sunt
701 2242 850 2317 particulae
866 2259 995 2299 sensuum
1012 2241 1113 2298 Graece
1134 2241 1233 2312 dietae,
1256 2243 1320 2314 quia
1342 2259 1445 2299 conexo

92 2327 245 2383 arefaciunt
279 2325 349 2382 cola.
396 2326 461 2382 liam
494 2329 632 2401 praecisus
668 2343 764 2384 sensus
794 2345 898 2384 comma
925 2328 1041 2401 dicitnr,
1075 2335 1106 2383 ut
1138 2335 1204 2400 aput
1232 2326 1444 2401 Vergilium:

134 2409 232 2468 ‘Arma
260 2413 409 2486 uirumque
434 2412 515 2468 cano’
545 2428 649 2469 comma
677 2421 734 2484 est,
764 2413 873 2470 ‘l'roiae
901 2414 949 2488 qui
977 2413 1082 2486 primus
1109 2412 1145 2467 ab
1168 2413 1239 2469 oris'
1263 2428 1366 2469 eonrma
1390 2420 1444 2483 est,

134 2494 256 2554 ‘ltaliam
283 2497 340 2552 lato
368 2497 516 2572 prologus'
538 2497 633 2572 sicque
661 2515 750 2572 usque
772 2496 951 2573 perueniatur
971 2499 1123 2569 sententia,
1152 2505 1181 2553 ut
1205 2505 1261 2553 est:
1307 2495 1444 2553 ‘Lauinia-

134 2598 194 2656 que
215 2580 295 2639 ueuit
317 2579 423 2654 litora',
446 2581 529 2638 ldest:
552 2579 640 2639 ‘illum
663 2600 747 2655 carro,
772 2584 818 2658 qui
840 2584 918 2640 uenit
940 2583 972 2639 ad
995 2583 1106 2639 Lauinia
1128 2579 1234 2638 litora.'

224 2716 272 2775 lic
290 2713 402 2790 figuris
423 2713 591 2792 ceterisque
611 2713 649 2776 id
666 2733 763 2792 genus
784 2718 879 2777 hacc:

226 2837 246 2893 i.
263 2837 301 2894 6²
316 2833 403 2895 celsi
427 2837 591 2913 heyrologia
614 2838 755 2914 inproprie
777 2837 877 2908 dictio,
900 2844 944 2894 ut:

91 2934 120 2972 2³
345 2921 440 2980 llunc
461 2939 525 2996 ego
548 2925 576 2979 si
599 2927 699 2998 potui
722 2931 854 2980 tantum
878 2937 1023 2996 sperare
1046 2920 1212 2977 dolorem.

133 3005 292 3080 ‘sperare’
315 3006 384 3064 ‹tirit
404 3024 455 3082 pro
479 3007 622 3065 ‘timere'.
659 3007 833 3082 hcyrologia,
856 3007 954 3080 akyros
977 3006 1048 3062 idest
1070 3007 1130 3061 sine
1151 3005 1274 3076 domino,
1297 3014 1341 3061 ut:
1366 3006 1443 3061 bum

133 3109 323 3165 speramus
346 3093 448 3162 bona,
478 3092 659 3150 timeamus
681 3093 848 3163 aduersa,
877 3100 918 3149 ct:
950 3093 1148 3165 ‘gramineo
1170 3090 1207 3162 ip
1229 3088 1368 3164 eampo'
1392 3108 1442 3165 pro

133 3175 324 3251 ‘graminoso’
348 3186 375 3233 et
397 3175 589 3234 ‘nemorum
612 3181 706 3234 iuter
728 3177 890 3234 irondca'
914 3194 963 3251 pro
987 3175 1151 3234 ‘frondosa'.

226 3263 245 3317 l.
266 3257 394 3318 1tieot.
412 3263 427 3318 1
452 3263 589 3319 diaeresis
612 3272 654 3319 est
675 3263 775 3319 ablatio
798 3261 831 3318 de
846 3262 982 3336 principio
997 3261 1125 3318 dictionis
1140 3262 1277 3318 contraria
1293 3259 1443 3334 prosthesl,

90 3355 168 3402 mut
194 3347 292 3402 ‘mitte
315 3345 374 3402 me'
396 3364 448 3421 pro
472 3347 586 3405 ‘omitte
609 3346 681 3420 me'‚
709 3350 780 3404 sicut
808 3345 897 3421 ‘uge'
926 3365 978 3421 pro
1007 3345 1124 3420 ‘euge'‚
1151 3348 1223 3404 sicut
1252 3343 1370 3401 ‘soluit'
1393 3362 1443 3418 pro
1545 3347 1548 3351 '

134 3430 307 3488 ‘dissoluat
352 3431 538 3506 Virgilius:

345 3517 479 3574 Discite
501 3519 678 3574 iustitiam
698 3519 823 3573 moniti
840 3525 880 3597 et
904 3535 970 3574 non
995 3525 1146 3573 temnere
1168 3515 1271 3572 diuos

132 3619 191 3676 pro
215 3601 426 3659 ‘contemnere’.

209 3885 369 3936 ldacailiea.
390 3886 518 3936 lambitioa
536 3897 561 3936 ει
579 3888 688 3936 troeaico
756 3885 908 3936 2dactilics
959 3885 1078 3934 dactilum
1147 3888 1282 3934 3camum
1301 3884 1443 3934 tlrroceum.

131 3953 266 4003 Dactilico
316 3952 435 4019 dphelia
454 3955 575 4005 decentor
626 3953 775 4018 bquinqui
828 3953 965 4003 tribrachin
1022 3952 1142 4003 dactilem
1161 3961 1187 4002 ει
1204 3963 1355 4018 anapestum
1426 3953 1441 4002 i

130 4021 291 4075 trihrscbin.
325 4021 457 4070 Piri-icium
543 4021 720 4073 Sdactilicum
744 4024 871 4071 trimetrum
957 4023 1030 4072 bsx
1048 4021 1141 4071 ductile
1160 4020 1263 4070 threceo
1299 4035 1331 4069 ex
1349 4019 1442 4068 dactilo

130 4091 230 4140 thaeco
285 4091 316 4140 10
333 4089 410 4140 huius
429 4091 546 4156 exemplo
618 4091 649 4140 12
668 4091 763 4156 Elegus
822 4089 965 4141 tanaceto
1016 4089 1166 4139 canalectum
1236 4090 1267 4138 15
1285 4088 1358 4137 t‘uba
1411 4087 1443 4136 16

131 4156 286 4208 usauottt.
303 4159 431 4209 docentus
440 4156 491 4226 esa]
509 4159 725 4223 Isidoriipciucis
737 4165 918 4220 tractatorem,
932 4160 976 4224 qui
986 4159 1012 4208 in
1021 4159 1086 4209 libro
1096 4157 1281 4220 htoceaecipil:
1301 4157 1441 4205 ‘docentus

130 4261 179 4323 qui
200 4263 291 4325 greee'
309 4269 356 4314 etc.
415 4260 471 4310 siue
490 4235 657 4324 uoir⁰syllsbe
675 4276 724 4323 que
805 4261 837 4311 18
855 4260 880 4309 in
899 4261 959 4325 ipso
978 4269 1076 4309 tentiam
1129 4234 1267 4331 modblatio
1356 4259 1388 4308 19
1405 4255 1443 4306 De

130 4359 212 4412 oroi.
231 4359 367 4411 Commota
385 4372 446 4411 sunt
463 4361 587 4427 patricule
604 4359 683 4412 sensui
704 4376 779 4428 grece
797 4361 864 4411 dicte
882 4375 930 4424 que
1016 4363 1048 4410 21
1068 4373 1132 4410 cauo
1150 4335 1165 4407 b
1185 4373 1285 4408 comma
1307 4368 1346 4408 est
1368 4358 1443 4407 troile

130 4432 177 4493 qui
197 4431 302 4496 primus
320 4443 422 4479 comma
440 4439 479 4480 εει
546 4429 664 4480 221εειο
717 4430 862 4492 labinisque
913 4431 946 4480 23
964 4429 1061 4478 labinia
1129 4429 1163 4477 21
1184 4425 1262 4478 Totae
1279 4429 1350 4478 locus
1367 4432 1443 4476 eoeiat

129 4502 157 4549 in
176 4505 239 4550 arie
258 4499 318 4549 eod.
339 4497 421 4548 Bm.
440 4499 491 4548 207
508 4498 611 4549 Iuliano
628 4498 740 4561 similis.
759 4499 816 4561 62⁸,
835 4498 870 4560 cs.
890 4497 987 4547 Iuliani
1024 4499 1085 4550 ,30
1103 4497 1143 4546 eri.
1163 4496 1234 4545 Rom.
1288 4493 1444 4560 heyrologin

130 4567 220 4618 -20
239 4567 332 4615 timere
348 4567 417 4617 Dan.
436 4582 463 4630 p.
485 4568 546 4632 391,
564 4569 598 4616 29
649 4565 808 4632 achirologin
886 4565 1004 4615 senune
1040 4562 1341 4628 Vcrp.Aea.1V419
1409 4563 1444 4612 26

129 4635 299 4700 achirologia
317 4650 334 4683 a
351 4635 410 4700 giro
496 4635 530 4684 28
548 4649 680 4684 nemorum
699 4634 764 4683 silua
783 4629 899 4698 frondea]
924 4633 1003 4698 Verg.
1023 4634 1089 4682 Aen.
1109 4631 1127 4682 1
1144 4633 1200 4681 191.
1237 4631 1276 4680 De
1294 4630 1442 4692 ‘rennuens’

130 4713 155 4753 ει
174 4704 359 4768 ‘gramineus’
376 4703 484 4764 formis,
506 4703 542 4764 cs.
562 4703 662 4753 Isidori
683 4703 746 4766 Diff.
764 4701 813 4750 Nr.
831 4704 885 4750 223
901 4717 929 4765 p.
950 4703 1000 4749 754
1020 4700 1151 4753 Dubrcoil.
1244 4700 1278 4748 29
1296 4695 1440 4765 Alacresis]

130 4774 165 4834 es,
179 4773 251 4822 Bora.
270 4787 298 4835 p.
313 4773 375 4834 39⁶,
387 4773 415 4822 8.
436 4769 520 4820 Εειαι
537 4771 632 4821 eisdem
648 4769 734 4820 uerbis
751 4772 777 4820 in
795 4777 852 4820 arte
871 4770 928 4819 cod.
947 4766 1028 4818 Bere.
1048 4771 1100 4818 207
1115 4768 1137 4832 f.
1157 4769 1218 4830 ⁶3²,
1235 4767 1355 4818 similibus
1372 4767 1444 4831 apud

130 4841 262 4891 leram
276 4856 306 4904 p.
328 4842 367 4890 33
386 4840 430 4887 ed.
450 4838 519 4889 Rom.
588 4839 701 4904 proteris
787 4839 818 4888 31
838 4833 975 4902 Virgilius]
995 4838 1062 4887 Aera.
1085 4835 1129 4886 VI
1145 4837 1194 4886 615
1274 4835 1306 4885 32
1325 4849 1441 4885 nortem.
