3400 5450
649 386 860 447 BERNENSIS.
1353 387 1394 460 83

103 581 300 643 1333331333
323 583 447 642 ethoc
476 599 560 644 cera
589 591 623 644 et
651 583 718 645 1333
741 585 848 663 33313
871 591 906 644 31
928 583 995 644 1133
1017 583 1147 644 domus
1170 594 1205 644 et
1232 583 1299 646 1333
1322 603 1394 644 333-

104 702 176 744 nus.
204 683 253 744 ‘Et
276 686 316 744 ita
338 685 368 744 in
392 682 545 746 uocabulis
568 705 669 746 rerum
691 689 926 764 incorporalium
942 684 1102 746 dicendum
1124 684 1395 755 133313311113,1333

104 785 242 863 dignitas,
273 796 303 846 et
325 787 355 846 13
378 784 586 866 corporalibus
608 785 665 848 1133
694 795 788 858 13333,
817 789 874 849 1333
901 789 1015 868 paries,
1045 786 1097 847 sed
1126 787 1182 848 1333
1211 788 1396 850 consuetudo

101 885 239 966 reprobat
261 895 291 948 et
312 887 369 950 3113
392 891 511 949 nomina
535 887 698 950 masculino
719 891 823 966 generi
839 889 935 964 dedit,
958 888 1061 951 311313
1083 891 1182 969 paries
1204 899 1233 951 31
1257 891 1305 951 1313
1326 909 1396 970 por·

78 997 160 1058 3133,
190 987 238 1048 1313
266 1007 352 1067 ager;
387 989 442 1051 alia
471 991 615 1052 feminino
643 993 761 1069 generi,
791 1000 824 1052 ut
845 991 918 1052 13333
947 999 1041 1061 terra,
1071 989 1145 1052 13333
1173 992 1294 1062 domus,
1323 992 1396 1052 13333

101 1091 223 1160 13311113,
252 1089 325 1151 13333
354 1091 497 1170 dignitas;
532 1089 587 1152 alia
616 1111 688 1154 uero
716 1094 835 1154 3333133
865 1101 973 1154 333133
1001 1093 1096 1162 dedit,
1127 1101 1160 1154 ut
1186 1093 1244 1154 1333
1272 1092 1394 1171 lignum,

101 1193 154 1252 1133
175 1191 332 1271 oppidum,
357 1201 389 1254 ut
411 1195 542 1254 suauitas
564 1196 681 1256 aurium
704 1187 857 1272 elegeret’.
895 1193 1020 1256 Additur
1037 1204 1174 1274 quartum
1189 1213 1292 1274 genus,
1316 1195 1396 1273 qnod

100 1311 254 1354 commune
282 1303 414 1356 uocatur.
466 1295 630 1356 Commune
662 1313 757 1374 genus
785 1314 876 1374 quare
905 1296 1028 1358 (11311331
1073 1297 1241 1358 Donatus
1268 1298 1398 1358 ostendit

100 1395 212 1456 dicens:
244 1395 441 1457 Commune
463 1414 579 1474 genus
608 1406 676 1466 cst,
706 1398 801 1477 quod
830 1396 941 1458 simul
969 1397 1214 1462 masculinum
1244 1399 1397 1460 1333131-

67 1512 257 1576 33333333
285 1497 495 1576 siguificat,
525 1505 563 1558 31
590 1498 649 1559 1313
672 1506 707 1558 31
729 1499 820 1573 13333
842 1501 1029 1562 33333333.
1073 1499 1146 1562 11333
1171 1499 1226 1562 3113
1250 1500 1397 1562 3131131113
1487 1541 1490 1548 ι

101 1617 254 1659 commune
284 1617 380 1677 genus
407 1599 475 1660 ideo
504 1599 628 1670 dicitur,
657 1619 692 1661 eo
721 1600 800 1680 qnod
830 1600 947 1662 duobus
974 1601 1136 1680 generibus
1166 1619 1275 1662 nomen
1305 1621 1396 1663 unum

100 1701 309 1769 communicat,
340 1701 443 1762 311313
465 1708 495 1760 31
517 1701 590 1762 13333
618 1704 715 1772 33313,
743 1702 791 1762 1313
819 1712 849 1762 31
875 1702 950 1763 13333
977 1703 1054 1774 dies,
1085 1703 1135 1764 hic
1162 1711 1192 1764 31
1219 1702 1293 1765 13333
1320 1705 1394 1765 linis.

100 1803 170 1863 tttt
193 1803 307 1863 addunt
333 1804 470 1882 quintum
500 1821 608 1881 genus,
637 1803 717 1884 quod
745 1812 790 1864 est
817 1806 907 1866 trium
933 1823 1078 1884 generum
1108 1823 1276 1868 commune.
1326 1806 1398 1866 lude

102 1905 265 1966 11333133
287 1904 373 1965 dicit:
411 1904 477 1965 Est
505 1907 614 1966 etiam
637 1907 752 1967 trium
776 1924 953 1984 generum
983 1925 1186 1977 commune,
1219 1915 1257 1968 ut
1280 1906 1339 1968 hic
1363 1916 1398 1968 31

69 2004 187 2065 313333
210 2004 338 2066 311333
366 2005 473 2079 13113,
502 2007 597 2088 quod
626 2009 738 2068 311333
760 2005 771 2089 ΙΙ
794 2007 843 2068 131.
860 2005 949 2092 8911]
969 2026 1072 2070 omne
1100 2026 1217 2086 genus
1246 2008 1396 2070 dicitur.

100 2107 194 2177 Quare
227 2125 301 2185 ergo
334 2107 445 2168 dicitur
473 2127 562 2171 omne
579 2111 703 2187 genus?
744 2109 917 2170 isidorus
949 2111 1080 2172 ostendit
1118 2110 1234 2172 dicens:
1285 2110 1398 2171 Omne

101 2228 212 2286 genus
244 2209 397 2279 dictum,
431 2212 516 2289 quia
548 2212 695 2273 cunctis
726 2209 933 2288 generibus
960 2213 1098 2282 seruit,
1126 2211 1339 2274 masculino
1362 2219 1399 2272 ot

100 2311 342 2371 1331313331
364 2319 514 2380 333133,
546 2311 951 2376 31311333313131333
979 2322 1015 2373 31
1043 2311 1086 2374 ab
1109 2313 1177 2374 hoc
1200 2317 1396 2383 communi,

100 2414 184 2472 item
207 2411 252 2473 ab
275 2411 342 2472 1333
365 2419 401 2473 31
422 2411 464 2474 ab
488 2412 554 2474 hac
576 2421 612 2474 et
633 2412 676 2476 ab
699 2413 767 2474 1333
790 2417 896 2476 omni.
941 2413 999 2475 Sed
1023 2413 1198 2476 3331313331
1220 2415 1397 2496 principalia

69 2511 146 2574 3331
172 2513 234 2575 3313
263 2532 376 2593 genera
404 2514 462 2576 duo
490 2523 574 2586 sunt,
603 2513 799 2577 masculinum
822 2505 1060 2580 3113331313333,
1104 2515 1178 2578 Nam
1206 2526 1399 2578 3331333331

102 2634 252 2676 commune
276 2616 313 2676 de
336 2624 463 2694 utroque
486 2619 627 2678 nascitur.
671 2617 790 2680 Addunt
818 2617 886 2678 3111
914 2627 1029 2678 sextum
1053 2635 1160 2696 genus,
1190 2618 1268 2696 quod
1293 2619 1394 2699 appol·

101 2715 158 2779 lant
185 2719 368 2798 epicoenon,
404 2717 481 2779 idest
507 2719 710 2798 promiscuum
749 2718 867 2782 dicitur.
917 2718 1015 2790 Quare
1049 2737 1120 2797 crgo
1156 2721 1319 2800 epicoenon
1348 2723 1398 2780 uel

101 2821 296 2898 promiscuum
313 2820 796 2892 (1131133111333133331331111,
820 2841 887 2882 cum
904 2821 993 2882 dixit:
1017 2821 1080 2882 Est
1102 2821 1313 2900 epicoenon
1335 2820 1396 2882 331

100 2921 366 2998 promiscuum,
397 2922 492 3002 quod
515 2920 581 2982 sub
604 2939 671 2982 333
695 2923 983 3000 significatione
1005 2941 1142 2983 marem
1166 2929 1202 2984 31
1222 2922 1396 2984 [33313333

69 3022 399 3102 asconprehendit,
433 3032 470 3084 31
490 3041 622 3104 333333
646 3030 681 3083 31
702 3023 835 3104 aquila.
880 3024 964 3095 Quod
987 3042 1082 3103 genus
1102 3023 1171 3086 ideo
1193 3025 1396 3104 promiscuum

101 3123 221 3194 dicitur,
258 3143 294 3185 33
322 3125 401 3202 quod
431 3126 695 3205 33333333133333
722 3127 805 3197 lacit,
840 3126 943 3188 311313
965 3127 1069 3206 piscis:
1104 3132 1149 3187 est
1179 3127 1257 3188 enirn
1289 3127 1396 3188 incerti

101 3243 197 3298 sexus,
233 3228 304 3306 quia
332 3245 387 3289 nec
416 3225 511 3288 oculis
539 3225 734 3298 discernitur,
764 3227 817 3289 sed
845 3247 950 3292 sensus
978 3235 1091 3291 tantum
1119 3229 1236 3307 peritia.
1279 3228 1397 3289 Addunt

100 3327 162 3387 alii
183 3329 345 3407 septimum
368 3346 472 3408 genus,
496 3327 573 3390 idest
597 3331 756 3400 incertum,
780 3336 813 3392 31
834 3329 883 3391 1313
907 3329 1052 3392 33113333
1076 3329 1149 3398 dies,
1173 3329 1283 3408 quoda
1301 3329 1396 3390 1311333

100 3429 246 3508 prioribus
275 3429 436 3507 generibus
465 3429 579 3506 tinem,
610 3432 749 3511 quoniam
779 3430 835 3494 huc
863 3449 957 3510 genus
983 3434 1014 3492 13
1042 3429 1196 3492 uocabulis
1223 3449 1324 3492 333333
1348 3428 1396 3491 331

68 3545 257 3611 etcorporum
280 3533 505 3594 inanimantium
533 3541 669 3612 3333331,
698 3550 858 3594 commune
880 3552 954 3594 uero
976 3541 1006 3594 et
1026 3533 1229 3612 promiscuum
1251 3533 1281 3592 in
1304 3549 1395 3593 uoca-

100 3631 173 3694 bulis
201 3635 301 3695 anima
329 3635 525 3696 constantium
554 3644 689 3714 apparet.
734 3634 812 3707 Quid
839 3636 965 3696 interest
992 3625 1069 3696 13133
1093 3651 1250 3694 commune
1273 3640 1303 3694 et
1325 3651 1394 3712 pro·

100 3737 241 3796 misenum
264 3736 375 3813 genus?
397 3735 440 3798 lta
462 3735 651 3808 discernitur,
675 3738 744 3816 quia
767 3755 925 3798 commune
948 3736 1064 3798 duobus
1086 3733 1396 3798 3311331133311311333

100 3837 242 3915 iungitur,
268 3844 302 3898 ut
323 3837 372 3898 1313
395 3847 425 3898 31
446 3838 520 3899 13333
541 3837 696 3908 sacerdos,
725 3837 774 3899 hic
796 3845 827 3898 et
849 3837 923 3900 haec
945 3846 975 3900 31
996 3839 1053 3900 1333
1075 3836 1161 3908 lelix,
1190 3838 1393 3917 promiscuum

101 3957 167 3999 3333
190 3957 252 4000 333
275 3938 402 4001 33113313
429 3941 570 4017 iungitur,
594 3947 627 4000 31
653 3940 702 4002 hic
729 3937 839 4019 passer'
862 3947 890 4001 ot
919 3939 993 4001 13333
1021 3938 1128 4020 aquila.
1173 3937 1248 4011 Quid
1271 3940 1396 3999 interest

68 4038 173 4100 313133
194 4056 356 4101 commune
384 4041 472 4102 trium
500 4058 643 4119 generum
667 4049 697 4101 et
720 4059 877 4103 commune
906 4043 1051 4103 duorum?
1094 4041 1157 4102 1133
1184 4039 1287 4112 distat,
1316 4039 1395 4119 (prod

101 4139 254 4204 cominune
278 4143 368 4203 trium
390 4159 534 4221 generum
556 4159 631 4203 uoce
653 4142 770 4204 mediae
793 4143 1016 4221 significationis
1037 4142 1213 4210 declaratur,
1236 4158 1395 4202 commune

101 4253 193 4305 autem
216 4243 347 4306 duorum
374 4261 518 4322 generum
547 4263 622 4306 uoce
649 4244 755 4324 plenae
779 4244 1002 4323 significationis
1023 4243 1198 4306 ostenditur.
1244 4243 1393 4306 incertum

165 4391 273 4463 113333]
297 4411 353 4446 3333
376 4411 421 4446 333
438 4393 519 4446 Β333.
538 4397 596 4448 cod.
616 4399 668 4447 123
685 4397 705 4459 f.
725 4399 783 4458 14⁸,
808 4397 844 4460 cf.
862 4397 935 4460 infru
956 4395 1065 4461 Vergilii
1083 4396 1242 4462 grammatici
1258 4403 1393 4458 33333313.

101 4463 212 4514 313113
230 4491 265 4500 -
284 4466 384 4515 aurium
402 4464 512 4530 elegeret
529 4467 621 4515 3133331
638 4467 710 4530 opud
726 4465 822 4516 Maium
873 4463 1069 4531 incorporalium
1088 4465 1179 4514 addidi
1223 4463 1327 4513 13311313
1371 4473 1396 4511 31

101 4532 344 4597 incorporabilibus
416 4530 609 4598 ⁴imnscnlinl‘ll
696 4529 830 4598 6333133]
852 4544 941 4582 333133
1026 4531 1163 4597 'lopidum
1232 4527 1394 4595 8113333133]

101 4615 124 4662 3.
143 4603 201 4658 315,
220 4603 255 4650 18
333 4597 510 4667 libonotus]
528 4617 557 4666 p.
578 4605 642 4664 375,
661 4603 695 4651 21
781 4596 959 4667 1613133333]
979 4599 1126 4664 331315,
1146 4601 1183 4650 31
1252 4599 1395 4650 1713313113

103 4667 131 4715 18
148 4679 172 4716 33
188 4665 291 4734 333133]
310 4677 400 4719 333133
419 4679 443 4718 31
460 4670 589 4718 contutum
608 4679 633 4718 et
650 4671 720 4719 omiti
737 4669 857 4720 Isidorus
875 4668 985 4729 0113313,
1003 4669 1101 4718 33113313
1120 4677 1148 4716 ut
1165 4667 1197 4716 ab
1214 4665 1305 4716 1333-
1316 4667 1395 4720 33331.

101 4736 130 4783 tl
149 4747 284 4798 utrumque
335 4737 403 4798 quod
416 4737 547 4802 appellunt
559 4737 676 4786 crisenon
690 4736 728 4786 nel
743 4737 883 4802 epicoenon
935 4737 968 4786 22
986 4749 1065 4798 quare
1082 4750 1144 4800 ergo
1163 4735 1279 4784 erisenon
1299 4735 1396 4800 promi·
1500 4757 1503 4762 ·

102 4817 185 4850 333333
254 4801 560 4870 2311333133]3.375,
581 4807 614 4854 22
684 4807 801 4854 crisenon
888 4806 921 4855 25
939 4806 1126 4870 promiscuum,
1146 4819 1214 4854 corr.
1233 4803 1395 4869 promiscuos

103 4871 241 4921 1613333133
293 4873 326 4922 29
344 4872 425 4922 del'crt
476 4875 509 4924 30
526 4888 661 4922 33333333
729 4875 762 4925 83
780 4873 902 4923 sacerdus
958 4875 991 4924 35
1008 4887 1109 4922 eorunm
1126 4871 1203 4921 trium
1271 4870 1397 4937 8131333

1151 4956 1189 5006 68
