3464 5446
227 423 230 435 ,
312 371 398 418 XXVI
721 355 771 404 Du
791 353 913 406 niueis
930 352 1189 406 Buunnnsfflva.

312 547 395 606 scribi
424 554 534 623 potest,
570 546 720 605 inlitterata
749 554 807 620 est,
841 562 911 621 quae
939 545 1022 604 scribi
1049 562 1104 602 non
1133 551 1235 620 potest.
1283 544 1471 614 Quaerendum
1499 555 1557 617 εει,
1582 548 1602 602 si
1723 557 1724 570 ²

312 641 408 708 potest
430 632 548 690 inueniri
570 629 635 706 (re)
657 648 711 689 uox
733 631 868 703 litterata,
895 647 966 706 quiae
988 629 1125 690 scribatur
1147 639 1174 688 ει
1196 647 1252 688 non
1272 628 1458 706 intellegatur.
1503 630 1602 702 Potest,

284 727 343 776 ‹ut
373 735 471 789 croaa,
499 735 568 775 scra.
612 717 645 774 Et
672 719 770 774 iterum
799 716 983 791 quaerendum
1012 725 1070 788 est,
1099 717 1122 772 si
1153 717 1242 790 possit
1269 717 1384 772 inueniri
1408 714 1472 788 (re)
1495 732 1547 773 uox
1569 719 1602 772 in·

314 802 454 875 litterata,
488 819 558 877 qnae
585 818 640 860 nou
669 802 804 860 scribatur
831 811 858 858 et
887 809 975 858 tamen
1004 799 1192 875 intellegatur:
1225 808 1257 858 ut
1284 799 1381 857 sibilus
1414 801 1554 858 bominum
1580 811 1611 858 ει·

312 888 430 961 gemitus
459 895 487 944 et
514 895 640 945 ructatus
668 885 807 962 (ruptatus
834 885 924 960 cod),
955 887 1018 962 quia
1046 894 1074 942 et
1101 902 1152 960 per
1179 882 1276 943 sibilus
1308 885 1399 943 cantio
1428 884 1602 962 intellegitur,

312 990 361 1047 per
383 971 502 1048 gemitus
525 971 614 1046 dolor,
636 988 687 1047 per
709 979 846 1030 ructatum
868 970 966 1046 (rupi-l
990 971 1094 1029 uentris
1117 966 1222 1044 (uertit)
1244 972 1363 1028 emissio.
1472 1005 1476 1013 ·

397 1134 410 1220 ΙΙ
428 1141 445 1200 i.
463 1135 547 1200 116b
565 1134 579 1221 Η
602 1141 677 1200 Scire
699 1143 839 1218 cupimus,
872 1140 1025 1217 ‘Puplipor’
1050 1139 1173 1216 (puplior
1193 1140 1266 1213 cod.)
1294 1157 1363 1215 quac
1391 1159 1453 1215 pars
1476 1142 1604 1200 orationis

312 1237 363 1286 est.
394 1227 496 1284 Nomen
514 1236 563 1285 est.
594 1225 660 1294 Quis
675 1227 790 1284 modusl
819 1225 997 1302 Conpositum
1020 1236 1062 1284 εει
1084 1235 1112 1282 ει
1134 1241 1165 1282 ex
1187 1225 1294 1282 duobus
1309 1229 1478 1300 conpositus·
1492 1224 1603 1302 (conpoi

311 1321 425 1370 est.er
454 1312 560 1370 duobus
592 1314 704 1386 ponitur
725 1311 807 1384 cod).
851 1312 1013 1381 Quomodo?
1056 1315 1077 1367 Α
1104 1309 1202 1384 Puplio
1225 1319 1253 1366 et
1275 1327 1371 1385 puero.
1416 1311 1557 1379 Quomodo
1579 1312 1604 1368 fit

311 1397 458 1471 genetiuus
481 1397 558 1454 eiust
599 1396 790 1472 ‘Pupliporis',
812 1397 866 1456 boc
887 1406 930 1453 εει
951 1396 1039 1472 Puplii
1062 1395 1141 1471 pueri
1163 1395 1243 1470 (puer
1264 1395 1347 1468 cod).
1392 1395 1437 1455 Sic
1458 1396 1604 1454 declinatur

310 1575 470 1641 corruptum
493 1565 676 1641 (correptum)
699 1575 757 1639 est,
779 1567 832 1625 hoc
854 1575 896 1624 est
918 1583 949 1623 ex
972 1569 1081 1641 integro
1102 1574 1131 1624 et
1145 1573 1287 1640 corrupto.
1332 1565 1428 1624 ‘ridor’
1454 1583 1524 1641 quae
1546 1585 1605 1642 pars

311 1653 444 1710 orationis
465 1651 527 1708 esti
573 1650 675 1709 Nomen
699 1661 750 1709 est.
795 1655 892 1728 Aqua
914 1660 992 1726 parte
1015 1651 1147 1709 orationis
1170 1650 1321 1708 diriuaturi
1364 1651 1512 1723 Auerbo,
1535 1652 1604 1726 quod

311 1747 354 1794 est
378 1735 499 1793 ‘adoro’.
543 1734 687 1803 Quomodo
710 1735 742 1794 iit
763 1737 909 1812 genetiuus
931 1737 1010 1794 eius?
1033 1734 1167 1808 ‘Adoris’,
1190 1735 1237 1792 sed
1260 1737 1286 1791 in
1310 1752 1362 1792 usu
1384 1735 1438 1806 (usi
1460 1735 1534 1808 eod.)
1556 1736 1605 1794 ire·

311 1823 407 1897 quenti
429 1837 484 1878 nou
506 1829 559 1879 est.
604 1821 700 1879 ‘ridor’
724 1822 883 1896 productam
906 1839 922 1880 o
945 1821 1028 1879 habet
1050 1838 1082 1878 an
1106 1821 1277 1896 correptam?
1312 1820 1485 1879 Productam.
1521 1819 1606 1890 Quare
1723 1825 1724 1878 i

307 1907 487 1982 productam?
510 1905 587 1974 Quod
609 1925 624 1963 a
647 1906 733 1964 uerbo
755 1907 900 1980 dirluatur,
923 1906 997 1982 quod
1020 1905 1147 1982 producit
1169 1923 1202 1978 o,
1224 1923 1278 1964 non
1300 1905 1394 1963 debuit
1417 1906 1506 1964 ‘ador’
1529 1908 1607 1964 aliter

311 1992 427 2063 habere,
450 2009 530 2066 quam
552 1991 678 2064 uerbum,
700 2010 713 2049 a
738 2009 792 2066 quo
814 1993 962 2064 diriuatur,
984 1999 1016 2049 ut
1038 1991 1233 2066 Vergilius:

716 2076 843 2134 adorea
866 2076 937 2135 liba
959 2093 1021 2154 per
1043 2076 1182 2134 herbam

265 2180 270 2192 ·
309 2163 390 2234 (Aen.
422 2160 482 2219 VII
503 2164 574 2234 109,
597 2161 688 2219 erbam
711 2162 793 2235 eod).
836 2162 986 2220 Possumus
1009 2161 1099 2218 dicere
1122 2159 1281 2238 ‘pueram’,
1303 2163 1375 2220 elcut
1397 2161 1527 2236 ‘puerum
1537 2161 1558 2234 ’,
1581 2172 1607 2219 et
1723 2145 1724 2172 ³

308 2244 467 2322 ‘puellmn’,
491 2246 562 2304 sicut
584 2245 725 2322 ‘puellam’
750 2265 783 2305 an
806 2249 880 2304 noni
901 2247 1060 2306 Possumus.
1105 2246 1179 2304 Vnde
1200 2245 1348 2321 probabis?
1384 2246 1506 2304 Liuius
1528 2246 1606 2304 dicit:

771 2332 960 2390 Puerarutn
982 2331 1145 2390 manibus

309 2413 403 2491 (libius
425 2417 499 2489 cod,
521 2416 561 2488 cf.
585 2414 679 2474 Prisc.
702 2416 721 2474 1
736 2434 768 2491 p.
795 2420 859 2484 231,
885 2415 1004 2490 1211).
1049 2416 1193 2474 Plautus
1216 2416 1282 2473 dicit
1304 2415 1471 2474 Geminis:

631 2501 731 2560 belet
753 2499 897 2576 puellus
920 2517 998 2559 sese
1020 2518 1142 2559 uenum
1165 2502 1287 2558 ducier

233 2581 236 2588 ’
309 2585 437 2662 (gemini,
459 2585 501 2658 cf.
524 2585 618 2645 Prisc.
640 2584 661 2642 I
674 2602 706 2658 p.
732 2589 797 2664 231,
823 2585 880 2660 22).
924 2585 1083 2644 Lucilius
1106 2587 1158 2644 ait:

429 2671 580 2746 Cumque
602 2672 658 2728 hic
680 2678 744 2728 tam
768 2672 945 2730 formosus
969 2673 1066 2731 bomo
1090 2679 1170 2747 apte
1193 2672 1320 2745 diguus
1342 2671 1487 2746 puellus

202 1501 206 1508 ⁴
310 1491 338 1540 et
360 1482 511 1556 llarcipor,
538 1481 609 1538 idest
636 1482 823 1556 llarcipuer.
869 1481 923 1538 Sed
946 1481 1060 1539 ‘blanci'
1084 1480 1153 1550 (mar
1173 1479 1247 1554 cod.)
1276 1481 1412 1554 integrum
1436 1489 1493 1554 cst,
1522 1479 1602 1557 ‘por'
1723 1477 1724 1490 ¹

308 2757 357 2830 (of.
379 2755 472 2815 Prisc.
495 2755 516 2814 I
530 2773 563 2829 p.
587 2758 653 2828 232,
680 2755 715 2828 1).
759 2755 835 2814 Scire
856 2757 1003 2830 debemus,
1025 2773 1095 2833 quac
1118 2764 1182 2814 sunt
1204 2755 1348 2818 collectiua
1370 2759 1488 2815 nomina.
1533 2756 1609 2826 Quae
1723 2803 1724 2828 ,

307 2841 439 2917 singulari
464 2858 577 2900 numero
600 2840 800 2900 multitudinem
824 2842 992 2917 significant,
1016 2851 1047 2900 ut
1068 2842 1188 2917 populus
1211 2841 1287 2917 plebs
1303 2859 1369 2916 grex
1383 2858 1452 2916 gens
1467 2852 1494 2899 ει
1509 2844 1608 2900 borum
1723 2847 1724 2926 l

308 2925 415 2986 similia.
452 2925 527 2994 Quae
549 2935 614 2984 sunt
635 2926 736 2984 diuidia
758 2928 885 2985 nomina?
918 2926 1022 2986 iiiuidia
1044 2927 1182 2999 dicuntur,
1205 2943 1274 3002 quae
1297 2926 1404 2985 duobus
1426 2926 1470 2985 uel
1493 2927 1610 3003 amplio-
1723 2931 1724 3004 i

308 3012 385 3069 ribus
409 3011 442 3068 ad
464 3011 591 3085 singulos
614 3010 682 3084 (us)
704 3012 806 3070 habent
828 3012 1005 3086 relationem,
1028 3011 1072 3071 uel
1096 3012 1188 3087 plnres
1211 3014 1238 3068 in
1261 3027 1391 3070 numeros
1413 3028 1493 3088 pares
1514 3013 1610 3070 distri·
1723 3007 1724 3064 ἒ

310 3098 401 3166 butos‚
425 3105 456 3154 ut
478 3103 594 3170 uterque
616 3095 759 3169 alteruter,
782 3105 813 3154 ut
835 3096 937 3172 singuli
960 3097 1004 3155 uel
1029 3100 1098 3156 terni
1121 3098 1239 3156 centeni.
1283 3097 1408 3156 'lractiua
1431 3114 1501 3172 quac
1524 3100 1610 3155 sunt?
1723 3131 1724 3138 κ

307 3180 381 3248 Quae
409 3182 437 3237 in
465 3181 587 3237 diuersas
609 3180 681 3255 (eis)
709 3182 815 3256 species
844 3191 962 3257 possunt
990 3182 1092 3255 diuidi,
1121 3191 1152 3240 ut
1179 3182 1276 3240 animal
1304 3181 1386 3240 arbor
1414 3180 1609 3256 (albmand).
1723 3221 1724 3258 3

309 3265 441 3341 Speeialla
470 3282 539 3339 quae
568 3265 650 3323 eunti
694 3267 768 3336 Quae
789 3285 804 3324 a
826 3282 926 3340 genere
948 3268 1125 3340 diuiduntur,
1149 3276 1179 3324 ut
1202 3269 1394 3342 bomo'equus
1416 3269 1481 3325 uitis
1505 3268 1609 3325 laurus

306 3435 468 3493 absolutius
495 3452 565 3511 quae
593 3435 676 3493 eunti
720 3435 793 3504 Quae
821 3395 881 3511 per·
899 3455 929 3496 se
950 3395 1151 3511 intelleguntur
1173 3445 1202 3495 ct
1223 3455 1278 3496 uon
1302 3447 1384 3512 egent
1406 3437 1520 3496 alterius
1542 3457 1611 3496 con·
1723 3435 1724 3480 ἒ

307 3521 447 3580 iunctione
468 3520 602 3594 nominis,
625 3529 656 3578 nt
677 3519 853 3580 ‘distractio'.

396 3686 518 3759 Orines.
538 3693 611 3746 117·
632 3688 670 3748 aie
687 3651 879 3764 pronominis
899 3690 977 3765 ‘eqo'
997 3651 1104 3763 sorano
1125 3697 1309 3769 tractantur,
1332 3693 1444 3752 similia
1464 3694 1612 3766 leguntur

306 3789 392 3866 apud
411 3789 533 3850 Petrum
552 3792 784 3863 grammaticam
805 3787 896 3851 braiao
916 3788 991 3852 libri
1007 3809 1040 3868 p.
1061 3799 1127 3865 165,
1153 3799 1202 3860 23,
1231 3791 1286 3852 sed
1305 3794 1365 3868 ιια,
1393 3800 1426 3854 nt
1447 3800 1612 3870 utrumque

307 3897 460 3952 auctorem
483 3894 563 3952 inter
584 3907 615 3950 εε
638 3891 784 3964 conferre
805 3909 866 3954 non
888 3895 1001 3984 nullius
1023 3893 1062 3954 sit
1077 3895 1187 3970 pretii:

319 4041 321 4048 ι
393 4013 449 4070 lloc
470 4014 540 4070 scire
563 4013 709 4084 debemus,
733 4031 816 4088 quare
839 4011 989 4091 Grialecum
1014 4031 1180 4090 pronomen,
1203 4016 1275 4090 quod
1292 4023 1336 4072 ost
1350 4015 1439 4090 ‘ego',
1462 4016 1612 4074 adductum

306 4107 348 4154 est
370 4099 397 4152 in
419 4099 514 4155 Latina
536 4097 647 4172 regula,
670 4115 730 4156 curu
754 4101 891 4174 potuisset
912 4097 979 4157 illud
1002 4100 1120 4172 seruari,
1149 4101 1221 4176 quod
1244 4107 1311 4173 aput
1334 4101 1611 4177 antiquissimos
1723 4099 1724 4108 ³

306 4185 612 4254 grammaticorum
635 4183 697 4240 init.
733 4183 790 4242 Non
807 4185 877 4241 enim
894 4183 969 4259 ‘ego'
987 4185 1049 4258 luit,
1065 4185 1112 4242 sed
1129 4184 1217 4242 ‘mot'.
1248 4185 1281 4241 lit
1296 4185 1434 4243 sciendum
1451 4195 1504 4260 est,
1521 4205 1613 4260 quare
1723 4175 1724 4196 ³

307 4274 361 4322 mot
376 4267 529 4341 proiectum
544 4277 588 4325 est
603 4277 631 4325 ct
645 4270 766 4343 positum
782 4279 825 4326 est
838 4267 901 4327 loco
917 4270 977 4328 eius
993 4269 1080 4344 ‘ego’3
1103 4270 1164 4328 ideo
1179 4271 1219 4328 sic
1235 4270 1335 4328 iactum
1352 4279 1403 4342 est,
1422 4272 1495 4346 quod
1512 4272 1613 4330 uideu-
1723 4263 1724 4320 ἐ

307 4359 347 4408 tes
375 4354 513 4425 posteri
536 4355 771 4428 grammatici,
801 4353 874 4428 quod
897 4355 1065 4431 hocopus,
1094 4356 1165 4411 idest
1187 4353 1290 4428 ‘met'‚
1320 4355 1354 4412 ab
1375 4370 1401 4411 m
1425 4356 1555 4414 inchoans
1581 4365 1613 4415 et

305 4437 331 4492 iu
357 4445 367 4491 t
388 4434 515 4494 desinens
538 4436 660 4512 regulam
682 4436 740 4496 sola
764 4440 906 4496 continere
929 4457 984 4498 non
1006 4441 1161 4515 potuisset,
1190 4439 1354 4514 expulerunt
1377 4440 1455 4500 ‘met’
1479 4441 1612 4500 Latinum

304 4536 454 4595 pronomen
478 4529 506 4578 et
528 4533 681 4597 posuerunt
703 4522 889 4597 ‘ego','quod
912 4535 955 4582 est
977 4523 1146 4598 Grialecum,
1169 4541 1219 4599 per
1241 4525 1362 4600 reliquos
1384 4543 1464 4584 casus
1486 4527 1612 4586 declina-

305 4607 406 4662 tionem
428 4607 571 4682 pristinam
594 4616 774 4666 reseruantes.

391 4720 474 4793 thoe
495 4723 524 4784 ei
542 4739 610 4784 cum
632 4725 721 4786 Petro
742 4722 898 4800 conseras,
922 4725 1047 4804 uidebis,
1062 4725 1186 4789 Petrum
1209 4726 1248 4787 ab
1270 4727 1359 4789 buius
1381 4731 1457 4789 ανιὶε
1479 4737 1615 4790 auctore

307 4830 389 4886 certe
410 4840 471 4886 non
485 4824 652 4886 edibiam
669 4826 784 4900 fuisse:
806 4825 888 4889 iliud
900 4843 977 4888 uero
989 4843 1050 4888 non
1065 4830 1110 4889 ito
1124 4829 1273 4889 audenter
1287 4831 1478 4907 contendam,
1493 4839 1615 4892 contra

1662 5209 1677 5406 ξ
1723 5263 1724 5342 t
