3390 5444
326 382 387 447 196
753 383 921 437 vnacmn
940 383 1172 437 onauuarrcr

324 575 446 644 tantus’,
471 571 522 633 sed
538 572 594 632 hoc
609 571 678 634 ideo
694 571 815 642 accidit,
839 571 918 653 quod
941 591 977 633 ex
1000 573 1106 652 primis
1128 571 1298 633 nominibus
1320 572 1459 642 ueniunt,
1485 580 1515 632 ut
1533 579 1599 652 ‘qua-

323 675 389 736 litas
412 673 508 735 talitas
529 675 677 754 quantitas
698 676 839 736 tantitas'.

408 776 488 836 ibid.
513 774 695 852 Virgilius
716 775 803 836 dicit:
842 776 919 836 Sunt
940 781 1118 856 pronomina
1141 779 1256 856 ignota,
1286 795 1362 857 quae
1384 774 1541 837 multifarie
1559 775 1597 836 le-

324 878 431 938 lectiua
454 884 539 938 sunt:
578 875 718 938 nonnulla
743 878 820 938 enim
843 876 906 938 solo
928 881 1113 940 nominetiuo
1135 879 1309 954 flectuntur,
1334 888 1367 940 ut
1388 880 1512 955 <uspis’,
1536 878 1598 938 unde

323 963 486 1057 ‘uspiam'3
514 977 660 1058 quaedam
688 979 901 1040 nominatiuum
930 987 959 1040 et
980 983 1152 1062 genetiuum
1185 980 1311 1049 babent,
1346 988 1379 1040 ut
1406 977 1493 1039 ‘illus
1512 977 1617 1044 illius’,s

322 1080 388 1142 ‘illa
409 1079 507 1152 illae',
531 1079 625 1141 ‘illum
649 1079 718 1141 illi':
748 1073 914 1160 sic'iipsus
935 1083 1000 1160 ipsa
1022 1084 1149 1162 ipsum’.
1194 1085 1269 1144 Sunt
1290 1101 1365 1163 quae
1388 1080 1486 1144 tribus
1506 1079 1600 1141 casibus

323 1182 494 1252 flectuntur,
518 1191 551 1244 ut
572 1184 670 1244 ‘cuius
692 1183 752 1244 cuii
774 1183 863 1252 cuio',
886 1182 963 1243 ‘cuia
987 1185 1070 1245 cuiae
1092 1186 1199 1254 cuiae’,
1223 1186 1334 1245 ‘cuium
1350 1185 1410 1245 cuii
1426 1185 1516 1244 cuio'.
1542 1183 1601 1243 Sunt

323 1303 399 1365 quae
422 1292 498 1346 tetra
520 1284 640 1346 casibus
662 1282 860 1354 declinantur,
884 1293 917 1346 ut
939 1283 1044 1346 ‘belus
1066 1286 1163 1348 helius
1185 1285 1245 1348 heli
1267 1284 1394 1356 helum',
1419 1283 1504 1344 ‘bela
1524 1282 1601 1344 helius

322 1385 382 1448 beli
403 1385 523 1457 helam',
548 1385 666 1448 ‘belum
683 1385 784 1448 'helius
806 1385 867 1447 beli
890 1385 1020 1449 belum’.
1065 1388 1141 1450 Sunt
1164 1391 1267 1458 etiam,
1292 1405 1368 1465 quae
1390 1396 1483 1464 penta
1504 1385 1601 1446 casibus

323 1495 456 1558 utuntur,
485 1496 517 1548 ut
541 1488 688 1558 ‘eccum’,
712 1487 812 1548 elatiuo
835 1489 952 1557 ‘ecco',
977 1492 1149 1552 accusatiuo
1172 1491 1319 1559 ‘eccum'‚
1343 1489 1483 1548 uocatiuo
1504 1489 1627 1556 ‘ecoe’,1o

322 1588 453 1652 ablatiuo
476 1593 593 1652 ‘ecco’.
638 1589 701 1650 Hoc
724 1589 920 1651 masculinum
944 1598 1002 1661 est,
1026 1591 1203 1653 femininum
1227 1592 1342 1662 ‘ecca',
1365 1589 1466 1651 datiuo
1490 1593 1601 1658 ‘eccae’,

322 1694 493 1753 accusatiuo
515 1692 663 1762 ‘eccam’‚
688 1693 826 1752 uocatiuo
849 1691 966 1762 ‘ecca',
997 1691 1127 1755 ablatiuo
1151 1695 1266 1754 ‘ecca'.
1312 1692 1457 1753 Neutrum
1482 1691 1601 1760 ‘ellum',

322 1792 423 1855 datiuo
447 1792 543 1863 ‘elli’,
567 1793 736 1855 accusatiuo
760 1792 898 1864 ‘ellum’‚
929 1795 1067 1855 uocatiuo
1092 1793 1229 1872 ‘ellum',
1260 1792 1390 1855 ablatiuo
1412 1792 1515 1854 ‘ello’.
1555 1791 1602 1852 Sed

322 1895 396 1957 baec
418 1903 523 1957 carent
545 1894 651 1974 plurali
674 1912 807 1956 numero.
846 1895 922 1956 Sunt
943 1894 1000 1956 alia
1022 1897 1212 1975 pronomina,
1237 1882 1314 1977 quae
1335 1897 1366 1957 in
1382 1896 1536 1956 Latinitate
1557 1895 1602 1954 usi·

321 2005 380 2058 tata
403 2015 463 2057 non
485 1994 690 2066 intentarat
710 2003 810 2058 tamen
832 1997 864 2056 in
886 1996 1009 2058 dubium
1033 1999 1232 2078 recipiuntur:
1257 2015 1368 2077 genere
1390 1996 1558 2065 masculino,
1578 2005 1603 2056 ut
1614 2011 1630 2048 1⁵

322 2117 388 2160 mus
411 2101 451 2158 mi
474 2116 523 2158 mo
546 2116 626 2158 mum
650 2097 690 2157 mi
713 2116 776 2167 mo,
800 2096 907 2178 plurali
930 2101 970 2159 mi
993 2119 1110 2161 morum
1132 2101 1189 2161 mis
1211 2117 1276 2160 mos
1292 2102 1335 2161 mi
1350 2118 1367 2160 a
1381 2101 1451 2170 mis,
1475 2100 1603 2160 feminino

322 2213 370 2262 rna
392 2217 458 2261 mae
480 2218 547 2260 mae
569 2217 649 2260 mum
673 2219 690 2259 o
714 2218 760 2259 ma
783 2218 800 2260 a
822 2218 879 2270 ma,
903 2210 934 2262 et
954 2201 1061 2280 plurali
1084 2219 1149 2262 mae
1172 2219 1286 2262 marum
1309 2203 1367 2262 mis
1388 2219 1450 2262 mas
1473 2220 1491 2262 o
1513 2221 1529 2262 a
1549 2202 1604 2267 mis.

322 2308 430 2363 neutro
451 2319 549 2372 mum,
572 2320 627 2382 pro
650 2320 708 2382 quo
731 2311 831 2362 autem
848 2303 879 2362 in
894 2319 948 2362 usu
965 2299 1092 2363 habetur
1106 2320 1207 2372 meus;
1231 2305 1274 2364 sic
1290 2305 1346 2364 erit
1362 2313 1392 2363 et
1406 2315 1453 2365 tus
1468 2323 1523 2384 pro
1537 2311 1604 2363 tuus.

409 2399 422 2486 ll
440 2404 459 2464 l.
476 2400 537 2464 21¹³
554 2401 565 2487 ll
601 2404 705 2464 Vtrum
740 2405 925 2482 conpositum
960 2412 1019 2478 est,
1053 2422 1090 2464 an
1123 2404 1249 2485 simplex
1277 2404 1355 2467 istud
1384 2423 1508 2474 nomen,
1536 2403 1603 2482 quod

322 2505 431 2566 dicitur
454 2504 626 2567 ‘uerbum’i
660 2504 852 2584 Conpositum
875 2510 923 2566 est
945 2524 979 2567 ex
1004 2504 1119 2566 duobus
1141 2509 1302 2587 corruptis,
1326 2508 1406 2568 ‘uer’
1430 2526 1466 2566 ex
1489 2503 1634 2567 uerbereo

322 2617 352 2668 et
385 2606 492 2668 ‘bum'
527 2625 562 2667 ex
591 2606 712 2672 bucina.
742 2615 774 2667 ut
806 2606 992 2685 Virgilius
1026 2607 1110 2669 dicit:
1150 2607 1280 2670 Verbum
1317 2611 1410 2686 igitur
1444 2626 1480 2668 ex
1513 2605 1606 2666 duobis

321 2708 418 2779 modis
441 2717 571 2770 constat:
602 2713 692 2770 ‘uer’
717 2726 753 2768 ex
775 2707 917 2779 uerbere,
942 2708 1020 2787 quod
1043 2709 1143 2788 lingua
1164 2713 1276 2788 gutturi
1304 2710 1424 2787 infligit,
1453 2709 1557 2770 ‘bum’
1578 2727 1607 2766 ex

322 2811 444 2880 bucina,
474 2828 510 2872 eo
538 2810 616 2890 quod
646 2828 704 2871 uox
732 2809 847 2872 reboat
897 2810 971 2870 Nam
1000 2812 1077 2872 sicut
1105 2811 1194 2872 bomo
1223 2831 1259 2872 ex
1287 2828 1415 2891 corpore
1444 2819 1557 2872 constat
1584 2819 1607 2868 et

321 2915 434 2982 anima,
457 2914 497 2972 ita
520 2921 550 2973 et
572 2911 699 2974 uerbum
723 2931 759 2972 ex
781 2911 880 2990 lingua
904 2919 933 2972 et
956 2929 1039 2973 uoce.
1086 2913 1145 2974 Cur
1167 2913 1319 2991 praecedit
1348 2913 1493 2974 uerbum?
1536 2911 1607 2970 Vir-

321 3013 435 3093 gilius
462 3013 607 3084 ostendit,
637 3012 716 3094 quod
738 3013 808 3074 licet
830 3031 888 3074 non
912 3013 1063 3092 praecedit
1086 3014 1115 3074 in
1139 3013 1243 3075 ordine
1271 3016 1417 3094 partium,
1446 3023 1479 3074 ut
1508 3029 1635 3073 nomena

321 3133 486 3194 pronomen
516 3114 657 3184 uerbum,
687 3133 759 3176 uero
787 3114 942 3195 praecedit
968 3117 998 3175 in
1027 3122 1166 3177 contextu
1196 3115 1346 3185 lectionis,
1376 3123 1409 3176 ut
1437 3117 1502 3192 ipse
1529 3113 1605 3174 dicit:

321 3216 394 3278 Nam
416 3215 488 3277 licet
509 3219 540 3276 in
562 3217 666 3278 ordine
687 3235 827 3298 praeesse
850 3235 910 3277 non
933 3217 1109 3288 admittitur,
1134 3219 1278 3278 tamenin
1295 3219 1442 3298 positione
1464 3232 1605 3278 caseorum

319 3317 514 3399 principalem
535 3326 619 3378 tenet
639 3317 746 3379 locum.

406 3415 420 3503 ll
437 3420 456 3480 l.
473 3415 531 3480 22·
548 3417 560 3502 ll
585 3419 662 3481 Dicit
676 3419 873 3499 Virgilius:
897 3421 956 3482 Gur
970 3423 1001 3482 in
1024 3421 1128 3482 ordine
1151 3420 1314 3482 uerborum
1338 3422 1464 3499 qualitas
1486 3421 1606 3499 primum
1671 3419 1672 3494 j

320 3522 461 3602 ponitur?
505 3522 615 3584 Omnes
643 3523 694 3601 qui
718 3539 823 3599 agrum
845 3529 896 3582 aut
919 3523 1104 3602 prouinciam
1133 3523 1300 3602 possident,
1329 3525 1414 3601 prius
1442 3541 1508 3582 eam
1536 3529 1606 3581 sorte
1617 3543 1634 3570 a

320 3625 536 3694 determinant,
560 3632 592 3684 ut
614 3641 691 3684 unus
713 3625 837 3703 quisque
861 3631 974 3703 partem
997 3643 1081 3686 suam
1104 3624 1161 3686 sibi
1183 3631 1264 3686 sorte
1287 3623 1465 3685 declaratam
1488 3622 1606 3684 sollicite

320 3733 421 3796 ruret;
444 3728 484 3786 ita
507 3733 537 3785 et
560 3724 687 3786 uerbum
709 3743 828 3806 quoque
844 3743 879 3786 ex
895 3726 1037 3803 qualitate
1058 3725 1254 3788 ordinandum
1278 3733 1337 3796 est,
1359 3724 1439 3806 quod
1461 3743 1498 3786 ex
1521 3723 1607 3785 modis

387 3932 403 3980 3
415 3925 551 3994 Virgilius]
569 3946 598 3995 p.
608 3931 661 3980 138
669 3929 733 3993 Mai,
744 3930 779 3992 es.
789 3945 835 3980 ars
844 3945 918 3979 aaron.
930 3928 1041 3991 Beros.
1052 3927 1120 3978 mo
1127 3945 1153 3994 p.
1164 3903 1225 3993 132,
1234 3933 1267 3978 25
1302 3928 1454 3994 delectation
1491 3927 1607 3976 deiectius

320 4049 406 4098 Maiam
491 4011 582 4097 asold
599 4031 658 4097 norit
728 4049 863 4096 ilectuutur
882 4046 948 4097 nrrde
966 4059 1005 4096 est
1023 4049 1123 4112 uspiam
1140 4047 1228 4097 Maius
1302 4048 1458 4110 bquaedem
1477 4072 1512 4082 —
1530 4047 1606 4110 ipsum
1671 4039 1672 4074 t

319 4133 367 4168 oret.
386 4116 473 4167 Maius
549 4113 640 4166 cittas
658 4115 699 4166 ille
767 4117 805 4164 sic
823 4117 896 4181 ipsus
915 4117 986 4180 ipsos
1073 4115 1240 4166 tuecrumur
1257 4115 1343 4163 cuium
1361 4117 1401 4164 rui
1420 4115 1476 4162 culo
1496 4114 1579 4164 Maias

319 4185 377 4232 cuia
394 4185 577 4234 cuiaecuiam.
612 4181 679 4232 Sunt
696 4199 761 4246 quae
779 4195 825 4232 etc.
844 4183 930 4234 Maius
1024 4183 1139 4234 8heliue
1158 4182 1209 4232 hell
1226 4194 1275 4232 etc.
1294 4183 1381 4232 litoius
1449 4177 1539 4231 ltel¹ius
1557 4178 1606 4230 beli

321 4250 412 4302 bellum
431 4249 495 4302 ltel¹a
513 4263 560 4301 etc.
618 4251 684 4301 helia
702 4252 792 4302 Maius
876 4249 975 4300 libelle
994 4249 1085 4300 lrel¹um
1103 4251 1152 4300 lius
1171 4251 1188 4300 li
1207 4250 1257 4300 lum
1316 4251 1410 4300 bellum
1429 4250 1510 4300 ltelius
1529 4249 1607 4299 Maius

387 4321 462 4369 etiam
481 4335 529 4370 om.
548 4319 635 4370 Maius
703 4320 818 4370 cas⁵ibue
906 4321 937 4368 10
960 4329 987 4368 ut
1004 4334 1091 4368 eccum
1109 4319 1161 4368 ecci
1179 4334 1238 4368 ecco
1257 4334 1343 4367 eccum
1363 4334 1448 4368 eccum
1465 4332 1525 4366 ecce
1543 4332 1607 4367 eccae
1671 4311 1672 4332 ¹

319 4403 402 4437 eccam
422 4403 481 4437 ecca
499 4401 557 4437 eccn
574 4387 648 4437 ellum
667 4387 708 4437 elli
726 4386 774 4436 ello
792 4386 867 4436 ellum
886 4386 933 4435 ello
952 4387 1039 4436 Maius
1143 4389 1174 4437 13
1192 4387 1238 4436 sed
1260 4386 1353 4452 plurali
1376 4397 1468 4436 carent.
1507 4385 1539 4434 Et
1555 4393 1607 4432 sunt

320 4458 473 4522 pronomina
491 4471 558 4518 quae
574 4470 627 4505 non
645 4458 732 4505 omnio
750 4457 774 4505 'ru
794 4470 843 4504 usu
860 4454 994 4517 habentur,
1013 4467 1040 4503 ut
1057 4469 1114 4503 mua
1133 4456 1166 4502 mi
1185 4465 1231 4504 ete.
1242 4455 1330 4504 Maius
1400 4456 1430 4505 15
1447 4467 1500 4501 uon
1519 4453 1605 4502 beben-

319 4537 359 4574 tnr
378 4525 415 4573 itit
434 4524 582 4573 indubiam
600 4520 774 4590 redcipiuntur
859 4523 891 4573 17
909 4539 923 4572 a
942 4523 990 4572 mis
1009 4538 1084 4572 neum
1103 4519 1146 4571 mii
1191 4537 1269 4572 mum.
1289 4521 1321 4571 Et
1338 4533 1379 4571 tus
1396 4533 1452 4572 tuus
1471 4537 1519 4570 sus
1530 4521 1608 4570 allaim
1671 4533 1672 4590 3

320 4596 351 4642 19
369 4592 486 4658 semplex
553 4594 585 4642 21
603 4592 697 4641 bucino
768 4587 902 4656 Virgilius]
921 4608 946 4654 p.
966 4593 1016 4640 140
1034 4590 1092 4640 Mai
1153 4591 1254 4648 duobus
1273 4606 1307 4641 ex
1325 4591 1409 4640 modis
1426 4589 1514 4638 Maiae
1578 4589 1607 4636 22
1671 4617 1672 4620 =

318 4661 414 4724 gttttori
467 4675 498 4708 ex
516 4659 609 4710 bucino
627 4661 696 4722 quod
714 4660 801 4710 Motus
902 4661 936 4708 23
954 4673 1015 4720 eoq;
1038 4673 1090 4708 trun
1110 4659 1206 4708 rebuet.
1243 4658 1306 4707 Nam
1325 4659 1393 4708 sicut
1410 4685 1438 4693 —-
1455 4659 1491 4707 24
1510 4671 1535 4706 et
1553 4673 1607 4705 uoce
1671 4677 1672 4718 l

319 4731 409 4777 desunt
426 4729 498 4793 apud
514 4727 618 4778 Maisan.
670 4725 748 4793 sicut]
768 4728 790 4776 si
860 4729 893 4776 23
911 4736 937 4776 et
954 4727 1056 4776 umbum
1111 4723 1248 4846 Virgiliuz]
1269 4727 1326 4777 Non
1345 4735 1419 4777 extat
1434 4727 1508 4788 opud
1518 4726 1607 4775 blotan
1671 4723 1672 4728 ’

318 4797 352 4844 25
370 4797 396 4844 in
415 4795 504 4845 ordine
520 4797 647 4860 pocrtiuna
733 4798 766 4847 27
784 4795 894 4844 admittit
962 4809 1081 4844 casurum
1167 4797 1201 4846 29
1234 4791 1358 4860 'irgilius]
1378 4795 1433 4844 Noa
1450 4801 1528 4844 extat
1545 4793 1608 4859 apud

320 4861 427 4924 Metron,
446 4863 480 4926 rs.
499 4881 525 4928 p.
542 4867 591 4912 140
660 4867 692 4914 30
710 4861 757 4928 agi
775 4878 806 4911 nu
826 4865 982 4928 prouinciam
1001 4863 1140 4928 possedeat
