3394 5448
520 328 596 382 CVM
614 329 820 404 KKOKRPTKS
838 331 1011 384 INEDITIS.

111 519 151 580 lla
177 519 229 580 om
252 537 311 580 non
334 519 487 600 liquescat.

240 605 325 666 Cum
350 601 513 665 suadens
536 602 690 666 coluber
713 606 876 685 proiecit
898 604 942 666 ah
964 624 1029 667 ore
1052 624 1244 668 uenenum.

109 689 151 749 [la
176 689 229 750 uhi
252 708 271 750 n
294 689 444 770 liquescat.

240 774 503 854 Piscosamque
525 774 666 835 Gnidon
696 774 966 856 grauidamque
988 775 1214 838 Amathunta
1244 777 1406 840 metallo.

78 859 170 926 sSed
194 870 265 938 aput
288 863 421 922 Graecos
443 861 515 920 haec
538 859 682 939 liquescit,
706 877 766 919 non
789 869 861 938 aput
884 879 947 921 nos.
991 858 1032 920 lla
1057 860 1106 922 uhi
1129 878 1188 922 non
1211 860 1358 939 liquescit.

241 946 336 1006 Haec
358 953 522 1006 monstra
546 944 707 1006 incertis
730 951 872 1005 mutent
895 945 967 1006 sihi
990 953 1158 1025 tempora
1183 945 1284 1008 latis.

107 1030 150 1091 [la
177 1030 229 1092 ubi
250 1050 266 1091 r
287 1028 439 1110 liquescat.
760 1027 766 1038 '
837 1056 844 1068 ·

240 1115 413 1177 Christus
436 1123 515 1177 erat
536 1115 654 1194 panis,
679 1113 853 1176 Christus
876 1121 998 1194 petra,
1029 1115 1204 1178 Christus
1224 1118 1261 1178 iu
1284 1118 1404 1180 undis.

108 1200 151 1260 lla
175 1198 227 1262 uhi
248 1219 308 1262 non
330 1201 481 1277 liquescat.

67 1312 91 1351 ιο
239 1285 401 1348 Roscida
423 1301 636 1365 purpureos
659 1301 792 1346 aurora
816 1285 1039 1347 ostenderat
1061 1294 1175 1348 ortus.

198 1457 240 1517 Da
262 1455 313 1516 nbi
335 1456 520 1535 superposita
545 1454 690 1534 liquescat
712 1455 764 1527 (sc.
785 1473 800 1516 s
820 1458 947 1533 littera).

240 1539 420 1602 Omnibus
442 1540 645 1602 sufiiciunt
667 1543 807 1602 sacrati
830 1543 1018 1602 commoda
1041 1540 1139 1602 lisci.

106 1626 149 1688 lla
178 1625 228 1689 uhi
250 1625 411 1706 subposita.

240 1707 339 1780 Quae
362 1718 494 1791 potero
518 1717 680 1789 tangam,
703 1717 741 1772 tu
764 1709 855 1772 mihi
878 1710 983 1788 leges
1004 1718 1101 1773 tene.

70 1927 92 1963 rs
198 1899 240 1960 Ειι
262 1898 308 1959 his
331 1900 386 1973 (sc.
410 1900 448 1960 de
468 1901 571 1974 muta's)
595 1915 797 1977 superuacuae
819 1896 1038 1977 quibusdam
1062 1897 1201 1958 uidentur
1223 1899 1360 1978 inperitis
1383 1900 1401 1961 lr

107 1994 137 2045 et
162 2004 192 2064 q.
232 1984 331 2056 Quare
353 1982 492 2044 dicuntur
514 1984 735 2063 superuacuae?
779 1983 835 2053 lio,
860 1981 937 2062 qnod
961 2001 1017 2044 neo
1038 1982 1076 2043 ah
1098 2003 1115 2044 e
1137 1983 1233 2044 uocali
1255 1983 1405 2056 inchoent,

105 2072 188 2130 sicut
210 2068 412 2138 semiuocales,
437 2086 493 2129 nce
515 2069 546 2128 ln
569 2087 585 2128 e
609 2067 705 2130 uocali
728 2066 881 2144 desinunt,
910 2070 986 2129 deut
1009 2075 1121 2136 mutae,
1151 2077 1182 2129 et
1209 2070 1276 2146 quia
1303 2071 1334 2130 in
1357 2090 1404 2131 ca-

105 2154 254 2216 lumniam
278 2155 411 2216 ueniunt
455 2152 610 2225 Quomodo
634 2154 755 2215 ueniunt
777 2155 807 2214 in
830 2152 1027 2215 calumniam?
1070 2149 1144 2221 Quia
1173 2161 1203 2214 et
1223 2154 1320 2233 prolr
1350 2174 1403 2236 po·

105 2241 193 2302 nitur
221 2259 238 2301 o
267 2246 296 2300 et
317 2258 372 2319 pro
396 2255 414 2316 q
437 2237 588 2308 similiter;
618 2248 647 2300 et
674 2256 728 2319 pro
751 2255 770 2318 q
799 2239 919 2317 ponitur
947 2245 1015 2299 cet
1037 2257 1092 2318 pro
1114 2237 1148 2308 Ιι,
1178 2239 1229 2315 qui
1258 2241 1403 2310 nesciunt,

69 2325 249 2405 aquaticus
271 2344 287 2385 a
310 2325 456 2404 sequitur,
486 2323 504 2384 lr
532 2323 661 2386 litteram
689 2323 930 2404 praeponendam
960 2343 1040 2392 csse,
1069 2325 1207 2405 quotiens
1235 2341 1268 2393 u,
1298 2341 1353 2402 per
1375 2343 1404 2403 q,

105 2427 168 2470 non
192 2427 248 2490 per
271 2407 504 2470 ascribendum.
550 2408 722 2480 Quomodol
745 2407 850 2470 Multi
872 2410 992 2489 inperiti
1015 2407 1161 2480 dicebant,
1186 2409 1404 2488 quotienscum-

105 2513 165 2575 que
189 2515 206 2556 a
230 2493 386 2556 subsecuto
409 2495 525 2570 luisset,
556 2501 587 2554 ut
616 2503 686 2574 puta
709 2494 832 2573 ‘caput’
857 2497 985 2556 ‘castus'
1015 2495 1193 2562 ‘caminus’,
1222 2511 1282 2555 non
1312 2512 1405 2574 perc

104 2580 302 2649 scriberetur,
325 2579 376 2640 sed
400 2597 453 2657 per
476 2579 504 2648 i,
535 2579 653 2656 quondo
676 2587 706 2640 et
728 2581 777 2660 qui
800 2578 915 2659 capitali
932 2578 1116 2659 plectebatur
1131 2580 1278 2639 sententia
1294 2581 1324 2640 ln
1340 2581 1404 2658 ipso

105 2663 304 2746 professionis
332 2671 382 2724 aut
409 2664 512 2726 iudicii
541 2663 687 2731 indiculo,
718 2662 737 2723 lr
765 2662 893 2724 litteram
917 2665 1021 2725 maiori
1044 2683 1133 2726 manu
1155 2660 1341 2734 scribebant,
1372 2673 1404 2724 ut

68 2752 158 2831 asqui
183 2751 240 2811 hoc
264 2750 394 2824 uidisset,
418 2751 498 2828 ipsut
520 2748 642 2810 haberet
663 2749 818 2816 indicium,
843 2748 920 2828 quod
944 2750 1063 2827 capitali
1085 2748 1190 2829 plexus
1212 2747 1314 2809 luisset
1336 2767 1402 2810 sen·

105 2837 211 2896 tentia.
257 2835 314 2895 Sed
338 2836 529 2904 mentiuntur,
554 2837 619 2912 quia
643 2834 738 2895 solum
761 2832 850 2894 modo
873 2833 1022 2894 Kalendae
1045 2843 1074 2894 et
1097 2831 1246 2911 Karthago
1269 2835 1327 2894 erit
1350 2852 1404 2914 per

105 2921 123 2980 t
147 2919 353 2982 scribendum.
392 2919 514 2980 Caetera
538 2937 611 2980 uero
632 2937 685 2998 per
709 2939 739 2987 c;
763 2917 900 2979 similiter
917 2927 945 2978 et
961 2921 1075 2996 quotics
1091 2938 1108 2979 u
1125 2918 1281 2981 subsecuta
1299 2917 1402 2980 luisset

107 3017 135 3066 et
159 3006 345 3084 praepositio
367 3004 456 3065 luerit
478 3022 564 3066 casus
587 3003 716 3070 ablatioi,
741 3012 773 3064 ut
795 3011 866 3082 puta
889 3005 914 3064 si
932 3003 1042 3065 dicam:
1066 3007 1144 3066 ‘cum
1168 3003 1288 3064 domino
1312 3008 1401 3074 meo',

107 3205 335 3242 stusntrvmnts.

195 3263 233 3320 11
257 3263 390 3320 Iulianus
414 3281 445 3336 p.
475 3265 505 3318 9.·
540 3263 573 3318 lla
607 3263 653 3319 uhi
687 3263 861 3338 superposita
894 3262 1036 3336 liquescat.
1086 3259 1228 3320 ‘Omnibus
1261 3261 1403 3320 sufficiunt

105 3358 210 3406 sacrata
233 3348 373 3405 commoda
396 3347 469 3406 ficu?
507 3349 543 3404 lla
563 3350 713 3422 supposita.
752 3345 838 3414 ‘Quae
860 3354 958 3420 potero
981 3355 1090 3419 tangam
1113 3344 1196 3403 tumia
1218 3345 1295 3421 leges
1318 3348 1401 3405 tene.’

194 3433 234 3491 15
257 3433 390 3490 Iulianus
402 3451 431 3505 p.
449 3437 480 3490 9:
502 3433 540 3490 Kx
562 3433 604 3489 his
626 3448 811 3507 superuacuae
829 3432 958 3489 uidentur
972 3429 1133 3506 quibusdam
1149 3432 1281 3506 imperitis
1297 3431 1313 3488 lr
1330 3442 1357 3489 et
1373 3450 1401 3506 q.

106 3518 196 3588 Quare
211 3519 340 3576 dicuntur
356 3519 560 3592 superuacuael
596 3515 663 3586 Quia
685 3535 737 3576 nec
759 3517 792 3575 ab
814 3534 829 3574 e
851 3516 940 3575 uocati
962 3516 1103 3589 inchoant,
1125 3519 1197 3573 slent
1212 3517 1402 3590 semiuocales,

106 3606 209 3662 necin
232 3621 247 3660 c
270 3601 358 3660 uocali
389 3603 531 3674 desinunt,
560 3605 631 3660 sicut
659 3611 750 3660 mutae
777 3610 805 3659 et
832 3605 895 3677 quia
924 3605 950 3658 in
978 3601 1139 3660 calomniam
1165 3603 1287 3658 ueniunt.
1330 3600 1403 3671 Quo·

107 3690 207 3747 modo?
251 3687 318 3756 Quia
342 3697 370 3744 et
390 3706 441 3762 pro
463 3688 480 3745 lt
502 3691 615 3762 ponitur
635 3706 651 3746 c
672 3697 700 3744 et
721 3705 772 3762 pro
794 3706 810 3745 c
832 3689 944 3762 ponitur
965 3687 997 3758 lr;
1023 3697 1051 3745 et
1072 3705 1123 3761 pro
1146 3704 1163 3762 q
1186 3689 1299 3762 ponitur
1320 3706 1351 3760 c,
1375 3696 1402 3744 et

108 3793 158 3850 pro
180 3773 332 3848 c'ponitur
354 3790 380 3846 q.
424 3772 537 3842 Quidam
560 3774 694 3845 nesciunt,
717 3775 845 3848 quotiens
867 3790 882 3829 a
905 3773 1039 3846 sequitur,
1062 3772 1207 3829 litteram
1231 3787 1401 3847 praeponen-

107 3860 168 3917 dam
197 3875 272 3928 csse3
302 3861 467 3931 quotiesc,
494 3873 544 3932 per
566 3875 599 3931 q,
626 3875 680 3915 non
706 3875 756 3933 per
777 3875 792 3915 c
813 3857 1002 3929 scribendum,
1031 3858 1166 3932 quomodo
1195 3858 1312 3932 imperiti
1335 3857 1399 3931 (lep.

107 3943 268 4013 Quomodo?
291 3941 422 4017 imperiti)
444 3942 583 4011 dicebant,
607 3951 637 4000 ut
658 3945 786 4018 quotiens
809 3961 823 3999 a
846 3941 991 3999 subsecuta
1013 3942 1126 4014 luisset,
1149 3957 1198 4017 per
1220 3959 1235 3998 c
1256 3941 1402 4000 deberetur

109 4029 208 4098 scribi,
236 4039 267 4086 ut
289 4027 423 4100 Carthago
446 4029 583 4098 caminus,
613 4027 684 4084 unde
706 4036 734 4084 et
756 4028 803 4102 qui
826 4035 893 4085 trine
914 4026 1020 4100 capitali
1044 4025 1233 4100 plectebantur
1254 4027 1399 4083 sententia.

109 4115 161 4172 Sed
182 4113 317 4172 Kalendae
339 4120 368 4170 et
390 4113 530 4188 Karthago
552 4121 657 4170 tantum
679 4111 813 4170 debentur
834 4128 885 4187 per
907 4111 923 4168 lr
947 4111 1039 4168 scrihl.
1080 4111 1174 4168 Cetera
1197 4128 1246 4185 per
1270 4127 1291 4167 o.
1329 4109 1401 4180 Quo·

110 4202 180 4256 tiens
203 4217 231 4272 u,
254 4215 303 4273 per
326 4216 354 4273 q,
380 4215 435 4256 non
457 4215 507 4273 per
528 4215 543 4256 c
565 4198 744 4255 scribendum.
788 4196 948 4265 Quomodo?
991 4197 1087 4253 bicunt
1109 4196 1207 4271 aliqui:
1232 4198 1360 4270 quotiens
1382 4215 1400 4252 ιι

110 4285 191 4342 luerit
213 4285 375 4357 subsecuta,
403 4300 451 4359 per
474 4302 491 4359 q
513 4284 595 4342 scribi
618 4283 712 4356 dehet,
740 4291 771 4339 ut
793 4279 889 4357 ‘quum
912 4280 1035 4339 uenero’.
1080 4281 1132 4338 Sed
1155 4280 1262 4355 quando
1286 4281 1399 4338 uerbum

110 4371 284 4428 subsecutum
308 4371 405 4441 luerit,
428 4387 479 4444 per
501 4387 518 4443 q
541 4370 593 4426 erit
615 4370 761 4443 scriptum:
782 4367 890 4443 quando
914 4382 1011 4425 nomen
1034 4363 1163 4437 ablatiui,
1186 4381 1234 4440 per
1256 4384 1280 4424 c.

111 4567 218 4603 consors
236 4567 391 4604 assusatus
409 4555 459 4605 207
477 4567 624 4602 usuraria.

175 4621 307 4685 tgnidou
359 4630 488 4670 amaranto
541 4620 620 4671 baed
638 4629 700 4684 aput
717 4619 763 4668 heo
780 4618 897 4681 liquescit
964 4615 1127 4682 Sobrietas]
1147 4617 1244 4668 Seduta'i
1255 4633 1297 4681 op.
1309 4618 1399 4682 puech.

111 4688 262 4742 lihltcrn.
286 4687 624 4754 le.461Aea.Ben.
695 4689 822 4738 ltloom.
875 4702 955 4748 qom.
1007 4703 1087 4749 qam.
1132 4686 1254 4750 qiam.
1323 4687 1399 4746 tuq,

113 4771 187 4808 aon.
271 4759 303 4808 22
321 4771 337 4806 a
354 4772 400 4809 orn.
452 4771 530 4808 eone
598 4759 631 4809 23
649 4756 665 4805 i
684 4771 730 4808 om.
783 4753 929 4804 flectebatur
997 4755 1031 4806 25
1049 4753 1131 4804 llexrrs
1201 4756 1233 4804 at
1253 4753 1269 4802 k
1288 4765 1334 4804 om.
1387 4767 1400 4802 o

114 4841 158 4876 ora.
210 4841 289 4880 nom.
