3394 5448
318 342 422 392 CCXIV
625 329 674 378 Du
693 325 844 378 IVLIANO
862 325 1056 378 TOLE'I'ANO
1076 325 1316 378 GRAMMATICO

398 513 411 598 ll
435 517 455 577 l.
479 513 544 595 83¹³,
563 512 574 596 ll
597 515 672 577 Strnt
693 515 748 576 alla
771 515 964 594 homonyma,
993 533 1067 593 quae
1096 528 1153 575 una
1182 513 1380 594 appellatione
1408 512 1492 591 plura
1513 515 1591 592 signi-

315 604 417 672 lrcaut,
447 607 478 661 ut
505 618 597 679 nepos
625 603 705 662 acies
733 602 821 661 aries.
871 599 968 670 Quare
998 600 1135 660 dicuntur
1164 598 1359 680 homonyma?
1405 599 1446 659 Eo
1468 601 1541 679 qnod
1567 604 1592 662 ln

313 705 373 747 uno
395 687 516 766 nomine
538 681 656 764 plnrem'
677 684 805 746 habeam
833 685 1088 762 significationem.
1133 684 1230 763 Nepos
1253 685 1400 763 quomodo
1429 693 1474 746 est
1503 685 1592 744 homo·

314 771 453 853 nymum?
498 770 595 848 Nepos
618 769 725 830 dicitur
747 769 824 831 lilius
846 770 896 829 srlii
920 779 949 830 et
970 787 1064 848 nepos
1086 770 1193 830 dicitnr
1209 769 1352 848 prodigus
1367 770 1414 830 uel
1431 769 1593 838 luxoriosus,

313 857 364 934 qui
387 855 463 916 male
486 856 615 917 uiuendo
638 873 720 916 snam
743 854 936 916 substantiam
960 855 1123 916 delraudat.
1162 856 1203 916 lla
1226 857 1288 916 eius
1309 853 1487 934 exemplum.
1529 856 1614 916 ilici-t

314 948 413 1002 tumet
441 948 633 1019 consumptor
661 958 768 1020 nepoS,
799 941 849 1019 qui
877 957 1001 1001 auorum
1030 949 1060 1000 et
1089 942 1257 1018 parentium
1286 941 1411 1000 deuoret
1439 947 1544 1001 terram
1568 943 1594 1001 in

313 1044 397 1086 more
420 1026 544 1104 scorpii,
567 1025 617 1106 qui
639 1024 784 1086 deuorant
806 1033 926 1086 terram.
972 1025 1086 1105 Scorpii
1109 1028 1188 1085 enim
1212 1043 1285 1086 uxor
1309 1043 1383 1104 nepa
1407 1025 1485 1086 dicta
1508 1036 1561 1094 est,
1582 1045 1594 1086 a

289 1127 374 1188 .quo
396 1117 519 1189 nepotes
543 1119 652 1171 terram
676 1111 864 1172 deuorantes.
909 1110 1042 1171 Cicero
1065 1112 1100 1170 in
1124 1109 1335 1172 Catilinam:
1366 1110 1468 1190 ‘quis
1490 1128 1594 1189 ganeo

313 1204 378 1258 aut
415 1198 497 1274 quis
531 1199 676 1274 nepos'.
731 1197 816 1257 Acies
850 1194 997 1274 quomodo
1031 1204 1077 1256 est
1109 1194 1336 1275 homonymum?
1386 1197 1473 1256 Acies
1499 1196 1595 1256 dicitur

315 1282 471 1351 exercitus,
495 1283 574 1341 acies
596 1279 760 1349 oculorum,
784 1282 863 1342 acies
886 1281 965 1340 lerri.
1012 1281 1050 1340 lla
1074 1280 1241 1358 exemplum
1264 1282 1420 1342 exercitus.
1606 1299 1623 1334 n

490 1383 584 1443 Hinc
606 1384 707 1443 acies
729 1390 841 1462 atque
864 1382 948 1442 hiuc
971 1384 1071 1443 acies
1094 1381 1245 1444 adstare
1268 1381 1435 1443 Latinas.

321 1471 362 1530 lia
379 1470 463 1530 lerri.

606 1553 685 1613 Stat
706 1553 801 1613 lerri
824 1553 928 1613 acies
952 1570 1127 1614 mucrone
1151 1569 1319 1614 corusco.

315 1640 356 1700 lla
379 1637 543 1699 oculomm.

411 1723 488 1783 llnc
511 1723 675 1800 gemiaas
698 1739 793 1783 nnnc
817 1721 931 1783 llecte
954 1723 1070 1792 acies,
1093 1723 1185 1785 hanc
1208 1723 1334 1803 aspice
1358 1730 1511 1802 gentem.
1608 1737 1625 1775 1⁵

319 1825 403 1887 Aries
426 1824 573 1904 quomodo
601 1831 645 1885 est
673 1823 901 1905 homonymum?
943 1827 1027 1886 tries
1056 1823 1162 1884 dicitur
1191 1842 1300 1885 ueruex
1331 1833 1360 1885 et
1387 1826 1465 1886 aries
1492 1824 1597 1898 dicitur,

321 1911 399 1989 quod
422 1928 518 1989 genus
542 1916 585 1970 est
606 1909 845 1978 machinamenti,
871 1908 947 1970 unde
971 1927 1071 1970 murus
1093 1917 1287 1989 expugnatur.

403 2077 415 2162 ll
440 2079 460 2140 l.
483 2076 545 2141 84b
562 2077 572 2161 ΙΙ
595 2078 673 2139 Inter
695 2086 802 2159 quotus
832 2087 861 2140 et
889 2087 967 2141 totus
996 2075 1048 2140 est
1068 2077 1165 2156 aliqua
1193 2079 1333 2140 discretio
1361 2097 1397 2140 an
1426 2082 1504 2142 non?
1547 2081 1598 2141 list

318 2164 491 2237 Quomodo?
535 2165 627 2225 Totus
650 2163 737 2224 etad
760 2165 894 2225 ordinem
918 2166 1047 2245 pertinet
1069 2170 1097 2225 et
1119 2164 1153 2225 ad
1177 2182 1350 2234 numerum,
1374 2175 1482 2245 quotus
1505 2165 1538 2226 ad
1560 2187 1598 2226 or·

318 2252 417 2311 dinem
439 2259 562 2310 tantum.
610 2249 780 2320 Quomodo?
823 2248 896 2310 Puta
918 2252 943 2310 si
966 2249 1044 2310 dicat
1072 2247 1190 2330 aliquis:
1222 2251 1356 2328 ‘quintus
1384 2260 1429 2312 est
1451 2251 1557 2313 Vincila
1577 2254 1630 2311 ina

321 2335 426 2396 ordine
449 2339 526 2416 suo',
557 2333 623 2394 dico
646 2351 701 2413 ego
729 2352 875 2395 consensu
907 2335 998 2395 animi
1026 2338 1086 2395 mei
1107 2336 1220 2406 ‘totus’,
1249 2335 1326 2394 idest
1347 2337 1402 2396 ‘sic
1423 2340 1490 2396 est'.
1533 2337 1602 2408 Quot

321 2418 493 2482 naturaliter
516 2418 608 2480 breue
631 2429 690 2490 est,
715 2427 831 2498 quotus,
856 2420 933 2497 quod
956 2419 1024 2480 inde
1047 2419 1212 2490 descendit,
1242 2421 1386 2497 originem
1415 2429 1515 2482 seruat
1540 2440 1602 2482 suae

322 2504 555 2586 principalitatis.
601 2503 657 2565 Tot
678 2503 771 2565 breue
796 2512 849 2573 est,
873 2512 960 2573 totns
984 2503 1062 2581 quod
1084 2504 1154 2565 inde
1176 2505 1337 2575 descendit,
1361 2514 1454 2567 mutat
1468 2508 1602 2586 originem

319 2609 390 2652 suae
413 2588 645 2669 principalitatis,
670 2590 735 2669 quia
758 2589 879 2668 longum
903 2597 955 2649 est,
1001 2589 1041 2649 Da
1065 2592 1128 2650 eius
1151 2590 1328 2669 exemplum.

532 2691 645 2752 Totus
667 2700 703 2752 et
723 2689 788 2752 ille
810 2692 891 2752 dics
914 2699 948 2751 et
971 2693 1033 2770 qui
1053 2701 1233 2752 nascetur
1255 2691 1298 2753 ab
1321 2690 1398 2752 illo.
1614 2708 1633 2743 e.
1687 2739 1688 2748 ,

791 2894 840 2956 DE
862 2840 1138 2956 concambire.

409 3079 421 3164 ll
444 3083 465 3142 l.
489 3079 551 3142 dbb
574 3078 585 3163 ΙΙ
602 3082 698 3160 Saepe
720 3087 818 3142 autem
842 3084 1049 3161 conparatiuus
1071 3081 1179 3160 gradus
1201 3085 1393 3162 praeponitur
1421 3084 1604 3164 superlatiuo,

320 3174 353 3227 ut
375 3165 493 3227 stultior
515 3165 686 3228 stultissmro
710 3174 738 3228 et
759 3169 854 3228 maior
869 3168 1006 3229 unanimo.
1043 3167 1215 3238 Quomodo?
1252 3169 1400 3240 Quantum
1417 3171 1453 3232 ad
1469 3172 1606 3232 rationem

321 3253 465 3331 pertinet,
495 3253 592 3312 iunior
615 3254 726 3313 seniori
747 3251 891 3331 praelerri
915 3270 974 3314 non
997 3251 1099 3323 dehet,
1131 3254 1181 3314 sed
1210 3256 1311 3316 inueni
1339 3265 1440 3316 contra
1471 3254 1605 3335 regulam,

323 3337 375 3398 ubi
398 3339 608 3414 conparatiuus
630 3335 810 3416 superlatino
832 3345 1041 3417 praeponatur.
1085 3337 1126 3399 lla
1156 3339 1219 3400 eius
1241 3339 1418 3418 exemplum.
1463 3341 1606 3402 Tiburtius
1617 3356 1637 3393 a·

321 3424 367 3483 uir
389 3420 605 3500 pulcherrimus
627 3439 762 3502 corpore,
785 3422 836 3484 sed
859 3422 1015 3503 pulchrior
1037 3432 1145 3485 mente.

407 3587 420 3673 ll
445 3592 464 3652 l,
488 3588 548 3652 86⁸
570 3588 584 3674 ll
603 3591 782 3669 Plerumque
804 3591 1001 3672 superlatiuus
1024 3611 1079 3672 pro
1103 3596 1227 3673 positiuo
1255 3595 1370 3674 positus
1400 3598 1497 3658 minus
1525 3598 1607 3675 signi·

323 3677 393 3736 beat
415 3684 445 3736 et
467 3675 540 3736 nulli
563 3687 750 3756 conparatur,
774 3684 806 3737 nt
827 3675 959 3757 luppiter
981 3680 1110 3756 optimus
1133 3681 1283 3740 maximus.
1330 3679 1503 3750 Quomodo?
1540 3683 1608 3742 lonis

323 3760 486 3830 dicebatur,
517 3765 566 3840 qui
596 3763 754 3840 imperauit
776 3762 922 3823 omnihus.
973 3763 1035 3824 llos
1063 3772 1126 3824 erat
1154 3765 1294 3843 antiquie,
1324 3773 1356 3825 ut
1383 3766 1452 3827 dum
1482 3775 1608 3829 mortuus

325 3846 430 3906 luisset
452 3864 555 3906 eorum
578 3847 727 3926 princeps,
751 3847 787 3907 ad
810 3847 1032 3909 similitudinem
1056 3851 1119 3909 eius
1142 3851 1291 3928 erigerent
1312 3857 1445 3921 statuam,
1467 3860 1497 3914 et
1513 3853 1638 3914 adore-:o

338 4017 550 4024 ..μω-...ρ’

323 4137 456 4197 explanat.
475 4135 501 4183 in
520 4135 646 4186 Donatum
663 4135 705 4185 lib.
724 4135 758 4185 11
774 4153 801 4200 p.
818 4137 879 4196 536,
895 4139 939 4185 28:
959 4136 1008 4185 nlia
1027 4145 1134 4186 aetutem
1155 4151 1182 4187 nt
1199 4139 1282 4188 bimus
1301 4141 1405 4202 trimus,
1424 4144 1493 4206 puori
1509 4159 1541 4194 eo
1557 4131 1608 4193 con·

322 4202 431 4266 probari
447 4203 555 4264 uidetur,
576 4205 645 4269 qnod
660 4205 753 4254 sinnida
767 4205 835 4267 fere,
854 4221 885 4252 nc
903 4203 1008 4269 Serpine
1024 4223 1051 4268 p.
1071 4209 1132 4256 535.
1151 4209 1216 4267 536,
1241 4209 1272 4257 de
1295 4210 1479 4272 copnontinibus
1498 4213 1606 4271 tradidit,

325 4272 360 4333 rf.
379 4271 450 4332 infra
468 4273 503 4320 ad
519 4273 576 4322 u.8
629 4272 745 4320 octabam

394 4339 683 4404 lomonimn‚semper
749 4341 766 4390 3
783 4338 882 4404 plurem
959 4341 1066 4390 hsuem
1085 4341 1158 4403 suzim
1244 4345 1425 4394 dvconsumtor
1494 4347 1610 4397 denorum

325 4407 377 4456 Sin
392 4407 515 4456 cantilena
526 4409 583 4470 quis
597 4422 679 4471 ganea
731 4405 829 4472 Cicero]
849 4410 875 4458 in
889 4407 963 4463 Catu.
977 4409 1048 4472 114,
1062 4415 1085 4469 7,
1103 4412 1137 4473 cf.
1158 4412 1190 4461 de
1208 4417 1261 4463 toto
1279 4415 1334 4462 loeo
1352 4410 1467 4480 [Serpil]
1485 4419 1610 4480 explanat.

323 4491 350 4538 p.
369 4477 431 4537 538,
452 4477 484 4524 10
499 4491 561 4540 sep,
581 4475 624 4525 ubi
640 4475 740 4526 Keiliua
757 4493 808 4526 non
825 4475 932 4527 dedebat
950 4478 1040 4528 ‘dicit’
1060 4485 1118 4529 ante
1138 4478 1259 4531 ‘Cicero’
1278 4486 1401 4532 inserere.
1505 4486 1536 4534 ll
1555 4483 1611 4532 ilinc

325 4539 406 4606 acies]
431 4541 509 4607 Verp.
528 4543 592 4593 Aen.
614 4543 777 4594 V1111550
846 4545 877 4594 13
896 4542 952 4594 Stet
970 4543 1041 4611 lerri]
1065 4549 1145 4613 Verp.
1164 4548 1229 4598 Aen.
1252 4549 1284 4598 11
1303 4551 1359 4600 333
1438 4551 1469 4601 15
1487 4551 1610 4616 huncge-

326 4606 421 4676 minas]
445 4610 523 4675 Verp.
542 4613 607 4661 Aen.
629 4611 671 4661 VI
688 4613 736 4662 789
788 4611 894 4675 aspicite
980 4614 1012 4663 16
1031 4615 1120 4664 deruix
1207 4617 1238 4666 17
1256 4619 1439 4668 macenomeuti
1474 4621 1515 4670 lle
1537 4620 1612 4669 ariete

326 4680 397 4741 nprtd
413 4677 528 4743 Serpium
546 4680 607 4729 nibil
624 4681 751 4730 inuenitur
769 4681 872 4740 dicturo,
896 4697 977 4747 neque
999 4686 1153 4746 exemplum:
1183 4685 1268 4735 ‘Hinc
1286 4689 1369 4736 arlee‘
1388 4686 1420 4736 ob
1438 4687 1480 4738 illo
1498 4689 1612 4751 adsertor

327 4748 360 4796 ‘30
376 4745 478 4794 Vincila
496 4743 554 4812 etc]
578 4747 654 4798 Recte
671 4749 748 4813 initur
765 4749 824 4798 milti
839 4749 929 4799 uideor
946 4767 971 4814 p.
989 4750 1111 4801 CCXIII
1128 4755 1165 4804 23
1184 4755 1350 4804 ‘lancearios’
1369 4757 1506 4806 coacense
1582 4757 1610 4804 nt

328 4812 397 4874 qrrod
453 4816 485 4864 27
504 4829 565 4879 sepe
632 4816 665 4867 29
683 4815 815 4882 praelerri,
833 4833 901 4868 corr.
921 4819 1048 4883 praeferre
1116 4823 1148 4873 32
1167 4837 1228 4887 prae
1245 4823 1359 4887 positiuo
1429 4825 1462 4874 33
1480 4825 1583 4890 tupriter
