3390 5444
664 345 868 399 excenrrn.
1351 345 1411 410 197

113 553 150 596 ac
171 535 277 596 formis
300 533 382 596 uelut
403 533 580 614 quibusdam
603 533 691 594 certis
713 530 858 596 limitibus
881 534 1107 596 determinatur.
1138 534 1241 596 llodus
1257 536 1337 595 enim
1353 553 1413 597 non

113 637 213 707 aliud,
238 655 324 716 quarn
347 646 459 698 certam
483 653 653 696 mensuram
677 636 831 713 signifieat.

200 740 279 800 lda'd.
322 739 360 800 Et
382 738 456 800 dicit
477 738 677 816 Virgilius:
711 735 828 799 Primus
852 746 881 798 et
903 738 1082 799 fortissimus
1110 737 1288 802 indicetiuus
1317 741 1413 800 nomi·

112 845 212 908 natur,
242 859 330 921 quem
359 848 473 901 rectum
503 857 538 900 ex
562 838 702 900 omnibus
729 837 813 901 multi
842 847 963 910 uocant,
993 849 1109 900 ceteros
1131 848 1230 901 autem
1254 839 1411 920 proclinus.

82 942 170 1003 oilie
193 942 276 1004 solus
299 961 335 1003 ex
357 941 497 1004 omnibus
519 941 680 1002 testimonii
703 949 792 1018 caput
814 938 871 1000 sibi
898 939 1053 1002 nendicat:
1083 940 1121 1001 ob
1150 942 1207 1002 hoc
1235 942 1412 1004 indicatiuus

110 1043 235 1118 dicitur,
266 1045 333 1122 quia
363 1052 393 1103 et
421 1060 497 1121 quae
526 1052 589 1104 acta
619 1048 688 1102 sunt
710 1050 740 1103 et
762 1060 838 1123 quae
866 1049 994 1120 aguntur
1023 1052 1053 1104 et
1081 1061 1156 1122 quae
1185 1051 1327 1121 agentur,
1357 1063 1413 1124 per

108 1148 210 1226 ipsum
232 1146 416 1212 iudicantur,
441 1153 473 1205 ut
496 1143 564 1205 nido
587 1143 686 1206 uidaui
708 1143 826 1205 uidabo.

198 1248 278 1308 leid.
307 1247 344 1308 Et
358 1246 429 1307 dicit
444 1245 640 1325 Virgilius:
664 1246 859 1325 imperaturus
881 1245 1031 1307 secundus
1053 1253 1112 1316 est,
1136 1264 1190 1327 per
1206 1264 1295 1325 quem
1311 1266 1411 1318 omne,

109 1349 193 1430 quod
217 1349 294 1410 ellici
316 1347 420 1418 debet,
443 1349 617 1427 imperatur,
640 1355 673 1408 ut
695 1347 773 1408 uida.
811 1347 897 1410 Hune
913 1357 942 1409 et
961 1350 991 1408 in
1015 1350 1111 1428 capite
1132 1348 1218 1410 multi
1240 1349 1409 1411 adsumunt.

70 1464 96 1502 ¹⁰
192 1445 205 1534 ΙΙ
220 1451 239 1511 i.
255 1445 348 1534 22³1]
377 1452 413 1510 Vt
434 1447 616 1529 Virgilius
645 1449 731 1509 dicit:
770 1448 929 1529 Optatiuus
956 1450 1080 1522 dicitur,
1110 1469 1282 1531 perquem
1312 1469 1410 1520 omne,

109 1551 192 1630 quod
224 1550 457 1632 concupiscibile
479 1553 532 1620 sit,
562 1559 689 1630 optatur,
718 1550 798 1611 unde
826 1561 856 1612 et
883 1551 1058 1613 aduerbium
1088 1550 1209 1632 optandi
1236 1554 1411 1633 frequenter

109 1652 255 1723 adsumit,
279 1652 335 1713 hoc
359 1660 404 1714 est
418 1654 545 1722 utinam,
568 1653 652 1714 cuins
669 1662 714 1713 est
728 1669 835 1714 sensus
851 1651 997 1714 ‘uellem'.
1036 1653 1094 1714 Sed
1118 1652 1253 1716 oboritur
1277 1657 1410 1732 quaestio

109 1774 172 1816 non
196 1754 333 1824 minima,
356 1753 435 1835 quod
459 1755 516 1816 boe
539 1753 715 1816 aduerbium
739 1756 821 1815 omni
843 1773 989 1836 personae
1012 1757 1153 1817 conuenit
1174 1758 1333 1825 ‘utinam',
1357 1757 1409 1817 sed

109 1857 169 1918 boe
198 1856 370 1926 dicendum,
401 1854 477 1934 quod
505 1855 562 1918 hoe
591 1855 767 1917 aduerbium
795 1857 835 1916 ita
864 1858 944 1918 omui
974 1875 1117 1935 personae
1145 1857 1345 1937 coaptabitur,
1379 1865 1411 1918 ut

72 1959 205 2020 tefuerit
226 1959 300 2020 ordo
322 1976 534 2036 personarum,
557 1967 591 2020 ut
613 1960 666 2019 sit:
696 1958 826 2019 ‘utinam
850 1957 1001 2019 uidarem'
1024 1976 1080 2038 pru
1103 1957 1255 2027 ‘uellem',
1280 1961 1410 2020 ‘utinam

110 2061 242 2123 uidares’
266 2078 321 2141 pro
344 2059 472 2129 ‘uelles’,
496 2061 619 2120 ‘utinam
643 2058 771 2121 uidaret’
795 2078 849 2139 pro
872 2057 985 2120 ‘uellet’
1009 2067 1038 2120 et
1060 2061 1105 2120 sic
1127 2079 1181 2140 per
1196 2068 1304 2121 cetera.
1350 2061 1410 2122 Cur

109 2162 285 2224 nonhabet
311 2163 459 2242 optatiuus
488 2163 591 2223 modus
621 2159 740 2222 solitum
769 2179 927 2222 numerum
957 2163 1142 2242 temporum?
1188 2161 1264 2223 llicit
1286 2161 1410 2240 Virgi-

107 2264 200 2326 lius:
239 2264 337 2336 Quare
360 2266 509 2344 optatiuus
532 2261 637 2324 modus
661 2281 720 2324 non
744 2261 865 2324 solitum
888 2271 1055 2342 temporum
1080 2282 1238 2324 numerum
1262 2263 1407 2343 suppleat,

108 2370 187 2428 sieut
209 2366 388 2428 indicatiuns
411 2373 441 2426 et
463 2365 684 2434 coniunctium,
709 2363 761 2425 sed
785 2372 898 2425 tantum
922 2366 998 2424 trina
1022 2364 1219 2426 declinatione
1241 2367 1410 2427 coniunctis

70 2487 95 2524 no
109 2469 265 2530 dumtaxat
287 2466 402 2529 duobus
424 2468 453 2526 iu
478 2484 569 2527 unum
598 2465 781 2546 temporibus
809 2467 853 2526 sic
875 2464 1022 2526 flectitur?
1066 2466 1123 2526 Sed
1148 2465 1221 2525 liaeo
1243 2468 1317 2526 ratio
1341 2466 1408 2526 bre·

109 2572 189 2631 niter
212 2569 337 2632 dicenda
361 2578 419 2638 est,
443 2568 522 2648 quod
545 2565 611 2628 ideo
634 2566 690 2626 boc
714 2565 800 2627 modo
823 2568 865 2628 sin
890 2567 1015 2636 utimur,
1046 2567 1124 2643 quod
1148 2566 1274 2647 amplius
1296 2567 1408 2628 batiol-

109 2673 162 2733 tati
188 2690 246 2732 non
269 2671 408 2750 suppetit.

196 2774 274 2834 ibid.
311 2771 466 2843 Quomodo
495 2769 585 2831 habet
612 2771 821 2832 coniunctiuus
851 2768 954 2831 modus
978 2771 1128 2850 tempora?
1172 2771 1255 2850 apud
1279 2771 1409 2833 Graecos

108 2875 270 2935 coniuncta
300 2881 434 2953 tempora
463 2872 566 2942 hebet,
596 2871 673 2952 apud
704 2889 757 2932 uos
779 2871 875 2932 diuisa
898 2870 988 2932 babet
1015 2873 1128 2942 omniu,
1161 2873 1213 2933 sed
1242 2873 1407 2935 secundum

69 2998 94 3034 rs
110 2975 311 3054 Virgilium
334 2973 449 3036 duabus
471 2976 569 3036 causis
591 2973 700 3035 dieitur
723 2974 946 3043 coniunctium,
971 2981 1004 3035 ut
1026 2976 1091 3053 ipse
1113 2973 1197 3034 dicit:
1236 2975 1408 3036 Coniuncti-

108 3095 167 3140 uus
191 3078 296 3138 modus
323 3077 398 3138 duas
427 3075 465 3136 ob
493 3094 596 3138 causas
625 3077 669 3136 sic
701 3082 825 3136 uocatur
858 3073 905 3135 uel
939 3082 1063 3156 propter
1096 3077 1269 3138 coniunctas
1297 3083 1406 3154 partes,

106 3179 230 3257 quando
252 3179 463 3257 adiunguntur,
487 3186 518 3238 ut
541 3177 682 3239 ‘scilicet’
705 3179 901 3256 ‘quanquam'
924 3177 1085 3257 ‘quamuis'
1109 3176 1295 3256 ‘quamlibet'
1319 3179 1405 3240 ‘nisi'

108 3282 184 3342 ‘sin'
208 3280 255 3342 uel
284 3290 406 3361 propter
427 3297 463 3342 eu
485 3281 566 3356 quod
591 3280 620 3340 in
649 3296 801 3340 caseorum
830 3280 1035 3359 conpositione
1063 3280 1273 3341 coniunctiuus
1302 3279 1406 3341 ruodus

106 3382 302 3462 praecedenti
326 3381 490 3444 iudicatiuo
512 3380 681 3462 copulatur,
705 3387 737 3441 ut
759 3383 837 3441 ‘cum
860 3380 1000 3442 uideam'.

67 3507 93 3546 uo
190 3481 201 3566 ΙΙ
218 3483 238 3544 l.
255 3479 315 3546 23⁸
333 3480 345 3568 Η
385 3485 487 3546 Vtrum
518 3491 616 3563 potest
642 3483 807 3544 induitiuns
835 3480 900 3543 loco
921 3483 1051 3543 nominis
1074 3483 1155 3544 esse?
1199 3482 1314 3543 Potest:
1348 3491 1408 3544 tres

107 3587 191 3648 orrim
214 3603 300 3646 casus
323 3585 426 3654 babet,
456 3585 671 3647 nominatiuum
694 3585 895 3645 accusatiuum
918 3581 1154 3664 ablatiuumque,
1177 3592 1210 3645 ut
1232 3584 1306 3645 dicit
1329 3587 1406 3645 Vir-

106 3686 245 3768 gilius:
283 3688 449 3750 lnsmitiuus
471 3685 577 3750 modus
599 3707 615 3749 a
638 3685 860 3766 quibusdam
884 3687 1150 3747 communicatiuus
1172 3687 1326 3756 uocitatnr,
1351 3705 1406 3765 pro

106 3810 145 3851 eo
169 3787 324 3858 uidelicet,
349 3789 428 3868 quod
451 3788 499 3850 uel
520 3789 636 3851 nomini
663 3786 712 3848 uel
734 3786 829 3849 uerbo
853 3788 899 3848 uel
922 3787 1061 3851 omnibus
1083 3790 1219 3868 personis
1242 3787 1403 3850 uerborum

177 4083 194 4131 3
214 4076 350 4145 Virgilius]
372 4078 470 4129 Prirnuu
482 4079 538 4129 -5
553 4077 673 4128 uendicut
690 4093 739 4128 nou
758 4083 850 4128 extant
861 4078 932 4142 apud
940 4077 1044 4130 Maium.
1113 4076 1297 4126 blndieutiuus
1310 4077 1343 4127 ob
1356 4076 1405 4126 boc

106 4147 203 4198 dicitur
222 4147 308 4197 ilicium
324 4164 350 4212 p.
365 4149 415 4198 tto
486 4143 658 4212 8Virgilius]
679 4145 737 4196 Non
755 4152 828 4196 eutut
847 4147 918 4210 apud
935 4145 1039 4196 Maium.
1109 4160 1152 4209 per
1170 4161 1185 4205 q
1206 4141 1281 4194 οιιιιιέ
1297 4159 1317 4214 q
1336 4145 1405 4195 effeci

105 4219 122 4266 9
142 4225 170 4265 nt
189 4215 276 4265 uidem
328 4211 478 4281 adsumunt]
499 4216 538 4266 Ile
555 4217 683 4265 sementia
700 4214 734 4277 ef.
757 4213 890 4280 Virgilium
908 4213 975 4265 Maii
990 4231 1016 4278 p.
1034 4215 1085 4263 ⁵3:
1106 4213 1141 4262 ita
1159 4223 1186 4262 ut
1203 4214 1235 4263 ab
1253 4213 1407 4280 imperatiuo

107 4283 187 4334 modo
205 4283 399 4333 declinationem
418 4283 490 4334 uerbi
508 4282 694 4334 exordinentur.
765 4283 797 4332 10
815 4278 952 4347 Virgilius]
974 4283 1052 4331 Deest
1068 4282 1140 4345 apud
1152 4281 1254 4332 Maium.
1306 4281 1406 4348 optaui-

106 4367 165 4402 mus
255 4353 285 4400 ll
304 4351 449 4416 concupisci
469 4349 519 4400 uile
587 4350 693 4401 uduerbi
710 4346 762 4416 opt*
778 4365 810 4398 uu
881 4351 912 4399 12
930 4349 1016 4399 uellim
1034 4365 1056 4402 s.
1074 4349 1188 4398 oboritur
1204 4349 1305 4411 questio
1375 4351 1407 4401 13

105 4421 160 4488 qli
179 4419 328 4470 eduerbium
381 4419 427 4468 sed
445 4419 461 4468 lt
479 4418 615 4468 dicendum
634 4417 737 4480 quodb
807 4419 840 4469 15
858 4417 943 4468 uellim
1013 4419 1044 4468 16
1063 4415 1135 4466 uettts
1188 4417 1257 4467 uellit
1308 4427 1408 4467 coetera

109 4489 141 4538 rt
158 4484 297 4554 Virgilius]
317 4487 377 4539 Nou
393 4492 468 4538 extat
485 4488 556 4550 apud
574 4485 678 4550 Maium,
696 4487 849 4536 redundent
865 4484 1009 4536 recubitet·
1026 4490 1183 4550 lungiturp.
1200 4488 1235 4536 5⁷
1314 4486 1344 4536 ts
1362 4500 1406 4535 su-

107 4556 177 4622 pleat
195 4555 218 4605 si
236 4553 321 4604 indici
404 4556 436 4605 ‘tt
455 4551 504 4620 ir]]]]
524 4555 600 4605 modu
670 4554 740 4618 quod
758 4553 924 4620 estamplius
1004 4555 1038 4604 23
1055 4553 1150 4604 eoniut't
1169 4553 1244 4603 modo
1314 4566 1406 4618 grecos

105 4627 140 4676 25
157 4619 308 4690 Virgilium]
327 4623 387 4674 Non
403 4628 478 4674 extat
495 4625 566 4688 apud
576 4621 673 4672 Muitun
724 4619 835 4671 coniu'u'd
849 4621 927 4672 modo
998 4621 1148 4688 eapropter
1164 4621 1190 4670 in
1208 4634 1327 4671 cocorum
1345 4635 1406 4670 oon-

106 4693 277 4760 possitionem
345 4693 379 4743 29
396 4690 530 4758 copuletur
547 4701 574 4740 ut
591 4705 639 4740 cou
658 4690 758 4740 uideam
810 4693 843 4742 30
860 4699 947 4757 potest
964 4699 988 4738 et
1005 4692 1019 4740 ῖ
1034 4688 1067 4739 lll
1085 4689 1152 4740 anim
1215 4691 1247 4742 at
1266 4686 1406 4756 Virgilius]

108 4761 189 4826 Apud
205 4759 303 4812 Maium
320 4761 356 4810 m'l
372 4761 422 4811 uisi
437 4760 485 4812 doc
501 4765 576 4811 extat
591 4775 618 4824 p.
640 4760 700 4809 tto:
719 4757 864 4822 induitione
883 4774 898 4808 a
916 4757 1069 4820 quibusdum
1088 4757 1318 4808 communicetiuuu
1337 4759 1405 4808 uoci-

108 4837 188 4878 tatur.
257 4830 290 4880 32
308 4843 324 4876 ιι
341 4828 446 4892 quidem
