3394 5448
669 361 925 417 FRAGMENTVM
943 363 1093 417 Pnocnu
1111 364 1252 418 numu.

692 551 807 614 semabt
849 572 958 616 nomen

691 654 865 734 prosemabt
906 671 1072 735 pronomen

690 754 793 835 logabt
835 757 963 820 uerbum

691 856 831 938 arologab
876 858 1050 922 aduerbium

693 961 883 1024 oommonahi
925 962 1115 1042 participium

692 1063 848 1142 gecomabt
890 1065 1061 1126 coniunctio
1083 1062 1170 1143 (confi
1192 1064 1270 1142 eod.)

691 1165 863 1244 agriderabt
905 1167 1085 1247 praepositio

401 1284 623 1346 Interiectr'onis
643 1287 827 1361 apaifioutio
848 1283 1042 1348 mudantur
1063 1284 1124 1360 trie,
1148 1289 1203 1347 sed
1221 1286 1308 1348 adest
1329 1290 1361 1346 in
1384 1288 1484 1346 altem
1502 1287 1591 1346 sinitis

315 1387 490 1446 insolentiae
512 1393 579 1448 octo
596 1392 733 1464 partium
755 1385 904 1450 motionis
925 1387 1161 1464 eamamatioae,
1185 1405 1264 1465 qaae
1283 1388 1360 1448 baec
1382 1395 1446 1448 est:

690 1508 757 1551 uma
801 1508 910 1552 nomen

690 1609 814 1672 prooma
858 1611 1023 1674 pronomen

691 1693 781 1774 gebat
824 1693 951 1757 uerbum

692 1795 813 1876 gomotb
856 1796 1031 1860 aduerbium

583 1949 586 1958 .
692 1897 795 1978 gutbol
839 1899 1026 1980 participium
1141 1951 1145 1965 .

690 2001 782 2079 gitbol
826 2003 995 2064 oouiunotio

688 2103 778 2184 gimel
824 2105 1002 2184 praepositio

687 2206 798 2284 giroibi
840 2207 1017 2268 interiectio.

398 2307 461 2368 Sed
480 2308 556 2368 leaeo
578 2307 655 2370 uiris
676 2312 898 2385 conparatione
918 2311 1093 2386 linaearum
1115 2306 1263 2370 scientiae
1285 2311 1395 2384 nemias
1415 2309 1594 2370 enucleanda

314 2411 529 2489 relinquamus.

398 2598 532 2674 Denique
558 2599 591 2658 ia
618 2600 707 2661 buius
733 2601 847 2662 codicis
871 2597 1025 2673 sassobrata
1053 2605 1091 2658 25
1118 2615 1197 2660 saec.
1227 2597 1297 2658 XII
1320 2600 1436 2674 serapio
1457 2597 1595 2672 (diorum

195 2758 200 2770 ,
313 2705 379 2760 acto
401 2697 437 2779 (l.
462 2695 498 2759 l!
531 2697 659 2762 blundus
684 2700 773 2780 igitur
801 2719 835 2762 ex
865 2711 991 2779 quatuor
1018 2698 1173 2763 elementis
1200 2698 1354 2777 isdemque
1378 2699 1446 2760 toris
1467 2699 1497 2758 in
1517 2715 1595 2778 spere
1679 2773 1680 2782 ἵ

314 2800 432 2864 modum
455 2799 592 2880 globatus
614 2810 726 2865 terram
748 2804 779 2864 in
802 2804 900 2865 medio
922 2804 1004 2865 etin
1027 2805 1087 2864 imo
1109 2802 1236 2864 deliram
1260 2802 1370 2862 eternis
1393 2800 1450 2862 oeli
1472 2798 1595 2880 raptibus
1679 2795 1680 2822 ³

313 2921 495 2966 concurrens
516 2903 655 2966 airoulari
677 2904 804 2985 quadarn
828 2907 943 2967 ratione
965 2905 1150 2968 discriminat
1173 2937 1213 2948 -
1243 2904 1262 2964 l.
1285 2899 1326 2964 8¹³
1348 2901 1405 2974 uui
1428 2921 1478 2963 eas
1499 2919 1595 2981 pereu-

313 3006 394 3068 olens
416 3014 466 3067 aut
487 3007 517 3067 iu
543 3005 700 3068 sublimem
730 3005 804 3068 tollit
831 3015 883 3070 aut
910 3008 938 3069 in
967 3006 1147 3087 protundum
1176 3004 1318 3086 deprimit
1345 3013 1396 3066 aut
1423 3003 1595 3065 latitudinem

313 3106 464 3169 declinare
479 3115 530 3169 aut
542 3108 743 3187 retrogradari
759 3107 837 3170 lacit
874 3107 1046 3170 EXl‘LlGlT
1069 3107 1180 3169 tinnit
1202 3105 1450 3186 assumente)
1473 3108 1525 3168 sub
1539 3107 1594 3166 cat·

313 3227 377 3270 cera
399 3211 564 3272 nonaudae
584 3210 712 3273 additae
732 3219 801 3274 suut
822 3214 1011 3288 quaestiones
1030 3207 1268 3286 qrammaiicae:

399 3328 440 3391 [le
462 3328 611 3391 ‘sinceris'
634 3331 838 3392 controuersia
855 3331 931 3390 inter
953 3330 1232 3409 grammaticos:
1257 3327 1361 3388 dieunt
1376 3329 1456 3388 enim
1472 3325 1594 3406 plerique

313 3429 373 3490 ‘bio
395 3430 519 3492 ethaeo
541 3432 668 3494 sinceris
690 3441 720 3492 et
741 3427 798 3493 boo
820 3435 950 3494 sincere’
974 3432 1136 3512 penultima
1158 3429 1302 3510 producta
1324 3428 1401 3509 quod
1426 3428 1529 3490 uolunt
1550 3427 1594 3486 ba·
1677 3435 1678 3521 p

312 3532 384 3594 bere
406 3550 448 3594 ex
471 3540 615 3595 moreto
638 3531 788 3613 Virgilii
811 3533 937 3595 dicentis
960 3535 1004 3607 (u.
1030 3538 1100 3609 42):

514 3633 688 3696 Subsidit
709 3637 859 3697 sincera
881 3635 1211 3713 foraminibusque
1232 3634 1403 3713 liquatur

514 3735 713 3798 Emundata
737 3737 858 3799 Ceres.

312 3836 433 3916 (subselt
455 3832 536 3898 sinffi
552 3839 639 3898 nirnis
655 3837 910 3919 foraminibusque
929 3840 1036 3900 linatur
1053 3838 1209 3901 emundata
1225 3835 1296 3918 θῶ.
1333 3838 1391 3911 Qui
1408 3845 1515 3909 tamen,
1531 3853 1593 3916 quo·

311 3958 390 4019 niam
414 3931 468 4038 (qm)
492 3956 643 4037 praedicta
666 3955 838 4037 (praedicte)
862 3957 1080 4038 praeponderat
1098 3960 1181 4028 ratio,
1205 3958 1308 4020 dicunt
1330 3956 1441 4018 debere
1463 3955 1520 4018 diei
1541 3953 1592 4015 ‘bic
1675 3995 1676 4000 η

311 4068 342 4118 et
363 4058 437 4119 baeu
459 4059 599 4120 sinceris’
625 4055 713 4139 (sicis)
737 4067 768 4120 et
789 4059 858 4120 ‘boa
880 4061 1008 4122 sineere'
1038 4061 1199 4141 penultima
1227 4067 1380 4142 correpta:
1411 4059 1518 4121 dicitur
1540 4057 1592 4136 (dil
1675 4019 1676 4063 t

312 4161 391 4222 enim
413 4161 565 4224 ‘sinueris'
587 4163 672 4241 quasi
695 4162 758 4222 sine
781 4163 861 4224 uarie
884 4171 913 4223 et
935 4171 980 4224 est
1002 4165 1096 4225 uarios
1117 4181 1238 4224 assedus
1261 4163 1291 4242 (l)
1315 4160 1451 4243 putredo.
1460 4161 1492 4242 *)

377 4447 405 4512 *)
422 4449 520 4502 Sinritta
536 4451 657 4502 leudesio
674 4453 761 4502 codiee
780 4452 901 4502 Parisino
912 4454 979 4504 8175
992 4452 1040 4517 (of.
1057 4453 1159 4504 Tdurot.
1179 4455 1196 4502 t.
1214 4454 1233 4502 t.
1249 4469 1277 4518 p.
1291 4449 1336 4516 50)
1353 4453 1375 4514 Ῑ.
1390 4454 1437 4501 29.-
1458 4441 1590 4517 [Sinaerns]
1673 4489 1674 4492 ,

310 4517 414 4582 quidam
437 4517 525 4570 dluuut
547 4534 626 4585 posse
648 4519 757 4586 corripi,
781 4519 803 4569 si
821 4530 990 4586 componatur
1008 4537 1023 4572 a
1042 4522 1130 4572 ‘sine'
1148 4531 1172 4571 et
1189 4520 1298 4572 toene&
1335 4517 1388 4570 Nos
1411 4535 1473 4570 uero
1495 4519 1591 4569 dicimus
1673 4519 1674 4522 ’

311 4585 380 4650 quod
398 4586 481 4636 media
499 4588 554 4638 eirrs
573 4601 703 4651 nunquam
722 4596 808 4653 potest
824 4590 918 4653 corripi
936 4589 991 4638 siue
1008 4589 1076 4640 disat
1093 4590 1233 4640 ‘sincerus’
1245 4587 1285 4638 uel
1302 4588 1444 4653 ‘sinceris‘‚
1462 4585 1521 4650 quin
1538 4595 1591 4634 nun·

310 4669 388 4717 quam
409 4655 538 4705 inuenitur
560 4656 584 4704 in
608 4655 695 4718 aliquo
718 4666 822 4706 auctore
844 4656 893 4706 nisi
916 4657 1003 4722 longa.
1039 4656 1169 4708 Orosius
1193 4655 1411 4722 (ep.12‚5d)=
1439 4653 1590 4704 Sinoerum
1672 4675 1673 4680 ¹

311 4731 359 4772 est
376 4723 439 4772 nisi
457 4737 516 4773 uas
533 4722 746 4786 quodeunque
764 4723 910 4774 inlundis
928 4726 1057 4778 acessit.
1087 4725 1247 4792 Virgilius
1265 4733 1430 4774 moretum:
1450 4719 1591 4772 Subsedit

312 4790 437 4840 sineere
455 4790 730 4855 foraminibusque
749 4790 905 4854 liquatur,
923 4793 1026 4846 Tlncrut.
1046 4811 1072 4859 p.
1087 4797 1149 4858 435,
1167 4795 1203 4856 cs.
1222 4793 1332 4844 eiusdem
1348 4809 1375 4856 p.
1394 4795 1455 4849 540,
1473 4791 1514 4842 ubi
1529 4788 1593 4840 Petri

314 4857 405 4908 Heliae
422 4861 454 4910 de
472 4861 559 4910 eadem
575 4875 605 4910 re
623 4861 742 4925 adsertio·
759 4863 893 4913 sententia.
1519 4889 1524 4896 ·
