3420 5450
626 377 709 429 001).
729 377 835 433 BERN.
856 379 914 427 123.
1318 391 1415 438 XXXV

131 566 155 626 i.
176 567 298 626 Veterum
321 568 429 627 scilieet
450 571 598 627 actionum.
642 563 708 626 Iud.
730 566 801 636 Quid
823 569 1041 626 consuetudine?
1070 565 1103 626 ft.
1120 567 1219 627 Eorum
1236 585 1263 642 q;
1287 568 1313 625 in
1328 568 1418 626 medio

130 654 245 728 loquendi
267 670 321 711 usu
343 654 444 730 placita
465 655 663 730 adsumptaque
685 663 759 712 sunt.

201 769 240 830 Et
257 768 286 843 s.
312 767 366 830 10⁶
382 780 456 847 post
477 776 642 833 tractamur
665 771 703 832 dc
723 787 813 833 uoce:

201 891 241 948 oe
263 875 414 951 orrrruri.
457 874 523 950 rui.
547 892 675 950 nrnnnu
699 893 763 969 qna
786 893 847 949 esu
890 873 921 950 ri.
943 893 1035 950 oraru
1064 910 1133 968 quar
1161 895 1186 951 u
1215 894 1327 967 aequo
1351 909 1419 967 que-

133 979 192 1033 ritur
213 987 307 1052 aperte
335 978 495 1054 disscripbit
517 987 545 1035 et
567 979 731 1036 determinat
751 987 782 1034 ιιι
803 986 869 1052 puta
896 978 982 1035 ueluti
1005 980 1029 1034 si
1052 995 1168 1052 quaeras
1191 997 1206 1034 a
1228 994 1270 1034 me
1293 979 1359 1052 quid
1382 979 1419 1034 sit

135 1063 214 1120 loma.
242 1063 415 1138 respondebo
438 1063 537 1120 animal
558 1062 676 1120 mortale
698 1063 832 1122 rationale
853 1065 911 1120 risu
934 1056 1063 1138 capax.*)

205 1161 269 1222 lara
287 1178 508 1238 percurramus
529 1168 643 1222 cetera

206 1259 219 1344 Η
235 1266 254 1323 l.
270 1259 333 1324 35b
350 1260 362 1346 Η
393 1265 532 1325 Sententia
560 1267 625 1343 quid
653 1267 713 1324 esti
756 1267 843 1325 llietio
876 1267 1011 1343 generalis
1039 1267 1071 1324 ad
1100 1267 1173 1324 uitae
1201 1267 1414 1325 emendationem

134 1351 246 1422 [remed-i
267 1353 295 1407 in
317 1368 460 1409 commune
483 1352 623 1428 pertinens
646 1351 719 1425 (es).
764 1352 798 1408 lla
821 1352 983 1427 exemplum.
1020 1351 1069 1409 ‘lle
1094 1353 1158 1427 quid
1181 1353 1282 1410 nimis!
1322 1353 1417 1410 llacte-

136 1454 177 1492 nus
201 1452 283 1510 pauca
310 1453 380 1510 quae
410 1440 574 1512 gramaticae
601 1437 691 1494 uicina
720 1445 798 1494 erant
821 1436 911 1511 (erat),
941 1437 1091 1512 tetigimus.
1136 1438 1212 1496 Nunc
1239 1438 1418 1494 decretione

136 1524 236 1595 eiusque
256 1521 378 1595 partibus
401 1521 492 1598 aliqua
514 1529 671 1579 tractemus.
716 1521 807 1578 Oratio
831 1523 971 1598 quidest?
1006 1521 1101 1579 Sermo
1124 1530 1268 1580 contentus
1292 1523 1324 1579 ad
1347 1520 1415 1578 clau

135 1605 210 1662 solam
232 1607 352 1664 tendens.
394 1607 467 1664 Vnde
490 1607 607 1665 dicitnr?
637 1607 730 1664 Oratio
749 1608 821 1664 dicta
843 1616 886 1664 est
909 1609 986 1682 quasi
1010 1608 1067 1663 oris
1090 1610 1162 1666 ratio
1183 1607 1241 1682 (qui
1264 1609 1287 1663 si
1310 1606 1419 1679 oratio).

135 1690 245 1748 clausula
267 1691 333 1765 quid
355 1692 417 1748 est?
461 1692 621 1767 Conpositio
649 1692 796 1750 uerborum
826 1708 894 1749 sono
924 1691 1061 1767 plausibili
1088 1701 1226 1750 structura
1254 1691 1419 1766 (plausibilis

135 1793 161 1832 er
174 1776 299 1848 tractura)
323 1785 351 1834 et
373 1777 447 1834 enitu
470 1776 509 1850 (et
531 1776 597 1850 om.)
621 1778 774 1835 terminata.

209 1939 222 2024 ΗΗ
238 1945 256 2002 l.
272 1945 331 2004 37²
348 1939 361 2025 Η
389 1945 463 2015 Quae
490 1956 556 2008 sunt
578 1948 703 2006 numeril
747 1945 821 2016 Quae
843 1948 1062 2023 singularitatem
1086 1947 1131 2004 uel
1153 1947 1256 2006 smitam
1279 1946 1419 2024 pluralite-

136 2043 182 2089 tem
203 2030 366 2106 (pluralitate
390 2029 426 2107 te)
449 2032 647 2090 demonstrant.
692 2031 783 2090 Solida
806 2030 946 2107 exemplis.
991 2032 1065 2089 Vnus
1088 2033 1180 2101 decem
1203 2042 1312 2090 centum
1335 2032 1417 2090 mille.

135 2115 198 2185 Quae
220 2125 281 2172 sunt
302 2117 424 2174 ordinis?
468 2117 542 2186 Quae
565 2120 664 2175 seriem
687 2116 784 2192 (scrip)
807 2118 1016 2175 consistentium
1039 2135 1131 2174 rerum
1154 2118 1420 2193 dispositionemque

134 2202 266 2259 declarant.
309 2202 416 2259 Robora
444 2203 582 2277 exemplis.
633 2203 739 2260 Primus
772 2202 894 2260 decimos
927 2205 1092 2260 centesimus
1125 2203 1296 2261 millesimus.
1348 2204 1421 2259 luter

134 2289 233 2343 nomina
259 2289 362 2343 numeri
385 2296 413 2344 et
436 2288 540 2344 ordinis
567 2288 633 2363 quid
655 2288 747 2344 dillert
769 2283 844 2363 (quia
866 2287 982 2358 delert)l
1026 2286 1094 2354 Quia
1119 2287 1145 2342 in
1168 2304 1281 2345 numero
1305 2297 1349 2345 est
1371 2286 1418 2362 (etl

133 2372 292 2428 coaceruatio
319 2371 469 2428 multorum
498 2374 525 2429 iu
554 2389 654 2445 unum,
684 2373 787 2429 ordinis
816 2388 883 2430 uero
911 2375 1053 2448 proprium
1082 2380 1124 2428 est
1153 2374 1256 2448 eligere
1285 2389 1367 2430 unum
1391 2371 1428 2428 οι·

132 2457 255 2531 plurimis.
286 2455 427 2524 Quomodo
443 2458 479 2514 sit
495 2459 557 2528 hoc,
570 2459 694 2515 ostende.
724 2457 789 2514 llam
801 2458 910 2532 quando
922 2457 983 2515 dico
996 2465 1117 2530 centum,
1130 2474 1224 2515 omnes
1239 2461 1343 2532 pariter
1358 2475 1422 2514 con·

131 2542 270 2616 prehendo,
285 2543 393 2616 quaudo
409 2559 475 2599 uero
491 2543 552 2600 dico
568 2544 750 2616 centesimus,
766 2560 849 2600 unum
867 2551 970 2600 tantum
986 2543 1019 2600 de
1037 2551 1111 2599 tanta
1126 2543 1258 2601 societate
1274 2542 1421 2600 nominaui.

205 2710 345 2779 Quomodo
369 2716 507 2789 praecepit
529 2713 696 2786 donatos,
719 2730 753 2770 ue
775 2730 805 2770 ea
823 2715 931 2771 nomina
954 2730 1158 2788 serperemus,
1183 2731 1253 2788 quae
1276 2715 1421 2788 conposita

127 2807 198 2868 sunt,
220 2814 281 2854 eum
303 2797 366 2854 alibi
390 2798 462 2855 dicat
484 2801 603 2872 conponi
626 2815 708 2872 posse
732 2816 763 2856 er
786 2798 973 2874 compluribus
997 2797 1048 2872 (cs.
1067 2797 1311 2870 p.377‚13.e)t
1348 2795 1420 2866 Quo·

127 2884 190 2939 niam
211 2883 245 2938 ad
267 2900 377 2940 sensum
400 2885 536 2958 respicere
558 2883 704 2956 debemus,
734 2894 762 2941 et
783 2885 806 2940 si
829 2885 915 2958 prima
936 2885 1092 2958 conpositio
1114 2881 1341 2958 significationem
1363 2899 1419 2938 non

124 2969 250 3039 mutauit,
280 2970 378 3024 iterum
401 2971 520 3043 conponi
543 2977 649 3043 potest;
679 2971 703 3026 si
725 2985 792 3025 uero
821 2984 879 3025 eam
903 2965 1118 3043 (commutauit,
1146 2985 1201 3024 non
1232 2977 1332 3042 potest.
1377 2968 1421 3024 llic

13 3108 21 3125 ,
123 3052 248 3126 apertius.
286 3053 444 3128 Pugnabilis
467 3062 495 3110 et
517 3053 705 3128 expugnabilis
728 3053 821 3110 eadem
843 3053 1007 3128 significatio
1031 3061 1058 3110 et
1080 3054 1141 3110 ideo
1163 3055 1292 3128 componi
1315 3060 1419 3128 potest,

124 3145 148 3192 ut
162 3138 393 3212 inexpugnabilis.
429 3137 556 3196 indoctus
571 3156 651 3208 uero,
674 3140 737 3213 quia
753 3140 870 3195 mutauit
884 3155 1011 3209 sensum,
1035 3140 1162 3212 componi
1179 3137 1295 3196 ulterius
1311 3138 1421 3213 nequid.

198 3215 211 3300 Η
230 3223 248 3279 i.
266 3222 327 3281 40·
346 3217 358 3298 Η
383 3221 517 3290 Quoniam
533 3224 687 3280 donatus
703 3223 814 3298 regulas
830 3223 1041 3280 declinationum
1057 3223 1089 3280 ab
1104 3221 1224 3280 ablatiuo
1240 3223 1339 3280 diffuse
1353 3240 1420 3280 con·
1502 3275 1508 3288 ,

118 3309 221 3380 posuit,
246 3325 303 3364 nos
318 3325 333 3364 a
349 3311 480 3382 genetiuo
502 3309 655 3384 conpendio
671 3308 883 3366 declinationum
899 3309 1052 3364 earumdem
1068 3309 1191 3364 ordinem
1214 3325 1420 3383 persequemur.

193 3471 207 3558 Η
226 3478 246 3535 l.
264 3478 326 3536 41·
344 3475 357 3556 Η
387 3479 495 3536 'lertiae
517 3437 706 3537 declinationis
729 3495 798 3554 quae
820 3438 862 3534 est
884 3479 1006 3553 agnitio?
1050 3478 1133 3534 Cuius
1156 3480 1341 3536 nominatione
1365 3481 1421 3534 sin·

114 3561 212 3636 gularis
242 3564 302 3620 lllll
330 3563 435 3621 litteris
462 3562 588 3621 frnalibus
617 3565 778 3622 terminatur
805 3559 929 3639 (antur).
972 3563 1094 3632 Quilms‘?
1139 3561 1365 3619 rtelnrsrt
1394 3572 1422 3620 et

173 3745 203 3810 *)
222 3748 378 3798 Audacis
397 3757 519 3813 excerpta
535 3763 551 3798 a
569 3746 650 3798 Keilio
669 3748 754 3800 Herm.
774 3747 785 3795 I
802 3762 829 3815 p.
849 3749 899 3800 332
917 3745 1018 3814 prolata
1036 3748 1062 3796 in
1081 3747 1139 3797 cod.
1158 3746 1233 3798 Bern.
1252 3744 1331 3813 paolo
1349 3744 1422 3798 aliter

112 3815 201 3880 scripta
218 3825 301 3879 snot3
327 3830 388 3866 nam
410 3830 465 3879 quo
483 3815 540 3866 loco
558 3815 590 3866 de
608 3820 716 3882 ‘super’
735 3816 928 3882 praepositione
945 3816 1043 3881 agitur,
1067 3815 1130 3865 haec
1153 3826 1192 3866 est
1215 3816 1270 3864 eius
1295 3815 1419 3865 uarietas:

111 3881 205 3948 plenius
224 3883 368 3934 secundus
385 3907 420 3919 —-
438 3883 651 3949 significationem
671 3882 732 3949 (sic)
751 3893 780 3934 ut
796 3893 859 3949 pote
877 3898 956 3950 supra
974 3899 1037 3934 seua
1049 3909 1083 3920 —-
1095 3883 1163 3933 idest
1180 3897 1260 3949 supra
1278 3884 1337 3933 item
1355 3884 1420 3933 socii

108 3953 249 4002 exanimem
271 3967 362 4017 super
379 3965 451 4001 arma
470 3954 496 4002 ia
513 3967 593 4018 uturp.
610 3955 695 4017 suppl.
707 3951 871 4002 -haeetore
889 3952 927 4002 dis
940 3979 970 3988 -
984 3951 1080 4001 seelera
1093 3979 1127 3989 -
1139 3952 1244 4009 sedunt3
1263 3957 1289 4000 et
1306 3953 1333 4001 in
1350 3949 1421 4000 Liuii

108 4022 168 4069 loro:
188 4021 253 4069 ltern
274 4030 346 4070 sunt
366 4028 541 4070 —structure
560 4046 591 4056 -
610 4019 789 4087 transfigurata
807 4046 840 4056 -
858 4029 935 4086 eptou
955 4020 1092 4070 desistere:
1111 4019 1194 4083 quiuit
1209 4035 1284 4069 murus
1300 4021 1422 4068 recentis-

106 4090 163 4137 n'nnr
181 4087 323 4152 (Danielis
343 4092 387 4139 arel
404 4086 555 4154 Boapursir')
574 4096 715 4140 correctam
732 4095 779 4140 eat.
808 4087 931 4151 Denique
947 4086 1117 4153 fragmentum
1135 4085 1211 4146 illud,
1234 4086 1303 4149 quod
1321 4101 1336 4135 a
1354 4085 1422 4135 Maio

106 4157 194 4206 uirium
213 4166 257 4206 est
277 4157 374 4224 primo
393 4155 449 4205 loco
462 4165 529 4205 anet.
541 4155 598 4207 Vat.
611 4156 647 4206 Vl
658 4172 686 4223 p.
696 4158 746 4209 589
764 4173 778 4206 e
795 4156 924 4222 glossario
937 4156 1071 4215 Vaticano,
1090 4157 1116 4204 in
1134 4155 1256 4205 Berneusi
1274 4153 1422 4219 glossarum

105 4223 162 4272 libro
180 4241 220 4275 ur.
243 4226 280 4275 16
300 4239 380 4276 saec.
399 4222 436 4272 lX
454 4223 555 4274 dnobus
573 4223 637 4274 locis
655 4226 778 4291 scriptum
796 4234 849 4286 est,
867 4225 915 4275 sub
933 4223 1023 4274 litteris
1041 4224 1065 4272 A
1077 4222 1135 4273 etE
1153 4223 1201 4272 ita:
1221 4221 1303 4275 [14¹
1321 4220 1371 4275 col.
1384 4221 1420 4273 11:

105 4297 266 4369 ΑυδΑεεε
300 4308 490 4360 Aelemeutum
516 4309 555 4358 est
577 4309 782 4372 uniuscuiusque
804 4309 840 4360 rei
863 4309 964 4359 initium
986 4324 1002 4358 a
1023 4321 1075 4372 quo
1103 4308 1212 4358 sumitur
1238 4308 1422 4357 incrementum

104 4407 136 4444 est
150 4397 176 4444 in
195 4412 252 4460 quo
274 4393 443 4452 resoluiturt
461 4393 479 4443 l.
491 4393 563 4444 tet·
580 4393 629 4445 col.
646 4393 682 4442 ll:
712 4391 837 4456 uidlllacis
862 4393 1021 4444 Elementum
1040 4402 1079 4442 est
1095 4393 1302 4456 uniuscuiusque
1319 4393 1356 4442 rei
1375 4393 1422 4440 ini-

103 4465 160 4513 cium
183 4479 199 4515 a
222 4479 282 4530 qno
308 4463 430 4514 sumitur
455 4461 638 4512 incrementum
658 4459 696 4528 ΗΗΗ
717 4471 742 4512 et
764 4463 790 4511 in
813 4477 864 4524 quo
889 4460 1025 4511 resoluitur
1046 4481 1080 4502 =
1102 4459 1120 4511 l.
1138 4462 1171 4511 9·
1189 4460 1247 4511 cod.
1267 4459 1343 4510 Bern.
1361 4461 1421 4511 ³³6.

104 4530 189 4583 lisdem
208 4533 311 4584 Scauri
332 4530 447 4581 nomine
458 4528 589 4595 adscripto
602 4528 678 4580 habet
690 4529 826 4580 Diomedes
838 4545 866 4596 p.
876 4531 936 4590 tet,
950 4531 1049 4580 te-te
1058 4528 1089 4578 ll.
1113 4528 1241 4579 Particula
1254 4529 1341 4595 operis
1354 4527 1421 4581 anal.

103 4599 206 4656 l'indoh.
218 4617 247 4669 p.
261 4603 321 4654 202
336 4599 415 4649 edita
426 4611 485 4647 cnm
502 4596 706 4648 Palaemonis
725 4613 816 4648 nomen
831 4613 893 4663 prae
909 4613 937 4646 se
955 4596 1019 4646 ierat
1036 4597 1142 4663 (incipit
1152 4597 1216 4648 liber
1227 4596 1371 4663 palemonis
1390 4596 1423 4645 de

102 4682 160 4722 one:
179 4673 231 4722 Ars
252 4669 324 4734 quid
347 4667 413 4718 est?
431 4665 506 4715 unius
524 4665 650 4728 cuiusque
667 4665 704 4716 rei
722 4666 872 4716 scientia-
886 4665 956 4728 Quid
974 4664 1200 4732 perurorexvlorl
1219 4679 1286 4729 qnae
1302 4663 1421 4714 difficiles

102 4739 196 4800 quidem
207 4755 252 4790 res
267 4753 329 4790 non
344 4747 439 4786 umen
452 4731 1420 4799 usninecessariaslacitutputalunamboliallanietorlnip.193'lR),

20 4808 25 4825 ·
102 4821 145 4856 oon
161 4809 266 4872 dubito,
287 4806 363 4872 quin
386 4802 458 4852 idem
475 4801 518 4852 ille
535 4803 570 4852 eit
586 4817 616 4852 ac
627 4801 791 4852 Palladius
810 4803 834 4852 in
848 4802 906 4852 cod.
921 4799 996 4852 Beru.
1009 4803 1060 4852 336
1078 4803 1246 4869 inscriptione
1263 4801 1420 4860 nominatus,

103 4874 130 4931 rt.
144 4877 174 4928 ll.
192 4877 272 4928 Xeilii
292 4877 400 4926 adnot.
420 4869 531 4922 Gramm.
550 4869 606 4922 Lat.
623 4870 647 4920 V
665 4885 692 4936 p.
710 4871 760 4921 tet
779 4880 804 4920 et
821 4885 887 4933 quae
904 4869 971 4919 inira
990 4884 1015 4935 p.
1034 4868 1150 4919 XXXIX
1168 4870 1358 4920 adnotaoimns.

1180 4951 1218 5006 ο*
