3368 5440
301 343 363 412 194
753 345 920 400 vescrcn
939 345 1174 400 ιιιιιιιιιιιιοι

386 533 399 618 ll
417 536 435 596 l.
452 533 512 597 w
529 533 541 618 ll
566 537 601 597 Vt
623 533 805 614 Virgilius
827 535 910 597 dicit:
934 537 1010 599 Sunt
1030 537 1207 616 pronomina
1223 537 1319 597 omnis
1333 537 1453 614 generis
1465 543 1494 596 et
1507 537 1584 597 unius

299 655 461 717 personae,
485 645 518 697 ut
539 641 619 716 ‘ego'
644 645 673 698 et
695 637 767 707 ‘iu';
796 644 864 698 sunt
887 656 903 698 o
926 637 1046 700 diuerso
1069 639 1156 700 unius
1178 639 1297 718 generis
1320 646 1349 698 et
1372 641 1471 698 omnis
1491 656 1582 717 perso·

300 759 369 814 nae,
395 747 428 800 ut
449 740 536 818 ‘ipse’
560 747 590 800 et
611 741 697 816 ‘qui’.
743 739 821 800 ilicis
837 741 916 801 enirn
933 741 1000 816 ‘ego
1014 741 1080 820 ipse
1095 741 1147 820 qui
1164 739 1253 812 dioo’,
1270 743 1315 800 ‘tu
1337 741 1402 821 ipse
1425 741 1476 820 qni
1497 739 1581 806 dicis,

298 840 361 902 ‘ille
383 843 447 920 ipse
470 843 521 918 qui
544 841 637 908 dicit’,
662 842 810 920 ‘nosipsi
832 841 882 921 qui
905 840 1043 902 dicimus'
1067 823 1241 920 etreliqua.
1279 840 1384 902 Vtrum
1400 839 1581 920 possuntalia

298 943 474 1023 pronomina
497 941 554 1003 lroc
570 944 668 1003 lacere
683 942 721 1004 de
736 945 821 1004 tertia
838 945 982 1023 persona‘l
1005 942 1111 1005 Dicunt
1126 944 1205 1018 alii,
1230 945 1298 1021 quia
1322 960 1380 1004 non
1403 949 1450 1003 est
1470 949 1601 1008 rectiore
1633 970 1636 974 ·

298 1053 331 1104 ut
357 1043 428 1106 dicit
449 1042 646 1124 Virgilius:
685 1043 759 1106 Sunt
787 1047 838 1122 qui
867 1063 1012 1125 personas
1040 1047 1238 1124 coniungunt,
1268 1043 1376 1123 quibus
1404 1043 1484 1106 nulio
1505 1041 1581 1104 modo

298 1144 565 1224 adquiescendum,
588 1155 621 1207 ut
641 1145 710 1225 ‘ego
733 1153 765 1206 tu
786 1145 859 1208 ille’.
898 1147 972 1208 Nam
995 1157 1114 1226 praeter
1135 1146 1186 1207 illa
1210 1147 1400 1226 pronomina,
1425 1163 1497 1225 quae
1511 1145 1580 1205 omni

298 1266 443 1328 personae
465 1250 663 1318 conueniunt,
687 1249 783 1308 omnis
805 1249 975 1310 coniunctio
998 1247 1064 1310 talis
1087 1249 1251 1311 execranda
1275 1257 1327 1309 est

384 1345 426 1434 lli.
436 1345 493 1410 19b
503 1345 515 1432 ll
530 1349 631 1411 Vtrum
641 1368 734 1410 unum
745 1350 1200 1412 sensumhabet‘mci’et‘mis’i
1222 1349 1297 1426 Non,
1312 1347 1579 1428 quod‘mei’dicitur

298 1452 335 1514 de
359 1471 392 1513 ea
414 1469 462 1522 re,
486 1469 561 1529 quae
583 1453 613 1511 in
636 1463 793 1529 praesente
816 1451 991 1532 possidetur,
1008 1453 1089 1512 ‘mis'
1105 1460 1204 1515 autern
1220 1451 1257 1512 de
1272 1470 1305 1512 ea
1322 1469 1355 1511 re
1371 1451 1487 1519 dicitur,
1503 1467 1577 1528 quarn
1591 1465 1608 1501 u

297 1554 334 1616 ab
358 1553 415 1615 alio
437 1571 541 1632 spero,
565 1561 598 1614 ut
619 1553 692 1615 dicit
713 1553 912 1632 Virgilius:
935 1554 1075 1632 Legimus
1097 1553 1176 1616 ileoti
1198 1555 1281 1616 ‘mci'
1305 1553 1352 1615 uel
1369 1555 1459 1614 ‘tnls’.
1496 1549 1579 1621 Quare

297 1656 354 1717 lroc
376 1655 511 1716 additur?
533 1654 597 1716 Hoc
619 1656 658 1715 ita
682 1653 928 1734 intellegendum,
952 1655 1032 1736 quod
1054 1656 1133 1716 ‘mis'
1149 1674 1210 1716 non
1225 1654 1345 1724 dicitur,
1369 1655 1428 1716 nisi
1449 1653 1485 1713 de
1500 1671 1530 1712 ea
1544 1670 1579 1718 ro,

296 1776 385 1836 quarn
409 1757 481 1818 milri
503 1755 540 1817 ab
562 1755 661 1836 aliquo
684 1759 894 1835 repromissam
917 1775 1005 1837 spero
1022 1767 1052 1818 et
1068 1765 1240 1826 uenturam,
1264 1758 1347 1818 ‘inei’
1365 1765 1464 1820 autem
1486 1754 1521 1814 de
1541 1773 1580 1820 eo.

295 1860 374 1940 qnod
397 1876 541 1940 praesens
562 1857 710 1938 possideo.
755 1857 833 1929 Quid
855 1861 981 1920 interest
1002 1859 1081 1920 inter
1102 1859 1163 1918 ‘is’
1188 1867 1217 1919 et
1238 1858 1329 1919 ‘liic’l
1375 1859 1450 1920 [licit
1471 1857 1583 1931 Virgi-

296 1961 390 2023 lius:
415 1961 494 2022 lnter
517 1960 576 2020 ‘is’
602 1967 631 2020 et
653 1959 737 2019 ‘hio’
760 1959 817 2020 hoc
840 1963 977 2030 interest,
1002 1961 1081 2038 quod
1104 1962 1165 2020 ‘is'
1190 1961 1393 2038 subiungitur,
1418 1968 1451 2021 ut
1471 1959 1515 2019 ‘al
1534 1957 1581 2028 is',
1596 1969 1614 2009 ιι

295 2063 347 2124 sed
371 2071 500 2132 tantum,
531 2063 557 2123 si
579 2061 821 2123 coniunctionem
849 2061 1070 2123 subiunctiuam
1095 2060 1150 2122 sibi
1178 2061 1316 2123 habuerit
1343 2061 1517 2140 copulatam,
1539 2059 1582 2116 ‘is'

296 2166 440 2244 praeponi
463 2170 574 2243 polest,
599 2173 632 2225 nt
654 2165 698 2228 ‘is
721 2165 836 2224 autem'
860 2165 903 2226 ‘is
926 2165 1028 2225 uero’.
1073 2163 1152 2224 ‘Hic’
1175 2173 1273 2225 autem
1296 2181 1416 2243 semper
1438 2160 1582 2242 praeponi-

296 2276 354 2327 tur.
386 2265 464 2326 ‘Hie'
489 2267 584 2334 enim,
607 2267 632 2325 si
655 2264 774 2344 quando
796 2267 966 2328 coniunctio
989 2267 1016 2326 ei
1040 2267 1232 2344 praepositiui
1255 2263 1369 2325 ordinis
1392 2264 1480 2325 luerit
1501 2281 1582 2340 copu-

295 2367 368 2439 latu,
392 2377 462 2429 tunc
485 2365 597 2448 liquido
619 2366 818 2444 subiungitur,
843 2376 875 2428 ut
897 2367 1049 2444 ‘quoniam
1071 2365 1142 2427 lrio’.

382 2467 393 2550 ll
412 2465 510 2529 [19¹¹
530 2465 541 2551 ll
571 2469 630 2530 Cur
651 2470 743 2547 ‘ego'
767 2467 857 2528 habet
879 2468 1016 2545 obliquos
1038 2485 1125 2536 casus
1152 2467 1208 2528 sibi
1237 2467 1412 2542 dissimiles,
1443 2477 1474 2528 ut
1499 2465 1615 2543 ‘ego'ro

295 2573 377 2632 ‘mei'
400 2569 450 2632 nel
473 2571 554 2630 ‘mis'
579 2578 608 2630 et
630 2567 737 2650 plurali
759 2572 837 2629 ‘nos'
861 2572 1021 2631 ‘nostrum'
1044 2569 1092 2630 uel
1115 2569 1252 2631 ‘nostri'i
1294 2569 1387 2630 llliis
1419 2568 1474 2628 lroc
1496 2566 1584 2648 placet

295 2691 374 2744 esse,
404 2673 472 2753 quia
500 2671 610 2732 similes
633 2681 701 2732 sunt
724 2689 831 2740 sensu,
860 2671 931 2731 licet
952 2670 1117 2733 litteratura
1140 2670 1297 2733 dissimiles
1324 2679 1407 2742 suut,
1443 2679 1474 2731 ut
1495 2680 1537 2730 est
1555 2669 1581 2727 in

295 2776 414 2836 nomine
437 2773 551 2835 ‘bonus
574 2774 679 2834 melior
701 2774 847 2852 optimus'
871 2781 900 2833 et
923 2774 1032 2833 ‘unus'
1061 2771 1250 2851 singulariter
1273 2771 1417 2851 ‘singuli'
1439 2770 1583 2852 pluraliter

294 2879 379 2947 lacit,
403 2884 433 2938 el
457 2884 489 2937 ut
509 2882 579 2935 sunt
599 2873 765 2954 inaequalia
787 2873 895 2944 uerba,
918 2884 951 2935 ιιι
966 2874 1055 2935 ‘lero'
1071 2873 1149 2934 ‘tuli'
1164 2874 1235 2936 iacit
1254 2877 1466 2953 praeteritum,
1490 2873 1581 2934 ‘latum

293 2981 348 3039 ire’
373 2978 551 3038 inliniliuum
575 2975 722 3038 lulurunr:
747 2978 789 3036 sic
805 2977 885 3054 ‘ego'
902 2976 986 3036 ‘mei’
1008 2975 1099 3038 debet
1121 2995 1201 3052 esse,
1225 2979 1295 3057 quia
1317 2976 1444 3038 similem
1468 2988 1614 3037 sensnnru

294 3078 405 3140 halrent
427 3087 457 3138 et
478 3076 600 3158 reliqua.
636 3077 709 3139 Alii
725 3096 798 3138 uero
814 3078 925 3148 dicunt,
949 3079 1029 3156 ‘ego'
1045 3077 1255 3139 indeclinabile
1272 3097 1346 3147 esse,
1364 3087 1397 3139 ut
1412 3088 1456 3139 est
1470 3093 1581 3142 nomen,

293 3181 372 3260 quud
396 3180 505 3241 dicitur
528 3185 691 3261 ‘nequam'
716 3191 746 3240 et
768 3198 872 3240 omnes
894 3197 980 3240 casus
1003 3182 1032 3240 in
1055 3199 1113 3240 una
1137 3181 1232 3240 lorma
1254 3179 1382 3250 habere,
1411 3180 1486 3240 idest
1507 3180 1580 3255 ‘ego’

293 3284 477 3345 nominatiuo
493 3289 522 3343 et
537 3281 718 3352 accusatiuo,
742 3290 775 3342 ut
788 3281 974 3360 Virgilius
996 3281 1079 3340 dicit:
1105 3281 1212 3344 Verum
1230 3283 1320 3360 ‘ego’,
1345 3284 1422 3343 sicut
1437 3279 1580 3358 ‘nequam’

294 3393 323 3447 et
346 3393 445 3447 celera
469 3383 699 3454 declinamenta,
723 3402 777 3463 per
800 3401 904 3444 omnes
927 3401 1013 3444 casus
1036 3400 1125 3443 unam
1148 3391 1262 3444 tantum
1286 3381 1512 3444 declinationem
1534 3381 1580 3441 lra-

295 3487 366 3549 lrere
388 3487 478 3548 multa
501 3497 653 3548 auctorum
677 3485 806 3546 lectione
827 3483 1067 3546 indubitabilium
1091 3485 1216 3546 eredere
1238 3485 1444 3564 conpellimnr,
1461 3482 1612 3546 Serui-³⁰

294 3589 343 3650 llo
366 3588 530 3650 scribente:
564 3607 689 3667 agrum
717 3605 786 3666 ego
814 3595 1042 3665 rapuerunt,
1076 3586 1135 3648 lroc
1162 3596 1208 3648 est
1235 3586 1351 3648 dicere:
1386 3593 1506 3666 ‘agrum
1528 3584 1579 3644 mei

294 3696 479 3772 rapuerunt'.
526 3691 586 3752 Cur
613 3691 741 3770 positum
770 3697 816 3749 est
841 3689 872 3748 in
902 3689 1048 3769 principio
1081 3691 1291 3769 pronominum
1324 3689 1381 3750 hoc
1412 3703 1579 3766 pronomen.

362 3965 375 4014 1
394 3957 531 4027 Virgilius]
551 3961 631 4010 Deest
648 3961 720 4024 opud
736 3961 846 4022 Maium,
863 3962 911 4010 sed
928 3962 1017 4012 laudnt
1035 3961 1192 4025 Gainsredus
1209 3962 1280 4026 opud
1290 3961 1387 4010 Malum
1404 3978 1430 4026 p
1443 3964 1477 4011 3⁵
1489 3959 1580 4010 adnot:

292 4031 429 4081 Sciendum
453 4041 493 4080 est
514 4029 584 4091 quod
605 4037 714 4078 testante
731 4028 841 4093 Virgilio
863 4037 923 4078 suut
944 4029 1070 4090 quaedam
1093 4031 1247 4094 pronomina
1266 4029 1349 4078 omnis
1368 4031 1471 4096 generis
1488 4035 1531 4078 eto.
1550 4051 1579 4059 -

292 4100 462 4161 quidicimus
482 4097 629 4158 etreliqua
697 4093 870 4161 ilVirgilius]
891 4096 948 4146 Non
965 4104 1040 4146 extat
1057 4099 1128 4160 apud
1142 4098 1238 4148 Malum
1305 4097 1505 4156 Sexseerffnnda
1515 4109 1579 4143 curn

292 4183 374 4222 exem·
445 4168 477 4217 10
494 4166 656 4231 possedetur,
674 4181 743 4216 corr.
754 4165 839 4230 possi·
909 4166 940 4213 11
955 4160 1089 4230 Virgilius]
1110 4167 1191 4229 Apud
1201 4165 1298 4215 Maium
1316 4163 1581 4226 nonnisilloolepitnr

289 4237 402 4299 .13.·8
429 4235 497 4284 luter
519 4235 569 4282 mei
592 4233 630 4283 uel
655 4235 717 4282 mis.
741 4234 790 4282 ntis
813 4232 915 4295 quando
940 4233 972 4281 ab
994 4232 1081 4294 aliquo
1099 4247 1176 4298 spero
1194 4235 1349 4298 promissam
1369 4243 1500 4283 iteraturam
1518 4243 1580 4284 r;enr

292 4354 349 4414 inei,
368 4353 439 4416 quod
457 4367 579 4418 praesens
598 4352 731 4417 possideo.
803 4353 834 4401 tt
852 4366 918 4414 qnos
989 4353 1020 4401 15
1038 4361 1063 4400 et
1079 4349 1135 4415 hee,
1152 4368 1222 4402 corr.
1240 4352 1281 4401 hie
1367 4353 1399 4402 16
1416 4346 1581 4402 coniunctioni

290 4425 405 4490 nitergo
424 4422 501 4471 habet
585 4421 619 4470 24
636 4420 763 4484 inequalla
832 4419 866 4470 28
886 4416 1066 4502 Virgilius]p.
1085 4421 1121 4470 23
1140 4419 1197 4470 Mai
1265 4423 1296 4472 31
1316 4422 1365 4469 mei
1383 4435 1417 4486 ng
1418 4435 1472 4468 rurn
1491 4415 1581 4466 Maius

292 4492 336 4541 Ad
355 4478 421 4541 lunc
442 4492 522 4540 locum
543 4488 639 4539 Petrus
659 4489 754 4539 Daniel
773 4489 836 4538 llaec
858 4489 967 4552 arrarpini
992 4488 1146 4551 adscripsit:
1182 4489 1209 4536 lc
1232 4487 1276 4538 lib.
1296 4489 1386 4538 Auruti
1408 4487 1445 4537 sic
1467 4483 1580 4536 taturi·

291 4560 402 4608 luerunt
423 4557 527 4621 qnidam
551 4557 595 4618 qni
619 4555 754 4605 uoluerunt
777 4556 886 4606 scribere
909 4569 958 4620 ego
981 4569 1122 4620 pronomen
1145 4556 1210 4604 inter
1233 4557 1386 4620 pronomina
1409 4567 1436 4604 nt
1453 4568 1498 4621 pro
1514 4551 1581 4600 omui

289 4641 350 4676 casu
370 4627 526 4691 acciperetur
543 4625 610 4674 sicut
625 4625 665 4674 iss
685 4623 758 4674 celas
776 4639 884 4686 nequmn
904 4623 1006 4686 quidum
1019 4638 1067 4688 pro
1079 4638 1128 4688 ego
1142 4625 1207 4672 arius
1225 4625 1343 4673 dicebant
1360 4623 1515 4704 norn'gnutiuo
1535 4619 1583 4666 mei

290 4696 410 4774 genmiuo
428 4691 568 4742 Seruilio
587 4701 661 4742 teste.
681 4707 839 4758 agrumgero
857 4702 1008 4758 rapuerunt,
1027 4691 1075 4741 lroc
1095 4702 1134 4741 est
1150 4691 1246 4741 dicere
1274 4707 1364 4758 agrum
1383 4692 1433 4740 mel
1449 4689 1582 4768 progeni

290 4762 359 4824 tiuo;
390 4761 548 4826 Virgilius
572 4775 676 4824 quoque
700 4761 857 4810 Asianus.
887 4762 945 4822 quis
968 4775 1017 4825 ego
1040 4759 1156 4809 condidit
1180 4771 1206 4809 ut
1228 4761 1266 4810 sio
1289 4775 1372 4810 essem
1395 4773 1441 4826 pro
1464 4757 1577 4820 quis
1544 4771 1582 4803 me

290 4827 335 4892 (es-
354 4846 380 4892 n·
399 4831 434 4878 23
454 4827 519 4892 Mul
