3390 5444
313 351 374 414 144
730 349 851 403 SERGII
868 351 1136 404 EXPOSITIONES

395 540 553 600 Praeterea
577 555 664 600 omne
686 556 794 600 nomen
818 546 869 599 aut
890 541 1044 619 proprium
1067 545 1114 601 est
1136 545 1187 600 aut
1208 537 1430 618 appellatiuum.
1470 539 1593 617 Singulo-

310 660 377 703 rum
405 640 560 702 hominum
593 642 763 720 proprium;
801 639 995 720 appellatiua,
1024 659 1100 718 qnae
1132 640 1294 702 multarum
1316 657 1434 712 rerum,
1464 648 1496 701 nt
1517 640 1594 702 arhor

311 742 417 804 domus
439 741 581 822 templum
605 749 634 803 et
656 741 720 802 alia.
766 741 845 820 Ergo
868 762 921 804 nos
944 742 1084 804 docemus
1107 748 1136 802 et
1158 745 1188 803 in
1210 741 1268 802 irae
1289 741 1470 813 delinitione,
1494 741 1592 802 nullum

310 864 374 906 esse
395 862 519 914 nomen,
544 845 593 904 cui
615 843 689 903 haee
711 861 770 905 non
793 845 849 904 tria
873 844 1025 918 accidunt,
1046 852 1088 928 ¹ut
1110 861 1210 906 casum
1234 841 1356 913 haheat,
1379 850 1410 905 et
1431 851 1481 904 aut
1501 862 1593 922 corpo·

309 945 371 1008 rale
398 946 441 1006 sit
465 953 516 1006 aut
542 944 742 1025 incorporale,
771 953 800 1006 et
826 953 876 1025 aut
904 947 1057 1026 proprium
1086 946 1124 1006 sit
1151 953 1201 1006 aut
1228 943 1456 1025 appellatinum,
1484 952 1515 1005 ut
1534 954 1611 1024 pntas

308 1047 451 1110 Achilles:
481 1064 550 1107 ecoe
578 1045 669 1107 habet
696 1063 796 1108 casum
820 1055 849 1107 et
871 1047 990 1109 uidetur
1018 1055 1048 1108 et
1069 1047 1200 1124 tangitur
1226 1064 1324 1123 neque
1350 1044 1523 1116 multorum,
1550 1049 1593 1108 sati

308 1153 494 1223 sicomorum
516 1149 670 1228 proprium
694 1154 748 1209 est.

393 1251 511 1311 Nemini
535 1257 606 1327 quot
628 1249 780 1326 accidunt,
810 1249 886 1310 idest
909 1269 962 1329 per
985 1256 1057 1328 quot
1079 1256 1179 1329 partes
1201 1267 1311 1310 nomen
1332 1248 1498 1310 indicaturi
1531 1250 1591 1310 Pro-

309 1354 372 1432 prie
395 1351 522 1413 dicimus
544 1351 680 1412 accidere
701 1349 766 1420 illa,
790 1369 865 1428 quae
888 1351 923 1410 ael
947 1357 1104 1411 tractatum
1127 1351 1293 1431 pertinent,
1316 1350 1393 1410 idest
1415 1359 1513 1431 partes
1533 1370 1590 1413 sea:

308 1473 362 1535 per
390 1453 561 1534 qualitatem
585 1471 639 1532 per
668 1451 911 1534 conparationem
939 1471 992 1531 per
1020 1469 1115 1530 genus
1143 1470 1197 1532 per
1225 1469 1382 1513 numerum
1405 1471 1461 1535 per
1481 1454 1618 1531 tignramu

308 1573 362 1634 per
384 1574 494 1616 casum.
540 1553 670 1626 Qualitas
693 1562 752 1622 est,
784 1571 860 1632 quae
883 1552 1011 1614 ostendit
1040 1571 1165 1624 nornen,
1195 1561 1294 1615 utrum
1316 1557 1471 1634 proprium
1494 1573 1528 1615 an
1548 1573 1591 1634 ap·

308 1657 495 1737 pellatiuum;
527 1654 605 1716 aliud
635 1653 795 1716 nonlicet.
841 1655 872 1715 Si
894 1653 932 1715 (le
953 1657 1091 1734 proprio,
1121 1656 1196 1717 liunt
1216 1663 1318 1735 partes
1341 1663 1493 1733 quattuor,
1516 1665 1542 1717 et
1560 1656 1590 1716 de

310 1758 487 1838 appellatiuo
510 1759 583 1818 fiunt
604 1765 704 1836 partes
725 1745 839 1818 xxvii.
1311 1809 1318 1824 ,

392 1859 584 1938 Conparatiui
607 1857 716 1936 gradus
738 1866 809 1919 sunt
830 1857 881 1918 lll:
906 1859 1050 1937 positiuus
1073 1859 1286 1937 conparatiuus
1306 1857 1515 1937 superlatiuus.
1544 1860 1589 1919 Po·

308 1964 428 2032 sitiuus,
451 1970 484 2021 ut
507 1959 624 2028 doctus;
649 1961 874 2039 conparatiuus,
899 1967 931 2020 ut
953 1959 1083 2027 doctior:
1106 1959 1322 2038 superlatiuus,
1346 1967 1379 2020 ut
1402 1959 1617 2022 doctissimum

309 2064 358 2125 lsti
382 2072 451 2124 sunt
473 2061 581 2141 gradus
604 2061 839 2141 conparationis,
863 2059 915 2123 sed
938 2061 1084 2138 positiuus
1106 2061 1204 2121 uarias
1226 2056 1281 2142 hall
1297 2060 1319 2119 i.
1332 2055 1413 2119 141·
1430 2059 1495 2144 libet
1515 2078 1588 2138 regu-

308 2166 364 2226 las:
389 2163 489 2225 autin
512 2179 548 2221 ns
570 2163 643 2232 exit,
668 2171 701 2223 ut
721 2161 839 2231 doctus;
864 2163 924 2223 exit
938 2163 967 2221 in
984 2180 1015 2231 a,
1040 2169 1071 2222 ut
1087 2161 1187 2231 docta;
1211 2161 1272 2222 exit
1285 2163 1316 2221 in
1332 2178 1399 2231 um,
1424 2169 1456 2220 ut
1470 2160 1588 2230 (loetum

308 2268 369 2327 exit
390 2267 420 2327 in
443 2267 484 2334 is,
513 2267 545 2324 ut
568 2262 686 2331 docilis;
718 2265 883 2332 aritine,
914 2270 949 2322 nt
969 2262 1081 2332 docile;
1112 2265 1172 2325 exit
1192 2265 1223 2324 in
1246 2280 1315 2334 ans,
1345 2271 1378 2322 ut
1401 2279 1515 2331 amans,
1541 2263 1589 2321 erit

307 2367 336 2429 in
353 2385 395 2437 er,
418 2373 451 2427 ut
465 2367 549 2444 piger
573 2366 665 2444 niger.
710 2364 812 2425 Varias
834 2363 952 2442 regulas
975 2371 1005 2424 et
1025 2363 1134 2426 multas
1157 2363 1256 2425 habet.
1294 2363 1509 2445 Conparatiuus
1528 2362 1588 2422 duas

306 2477 419 2529 tantum
447 2465 565 2545 regulas
592 2465 697 2527 habet:
732 2468 793 2526 exit
819 2467 849 2525 in
872 2483 907 2525 or
931 2473 960 2525 et
982 2473 1027 2526 est
1054 2467 1220 2526 communis
1249 2467 1382 2544 generis,
1411 2472 1444 2525 ut
1471 2465 1615 2531 doctionrt

307 2571 367 2631 exit
389 2571 419 2630 in
442 2571 487 2629 ius
510 2576 539 2628 et
561 2575 606 2628 est
626 2568 726 2628 neutri
753 2567 885 2644 generis,
914 2574 948 2626 ut
970 2565 1085 2628 doctius
1114 2567 1223 2628 elarius
1245 2566 1420 2628 mirabilius
1465 2565 1587 2646 Superla·

306 2673 384 2732 tiuus
406 2689 478 2732 uero
501 2668 540 2730 lll
562 2668 652 2730 habet
673 2666 807 2748 regulas:
836 2669 938 2728 autin
961 2685 996 2728 us
1018 2669 1091 2736 exit,
1115 2678 1147 2729 ut
1169 2667 1373 2738 doctissimum
1396 2676 1447 2728 aut
1469 2670 1498 2728 in
1519 2688 1542 2737 a,
1563 2677 1587 2726 nt

306 2773 489 2840 doctissima;
513 2779 563 2833 aut
585 2772 616 2831 in
638 2789 702 2840 um,
727 2778 759 2830 ut
781 2769 994 2831 doctissimum.

390 2873 472 2944 Quae
500 2874 619 2933 nomina
647 2871 865 2951 conparantur?
907 2869 1108 2950 Appellatiua,
1143 2871 1210 2952 quia
1239 2873 1360 2953 propria
1390 2890 1450 2933 non
1472 2877 1587 2953 ¹possunt

305 2975 463 3055 conparari
487 2992 542 3034 nee
564 2971 740 3053 appellatiua
764 2973 871 3033 omnia.
909 2971 974 3033 Non
998 2971 1075 3032 eninr
1098 2989 1255 3052 possumus
1278 2973 1378 3033 dicere
1401 2973 1492 3034 arbor
1512 2972 1612 3032 arbo-e

304 3081 367 3139 rior
389 3075 594 3142 amarissima,
617 3074 707 3134 homo
728 3073 886 3134 homonior
909 3072 1148 3134 homonissimns.
1193 3073 1272 3152 Ergo
1288 3074 1417 3136 uidenda
1433 3084 1508 3144 sunt
1523 3093 1586 3155 quae

304 3179 455 3258 recipiunt
489 3177 752 3256 conparationem..
784 3174 865 3246 Quae
902 3176 1069 3254 significant
1105 3175 1276 3254 qualitatem
1311 3185 1362 3237 aut
1394 3179 1584 3258 quantitatem.

304 3281 400 3354 Quot?
445 3276 589 3348 Quattuor
620 3285 690 3338 sunt
718 3280 836 3356 species
869 3285 998 3349 tanturn,
1032 3295 1108 3358 quae
1140 3275 1311 3354 qualitatem
1345 3284 1376 3338 et
1408 3279 1585 3358 quantitatem

304 3383 483 3462 significant,
515 3398 550 3440 ex
580 3379 687 3458 quibus
714 3385 776 3439 tres
803 3379 954 3456 qualitatis
977 3386 1007 3439 et
1027 3397 1086 3440 una
1110 3380 1292 3458 quantitatis.
1338 3379 1501 3452 (localitatis
1526 3397 1586 3456 ergo

303 3485 418 3563 species
440 3501 516 3562 quae
538 3481 624 3542 sunt?
667 3480 711 3542 nb
734 3481 832 3541 animo
855 3499 870 3540 a
894 3498 1020 3558 corpore
1043 3481 1237 3541 extrinsecus.
1283 3479 1389 3541 Omnia
1412 3483 1499 3550 enirn,
1522 3494 1611 3560 quaec

303 3586 341 3646 ab
364 3587 464 3646 animo
487 3583 654 3651 trahuntur,
683 3583 832 3660 recipiunt
854 3583 1110 3662 conparationem,
1140 3591 1173 3642 ut
1194 3580 1300 3642 stultns
1322 3581 1442 3643 stultior
1463 3579 1584 3644 stultissi·

303 3705 384 3756 mus,
412 3687 532 3765 sapiens
554 3682 718 3764 sapientior
740 3685 983 3763 sapientissimus.
1028 3683 1116 3760 item,
1144 3702 1221 3763 quae
1243 3703 1258 3744 a
1282 3701 1409 3764 corpore
1433 3690 1583 3752 sumuntur,

302 3789 450 3868 recipiunt
472 3787 726 3864 conparationem,
750 3795 783 3848 ut
805 3786 890 3865 niger
912 3787 1028 3865 nigrior
1050 3786 1249 3864 nigrissimuS,
1279 3785 1424 3848 candidus
1446 3783 1583 3847 candidior

302 3888 541 3955 candidissimus..

387 3992 469 4064 Quae
491 3992 677 4052 extrinsecus
700 4008 716 4050 a
739 3990 873 4059 lortuna,
897 3997 930 4052 ut
950 3998 1001 4050 aut
1022 4006 1137 4069 pauper
1158 3991 1196 4050 sit
1218 3998 1269 4050 aut
1291 3989 1376 4051 diues
1398 3999 1449 4050 aut
1469 3989 1607 4050 honora-³⁵

302 4102 360 4154 tus:
392 4101 422 4153 et
443 4094 499 4154 ista
527 4092 678 4172 recipiunt
705 4092 962 4172 conparationem,
992 4098 1026 4152 ut
1047 4089 1201 4152 mendicus
1224 4091 1391 4153 mendicior
1413 4090 1577 4153 mendicissi-

302 4213 382 4264 mus,
410 4195 572 4255 honoratus
593 4193 768 4255 honoratior
789 4193 1050 4262 honoratissimus,
1081 4192 1226 4254 ho'nestns
1248 4193 1401 4254 honestior
1424 4191 1576 4253 honestissi-

300 4315 376 4358 mus.
421 4298 444 4357 Α
472 4295 634 4375 quantitate
663 4313 737 4374 ergo
761 4296 878 4375 speeies
900 4313 916 4355 a
939 4311 1094 4356 mensura:
1132 4293 1238 4374 longus
1265 4294 1344 4358 latus
1370 4294 1446 4356 altus
1472 4309 1573 4374 paruus.

299 4398 418 4478 Absque
437 4399 505 4459 istis
526 4396 580 4458 llll
603 4396 738 4476 partibus
761 4395 840 4458 nulla
863 4415 911 4458 res
934 4397 1040 4476 recipit
1061 4397 1314 4476 conparationem.

366 4588 484 4636 irerum
502 4585 593 4635 addidi
660 4582 837 4635 tidiilnitione
903 4581 1001 4632 theec
1020 4596 1071 4631 non
1089 4591 1140 4632 tres
1193 4580 1232 4649 ut]
1251 4593 1295 4633 aut
1346 4594 1371 4633 et
1388 4583 1475 4638 addidi
1503 4579 1569 4628 incor-

298 4654 386 4720 porale
404 4663 448 4702 aut
516 4652 638 4702 liechills
656 4650 699 4702 ete
748 4653 869 4718 tangitur·
879 4649 1016 4700 multorum
1035 4664 1096 4716 ergo
1115 4652 1249 4716 proprium
1266 4663 1306 4702 est
1355 4651 1456 4714 8quotl
1473 4646 1569 4698 accidunt

300 4757 332 4804 16
349 4755 560 4820 cooperationes,
578 4769 648 4808 corr.
665 4753 716 4803 -nis
785 4755 819 4804 20
836 4753 939 4803 comuni
1007 4748 1220 4818 etquta1qaae
1304 4754 1338 4805 25
1356 4723 1566 4804 a1·btorartta⁰s'tna

298 4823 331 4872 28
349 4837 368 4890 q
386 4823 431 4872 llll
449 4833 510 4872 snnt
577 4820 611 4870 29
628 4821 757 4884 qualitatis
776 4823 867 4873 addidi
934 4825 967 4873 35
986 4835 1012 4872 nt
1029 4821 1120 4870 addidi
1186 4821 1322 4872 ironeratna
