3394 5448
500 335 575 387 cvm
596 335 798 390 uxcuupris
816 337 989 388 INIIDITIS.
1227 348 1387 398 CCXXXIII

100 543 151 671 pro
173 523 272 596 breui,
298 532 327 586 et
349 524 399 586 ubi
423 534 623 596 necestuosi,
654 524 780 588 babetur
806 524 981 606 prolonga.
1026 525 1067 586 Ila
1091 523 1142 586 ubi
1165 526 1310 606 accipitur
1333 543 1388 605 pro

146 629 162 658 ss

109 629 189 689 (moa.
425 769 428 780 Ι
468 697 658 764 llocerat‚
683 676 947 776 almaparens.

100 782 138 842 lla
159 781 211 843 ubi
234 783 272 843 sit
295 781 405 843 breuis.

76 879 87 919 5
264 866 371 927 Solus
394 865 457 929 lra'c
480 865 633 928 inflexit
655 885 791 929 sensus
814 867 1012 928 Brauionis
1034 867 1073 928 ad
1098 885 1229 928 amnes,

179 1035 322 1098 Dicebant
343 1044 427 1098 antea
451 1045 578 1107 ueteres,
603 1038 680 1119 quod
705 1047 775 1100 tunc
798 1044 876 1098 esset
898 1056 984 1117 asper
1006 1038 1138 1118 spiritus,
1162 1039 1280 1115 quando
1295 1056 1387 1099 unum

98 1124 184 1182 semis
209 1131 260 1184 aut
282 1122 340 1183 drro
363 1127 453 1185 semis
476 1133 525 1184 aut
547 1124 602 1186 tria
625 1133 758 1204 tempora
782 1123 969 1193 habuissent;
993 1124 1109 1204 quando
1132 1141 1204 1183 uero
1224 1141 1315 1184 unum
1339 1129 1390 1183 aut

97 1209 152 1267 duo
180 1215 314 1288 tempora
346 1207 535 1276 habuissent.
564 1217 636 1269 tunc
665 1216 743 1270 esset
769 1208 844 1270 lenis
871 1209 1003 1289 spiritus.
1048 1207 1220 1279 Quomodo?
1264 1209 1335 1270 Puta
1364 1210 1388 1268 si

98 1293 188 1353 dicam
218 1296 293 1362 ‘et’,
324 1293 380 1354 boc
409 1311 547 1354 sermone
576 1294 714 1356 dicebant
742 1292 968 1356 ueteres'illam
998 1292 1130 1355 uocalem
1159 1312 1249 1354 unum
1273 1303 1389 1372 tempus

67 1393 86 1430 1⁰
99 1377 223 1450 habere,
253 1378 332 1440 illam
361 1388 574 1439 consonantem
604 1398 676 1440 uero
707 1379 835 1440 medium
859 1389 888 1440 et
911 1389 981 1440 tunc
1003 1376 1141 1464 dIcebant
1163 1397 1227 1439 esse
1249 1396 1388 1458 asperum

99 1465 244 1542 spiritum.
290 1464 442 1536 Quomodo
466 1465 573 1525 dicitur
596 1466 718 1542 spiritus
742 1483 806 1524 esse
829 1464 922 1526 leuis?
967 1463 1038 1526 l‘uta
1067 1465 1092 1524 si
1114 1453 1209 1524 dic'am
1233 1465 1320 1524 ‘ars’:
1344 1463 1388 1524 di·

99 1547 203 1609 cebant
225 1547 305 1609 illam
328 1549 462 1610 uocalem
486 1566 576 1610 tanum
594 1559 711 1629 tempus
727 1548 839 1610 babere
861 1558 891 1610 et
906 1548 972 1610 illas
987 1549 1059 1612 duas
1074 1558 1270 1610 consonantes
1286 1567 1387 1615 unum,

101 1643 128 1693 et
147 1641 220 1694 tunc
242 1634 382 1696 dicebant
404 1653 470 1695 esse
494 1634 589 1695 lenem
613 1637 768 1714 spiritum,
792 1635 843 1696 sed
868 1653 925 1696 non
949 1643 994 1696 est
1015 1638 1066 1705 ita,
1090 1637 1148 1696 nisi
1171 1633 1258 1713 longa
1281 1631 1389 1714 syllaba

99 1719 153 1778 duo
175 1727 311 1799 tempora
334 1719 432 1789 habet,
457 1720 558 1780 breuis
580 1738 682 1781 aruum.

664 1837 827 1885 .⁶'.

66 1967 87 2007 1⁵
581 1959 629 2020 llll
658 1959 899 2021 dCCEN'IlBVS.

179 2125 190 2209 ΙΙ
207 2127 227 2187 l.
243 2124 334 2209 58bll
356 2129 501 2190 lliscretio
529 2092 695 2208 corrumpit
721 2092 850 2208 regulalm
881 2137 1068 2190 accentuum.
1106 2129 1279 2202 Quomodo?
1316 2130 1389 2190 Puta

99 2215 121 2272 si
141 2213 238 2272 dicam
261 2215 362 2291 ‘pone'
387 2222 416 2274 et
438 2215 545 2290 ‘ergo’.
591 2214 670 2276 Inter
692 2219 792 2294 ‘pone'
819 2223 848 2274 et
869 2217 969 2294 ‘pone’
994 2215 1062 2292 quid
1080 2215 1186 2276 distat?
1231 2215 1263 2276 Si
1286 2212 1390 2274 dixero

100 2299 196 2374 ‘pone’
222 2305 251 2357 et
274 2298 455 2376 paenultimo
471 2299 535 2359 loco
552 2299 689 2361 babuerit
703 2307 873 2372 accentum,
898 2302 954 2361 erit
969 2300 1094 2361 uerbum
1112 2301 1281 2378 imperatiui
1297 2298 1388 2359 modi.
1482 2351 1488 2374 ,

100 2382 136 2442 lla
159 2383 222 2443 elus
248 2381 425 2460 exemplum.

67 2479 88 2518 ²⁰
264 2467 360 2530 Pone
383 2469 646 2547 supercilium,
670 2472 699 2530 si
722 2477 756 2531 te
778 2472 978 2550 cognoscis
1000 2471 1170 2530 amicum.

100 2551 167 2612 Nam
191 2555 217 2613 si
239 2552 341 2613 ultimo
363 2552 428 2614 loco
452 2554 590 2616 babuerit
612 2563 767 2616 accentum
792 2564 822 2615 et
843 2556 1034 2617 subsecutum
1058 2554 1149 2615 luerit
1172 2572 1279 2615 nomen
1303 2571 1391 2614 accu-

100 2639 182 2698 satiui
205 2657 300 2706 casus,
325 2641 381 2700 erit
404 2643 595 2719 praepositio.
642 2641 682 2702 lla
706 2643 771 2702 eius
793 2641 970 2721 exemplum.

265 2724 362 2784 Pone
385 2726 484 2785 laces
507 2726 638 2785 caudis
660 2726 918 2804 circumligat,
942 2728 979 2786 in
1001 2734 1078 2787 sata
1101 2726 1226 2786 mittit.

101 2809 130 2869 Si
151 2805 278 2869 uerbum
301 2807 492 2871 subsecutum
515 2810 607 2870 luerit
628 2818 658 2872 et
679 2813 711 2872 iu
733 2813 796 2891 ipsa
818 2810 922 2872 ultima
944 2808 1054 2890 syllaba
1071 2808 1208 2871 habuerit
1225 2818 1389 2881 accentum,

69 2893 154 2954 serit
175 2892 352 2956 aduerbium
375 2894 442 2964 loci,
466 2895 543 2973 quod
566 2896 712 2974 significat
734 2899 838 2957 ‘retro’
863 2899 975 2976 ‘pone’.
1019 2897 1061 2957 lla
1086 2899 1150 2957 eius
1172 2894 1349 2976 exemplum.

265 2995 365 3058 Pone
387 2995 489 3058 subit
511 2997 663 3068 coniux,
686 2997 847 3059 terimur
870 3017 936 3078 per
958 3015 1071 3078 opaca
1094 2996 1270 3059 locorum.

132 3281 356 3320 SIMILII'VDIHQ.

102 3374 148 3429 pro
179 3357 264 3415 breui.
314 3361 347 3415 lla
378 3359 423 3416 ubi
452 3362 489 3416 sit
516 3360 607 3433 longa.
652 3359 722 3417 ‘Hoc
747 3368 808 3416 erat
836 3359 905 3416 alma
934 3360 1055 3435 parens?
1098 3361 1133 3416 lla
1162 3360 1253 3416 breue.
1299 3357 1392 3418 ‘Solus

102 3443 142 3498 hic
164 3443 265 3500 iullerit
288 3443 420 3501 sensum?

182 3529 200 3585 6
220 3529 354 3586 Iulianus
365 3547 398 3601 p.
416 3534 466 3586 13:
489 3529 617 3586 [lidebant
631 3535 750 3602 ueteres,
774 3530 846 3603 quod
863 3537 929 3587 tune
944 3538 1018 3586 esset
1033 3547 1112 3604 asper
1128 3531 1259 3604 spiritus,
1283 3531 1390 3604 quando

102 3629 180 3669 unum
208 3613 307 3685 semis,
336 3623 384 3670 cut
411 3615 480 3671 duos
509 3617 590 3672 semis
613 3623 659 3671 aut
684 3617 732 3672 tria
758 3624 880 3690 tempora
905 3615 1057 3682 lmbnisset;
1087 3615 1193 3690 quando
1217 3632 1284 3671 uero
1308 3632 1391 3671 rrnum

101 3707 145 3754 aut
173 3699 224 3755 duo
254 3708 374 3774 tempora
398 3700 496 3770 habet,
519 3707 584 3757 tune
605 3709 647 3756 est
672 3699 741 3756 lenis
764 3701 886 3774 spiritus.
931 3699 1090 3766 Quomodo?
1115 3700 1146 3755 Vt
1170 3708 1234 3774 puta
1258 3702 1281 3756 si
1305 3700 1389 3757 «licam

102 3779 165 3838 ‘et’c
194 3785 217 3839 iu
247 3785 301 3840 hoc
329 3801 456 3840 sermone
478 3815 519 3825 -
544 3793 650 3858 tempus
679 3784 794 3856 habere,
822 3793 1015 3842 consonantem
1039 3801 1105 3842 uero
1129 3786 1245 3841 medium
1268 3795 1296 3841 et
1326 3795 1391 3841 tunc

102 3883 220 3941 asperum
243 3871 370 3943 spiritum
394 3887 455 3926 esse
478 3869 612 3928 dicebant.
657 3871 769 3940 Quando
792 3871 892 3927 dicitnr
913 3871 1028 3944 spiritus
1051 3887 1111 3926 esse
1140 3869 1226 3926 lenis?
1271 3870 1304 3926 Vt
1326 3879 1390 3944 puta

103 3955 123 4006 si
139 3952 219 4010 dicam
236 3951 321 4010 ‘ars’:
345 3955 470 4012 dicebant
492 3954 563 4011 illam
588 3956 710 4013 uocalem
733 3955 833 4012 habere
856 3972 939 4012 unum
963 3963 1080 4029 tempus,
1103 3964 1131 4012 et
1153 3955 1212 4012 illas
1236 3954 1304 4011 duas
1326 3971 1391 4013 con·

104 4048 225 4095 sonantes
255 4057 353 4112 unum,
378 4049 406 4096 et
428 4050 493 4098 tune
516 4048 558 4097 est
580 4041 649 4097 lenis
672 4042 795 4115 spIritus.
840 4039 892 4098 Sed
913 4056 968 4098 non
992 4050 1035 4098 est
1057 4043 1093 4097 ita
1117 4071 1158 4081 -—
1179 4038 1272 4098 breuis
1296 4057 1389 4097 unum.

185 4125 219 4182 16
241 4126 376 4183 Iulianus
396 4143 426 4196 p.
446 4131 500 4182 58:
523 4124 665 4194 Quomodo
689 4126 834 4183 discretio?
871 4125 947 4182 Sicut
969 4143 1040 4200 pono
1064 4135 1090 4183 et
1112 4143 1187 4199 ergo.
1224 4125 1391 4200 Interpone

105 4215 129 4262 et
150 4224 213 4282 ergo
235 4210 300 4284 quid
323 4209 424 4267 distat?
462 4211 489 4266 Si
512 4211 603 4267 dtrero
626 4209 708 4286 pdne‚
732 4219 760 4268 et
781 4209 933 4286 penultimo
956 4243 997 4250 —
1020 4228 1080 4268 nam
1104 4213 1127 4266 si
1150 4210 1247 4267 ultimo
1269 4210 1341 4282 loco,
1364 4220 1392 4267 et

105 4291 270 4351 subsecutum
293 4294 377 4352 luerit
400 4327 437 4336 —
463 4299 485 4352 si
509 4295 622 4352 uerbum
645 4297 821 4353 subsecutum
844 4296 944 4367 luerit,
968 4299 1019 4353 erit
1042 4295 1199 4352 aduerbium
1223 4295 1294 4367 loct,
1318 4295 1391 4371 quod

105 4377 230 4450 siguificat
253 4389 336 4438 retro.
382 4380 415 4436 lla
439 4383 498 4438 eius
521 4383 681 4456 exemplum.
726 4381 810 4438 ‘Pone
831 4411 873 4422 -
896 4399 980 4457 opaca
1002 4379 1148 4439 locorum’

107 4643 209 4681 coniers
226 4647 381 4683 sennensis
399 4633 449 4684 207
466 4621 613 4684 renierus.

170 4717 271 4768 lbrene
322 4715 421 4784 3lloc]
446 4718 525 4784 Verp.
539 4719 604 4769 Aeo.
622 4718 658 4768 ΙΙ
669 4721 719 4768 664
753 4718 855 4768 alumna
874 4732 965 4783 pareus
1018 4717 1145 4770 obicem.
1200 4720 1231 4768 18
1251 4717 1396 4784 penultimo,

107 4783 137 4832 2⁰
151 4781 216 4834 Pone
232 4782 407 4852 supercilium]
431 4787 530 4837 Sednlr'i
548 4787 634 4852 praes.
656 4790 681 4836 in
704 4803 746 4852 op.
768 4789 857 4852 pescli.
881 4804 904 4838 u.
925 4790 942 4837 3
961 4795 1017 4838 torn.
1041 4787 1083 4836 VI
1103 4804 1130 4851 p.
1150 4789 1200 4836 459
1220 4787 1242 4836 G
1263 4788 1305 4837 ed.
1324 4786 1389 4841 Ber.

108 4851 138 4899 ‘23
153 4851 217 4903 Pone
233 4852 312 4922 laces]
334 4855 469 4906 Prndeutii
485 4855 622 4906 encheirid.
641 4873 665 4906 u.
686 4859 718 4905 70
786 4857 818 4906 26
836 4855 906 4906 Pouc
926 4852 1005 4924 subit]
1030 4855 1110 4920 Verp.
1129 4855 1196 4906 Aeo.
1215 4855 1252 4906 II
1268 4859 1319 4906 725
