3400 5450
619 368 864 425 oaauuarrcr.
1352 373 1392 437 47

66 553 133 614 sed
165 555 325 637 pluraliter
346 573 406 616 non
429 555 546 620 dicitur.
584 556 639 619 llio
661 555 744 618 locus
766 557 841 618 dicis
862 574 973 646 genere
995 556 1160 620 masculino
1183 558 1307 621 ethaeo
1329 559 1392 622 loca

66 673 205 733 genere
233 665 350 720 neutm.
395 658 445 719 Sic
472 657 547 720 dicis
576 666 606 719 et
631 659 715 720 iocus
742 668 772 720 et
798 661 862 721 ioca
891 657 1059 736 pluraliter,
1089 659 1138 722 lric
1161 679 1261 724 armus
1283 679 1394 740 genere

67 759 259 823 masculino
288 766 317 822 et
343 759 376 820 hi
402 761 478 820 armi
506 759 543 821 de
570 779 654 822 armo
688 768 719 822 ot
740 779 800 822 non
823 761 861 822 de
882 753 998 822 ‘arma’.
1043 761 1116 823 Nam
1140 780 1221 824 arma
1245 764 1282 824 de
1304 766 1394 825 armis

67 864 194 934 neutri
229 861 347 941 generis
383 860 540 941 pluraliter
577 861 732 946 dicuutur,
770 861 952 942 singularem
985 881 1143 926 numerum
1177 883 1237 926 uon
1270 864 1391 927 habent.

34 961 173 1043 ⁵[Dici
197 962 285 1026 debet
306 965 385 1026 inter
406 982 481 1043 quos
503 971 533 1026 et
553 966 632 1026 inter
653 983 745 1045 quas,
769 965 847 1025 inter
869 971 986 1027 ceteros
1008 974 1038 1027 et
1060 967 1139 1028 inter
1161 974 1291 1038 ceteras,
1316 968 1393 1029 inter

69 1063 227 1146 reliquos
254 1073 283 1128 et
310 1066 390 1126 inter
416 1064 561 1145 reliquas,
592 1067 659 1144 quia
687 1067 767 1128 iuter
793 1068 974 1147 praepositio
997 1075 1043 1131 est
1064 1085 1150 1130 casus
1171 1076 1284 1130 tantum
1305 1086 1393 1130 accu-

70 1166 205 1248 satiui.]
255 1167 310 1229 llic
339 1165 417 1229 liber
449 1167 640 1246 singulariter
668 1167 826 1231 dicendum
856 1177 901 1230 est
930 1176 959 1230 et
986 1166 1016 1229 hi
1044 1167 1113 1230 libri
1141 1169 1311 1250 pluraliter.
1344 1171 1394 1230 liic

71 1287 201 1331 cursus
222 1279 252 1330 et
273 1267 304 1330 hi
326 1286 448 1340 cursus,
471 1269 547 1331 haec
568 1269 665 1332 trihus
688 1277 719 1331 et
739 1270 794 1333 hae
816 1269 930 1342 tribus,
953 1269 1028 1332 haec
1043 1289 1148 1334 manus
1163 1281 1192 1332 et
1207 1270 1262 1332 hae
1277 1289 1392 1342 manus,

71 1370 136 1432 hic
163 1378 342 1451 conspectus
365 1371 448 1434 ethi
470 1380 664 1454 conspectus,
687 1371 736 1432 hic
759 1371 846 1433 lletus
868 1379 899 1434 et
919 1372 950 1434 hi
971 1373 1071 1443 lictus,
1094 1370 1241 1452 ploratus,
1264 1371 1393 1434 ululatus

29 1484 57 1522 1⁰
73 1475 219 1549 gemitus
247 1480 277 1534 et
304 1473 352 1534 his
380 1471 487 1534 similia
516 1481 546 1534 et
573 1474 687 1535 iaciunt
715 1473 847 1535 datiuum
874 1473 1054 1553 singularem
1077 1475 1160 1536 lletui
1182 1475 1305 1553 gemitui
1326 1472 1392 1536 ulu-

73 1572 164 1636 latui
193 1574 321 1655 ploratui
349 1577 523 1654 conspectui
543 1577 652 1637 manui
680 1563 780 1637 cursui
808 1574 923 1654 gradui.
968 1575 1140 1638 Cauendum
1169 1585 1229 1647 est,
1258 1595 1297 1637 ne
1325 1577 1393 1653 quis

76 1676 173 1738 dicat
194 1677 285 1754 grado
308 1695 395 1739 curra
418 1677 611 1755 aquaeducto.
654 1676 754 1740 Altera
782 1671 891 1758 aplarc'
905 1676 1061 1740 cochleare
1084 1677 1142 1738 dici
1164 1677 1261 1739 debet.
1299 1677 1392 1740 Vesti-

77 1785 227 1840 mentum
256 1786 284 1840 et
312 1779 488 1840 uestimenta
503 1779 697 1842 'neutraliter
725 1778 783 1840 dici
810 1778 934 1851 debent,
970 1779 1049 1860 quod
1077 1781 1136 1841 uiri
1165 1778 1289 1850 habent,
1324 1797 1392 1840 nam

77 1881 220 1942 feminae
242 1899 301 1962 quo
324 1889 459 1952 utuntur,
488 1879 562 1942 lraeo
589 1883 682 1944 uestis
709 1880 818 1942 dicitur
847 1890 877 1943 et
904 1883 960 1943 lue
986 1889 1086 1944 uestes
1108 1881 1257 1944 dicuntur.
1304 1880 1393 1944 Fides

36 2001 62 2040 r.
79 1984 131 2044 sic
163 1982 321 2045 adnotatur
344 1991 374 2044 et
395 1981 540 2063 pluralem
564 2001 722 2045 numerum
746 2001 806 2044 non
829 1982 935 2055 habet,
964 1984 1044 2061 quod
1067 1983 1158 2046 credo
1180 1984 1324 2046 diuinitus
1346 1985 1391 2044 in·

78 2087 250 2165 spiratum.
279 2093 313 2147 ut
339 2085 419 2166 quod
446 2103 505 2147 una
533 2093 593 2156 cst,
623 2103 699 2164 quae
728 2084 811 2146 credi
839 2085 946 2149 debeat
975 2092 1003 2146 et
1033 2089 1145 2157 tenori,
1175 2092 1204 2146 et
1225 2086 1256 2146 in
1278 2087 1393 2147 ratione

81 2187 256 2248 Latinitatis
284 2186 478 2264 singulariter
507 2187 667 2250 diceretur.
713 2186 791 2248 ilicis
814 2190 894 2248 enim
917 2187 966 2248 liic
988 2187 1099 2266 gradus
1121 2194 1150 2248 et
1172 2187 1260 2250 huius
1282 2187 1393 2266 gradus

82 2288 162 2350 lruic
190 2288 310 2368 gradui,
338 2291 381 2350 sic
409 2297 440 2351 et
466 2292 497 2350 in
525 2291 667 2352 leminiuo
697 2290 817 2352 nomine
845 2288 979 2350 dicturus
1008 2307 1040 2350 es
1068 2288 1143 2351 haec
1171 2289 1277 2352 domus
1305 2287 1393 2352 huius

84 2390 199 2452 domus
232 2391 303 2452 lruic
336 2391 437 2453 domui
470 2399 500 2452 et
525 2392 709 2472 reliquorum
738 2411 860 2454 casuum
889 2393 985 2452 onmis
1013 2399 1058 2454 est
1084 2390 1194 2453 similis
1222 2389 1391 2454 declinatio.

42 2492 176 2554 eollanc
208 2491 342 2571 regulam
375 2495 407 2554 in
440 2492 637 2556 declinatione
668 2493 780 2557 habent
807 2494 948 2556 feminina
978 2493 1119 2555 similiter
1146 2493 1281 2562 nomina,
1316 2493 1393 2553 idest

86 2593 189 2656 tribus
211 2601 239 2656 at
262 2611 367 2656 manus
390 2604 419 2656 et
441 2613 522 2658 acus.
564 2596 597 2658 ln
620 2595 789 2658 adnotando
813 2614 888 2657 uero
909 2595 984 2658 haec
1006 2597 1082 2657 ratio
1107 2601 1166 2657 est:
1195 2594 1269 2656 dicis
1297 2596 1393 2656 nomi·

86 2699 194 2758 natiuo
222 2715 292 2758 casu
321 2697 371 2758 hic
398 2715 504 2759 currus
532 2699 662 2776 mugitus
683 2716 803 2768 sensus,
832 2696 969 2760 similiter
990 2716 1047 2778 per
1067 2715 1086 2758 ιι
1109 2695 1301 2758 scribendum
1325 2696 1391 2758 erit.

86 2799 139 2858 Sic
169 2797 275 2860 domus
301 2817 406 2860 manus
428 2819 499 2862 acus
521 2799 626 2862 tribus.
670 2801 744 2862 Nam
766 2799 837 2862 alibi
859 2808 971 2862 mutato
994 2797 1099 2862 ordine
1121 2797 1312 2860 acribeudmn
1335 2805 1390 2858 ost.

86 2900 172 2962 Dicis
195 2903 321 2962 enimin
344 2902 529 2964 nominatiuo
544 2901 593 2964 hic
609 2902 694 2964 locus
716 2921 819 2964 murus
840 2902 946 2964 lornus
970 2900 1066 2981 [locus
1088 2898 1248 2980 secretus}
1294 2900 1391 2960 Focus

59 3021 145 3083 sper
161 3021 181 3064 ιι
197 3003 388 3066 scribendum
405 3013 464 3066 cst:
489 3023 557 3066 nam
579 3001 607 3066 si
629 3004 739 3067 dixeris
761 3002 869 3084 plurali
891 3022 1018 3066 numero
1040 3004 1210 3066 accusatiuo
1233 3003 1288 3064 hos
1310 3003 1393 3063 locos

87 3123 195 3168 muros
227 3105 345 3178 lornos,
376 3125 431 3186 per
458 3125 477 3167 o
503 3104 696 3200 conitendum
729 3108 796 3169 erit.
849 3107 922 3169 Nam
956 3108 1026 3168 uiua
1055 3105 1140 3168 mella
1168 3106 1316 3168 frumenta
1345 3104 1392 3165 uel

89 3207 220 3278 lrordea,
243 3209 320 3269 sicut
341 3226 430 3288 supra
453 3208 594 3279 diximus,
617 3207 674 3271 sibi
696 3209 751 3270 isto
774 3216 880 3288 poetae
901 3215 1005 3270 contra
1020 3209 1165 3270 rationem
1182 3209 1255 3268 artis
1270 3215 1393 3286 propter

88 3317 255 3372 metrorum
283 3311 518 3390 conpositionem
541 3317 720 3391 posuerunt,
749 3312 816 3390 quia
838 3329 887 3372 ars
913 3319 1009 3381 uetat,
1036 3327 1141 3376 omne,
1170 3309 1249 3390 qood
1272 3309 1391 3388 pensari

89 3421 190 3494 potest
205 3411 253 3474 uel
270 3415 452 3484 mensurari,
475 3413 586 3475 habere
603 3411 747 3492 pluralem
764 3430 933 3475 numerum.
962 3412 1151 3490 Vergilius
1172 3410 1258 3472 dixit:
1283 3408 1392 3471 molla

92 3601 320 3610 .-.-.--———-

160 3722 244 3770 luon
263 3715 336 3769 diu
388 3721 476 3784 generi
494 3717 677 3769 masculinorl
745 3718 824 3778 suti,
843 3717 984 3782 sempera
1053 3713 1144 3767 llDici
1161 3715 1390 3777 debet—,tautum

90 3787 232 3838 accusatiui
250 3788 335 3837 nereio
353 3802 401 3853 quo
418 3789 492 3838 modo
510 3802 546 3837 ere
563 3803 593 3837 eo
612 3793 733 3849 tractatu,
752 3803 801 3853 quo
813 3788 899 3852 agitur
916 3785 949 3836 ele
966 3785 1172 3851 praepositione,
1190 3784 1237 3834 duo
1253 3800 1391 3850 perperam

90 3859 179 3908 delata
196 3870 252 3907 erre
269 3855 397 3920 uidentur,
417 3862 577 3922 quopropter
594 3856 693 3905 undula
709 3856 753 3905 illa
770 3855 936 3904 circumdedi.
1022 3855 1055 3904 10
1072 3852 1186 3902 datiuum
1206 3854 1227 3902 A
1299 3853 1329 3902 ta
1348 3867 1389 3902 co-

89 3925 172 3974 cleare
191 3926 213 3972 lt
295 3925 327 3973 13
344 3923 475 3988 pluraliter
493 3923 543 3974 dici
560 3932 646 3988 potest
663 3923 732 3986 quod
752 3923 800 3972 uiri
818 3921 950 3972 habeutB
1020 3921 1052 3970 14
1072 3919 1165 3970 lemine
1183 3921 1206 3970 A
1258 3920 1351 3983 quibus
1370 3919 1391 3969 B

90 3993 154 4044 lldes
173 3993 211 4042 aie
228 3990 371 4041 declinatur
387 3991 512 4057 pluralem
530 3990 702 4041 numerumB
790 3991 822 4042 15
846 3991 998 4056 inspiratum
1021 3999 1060 4039 est
1077 4000 1105 4039 ut
1122 3989 1182 4052 quia
1201 4001 1252 4038 una
1270 4000 1309 4038 est
1326 4003 1392 4052 quae

89 4095 158 4144 credi
176 4067 289 4143 debgtB
378 4095 409 4144 16
427 4107 494 4156 quae
510 4092 600 4146 osred
667 4091 809 4143 racioneB
897 4093 928 4142 l'l
949 4091 991 4141 lrio
1008 4091 1104 4156 gradus
1123 4089 1200 4143 huius
1218 4089 1314 4156 gradm
1332 4089 1392 4140 huic

90 4162 183 4228 gradui
200 4161 270 4211 hunc
286 4157 394 4226 gradum
414 4175 428 4210 o
447 4161 544 4226 modus
562 4161 594 4211 ab
612 4160 662 4210 hoc
679 4160 762 4226 gradu
779 4161 817 4210 sic
834 4170 859 4210 et
875 4161 902 4208 in
920 4158 1043 4210 feminino
1061 4173 1154 4225 genere
1176 4159 1241 4208 dicis
1264 4157 1327 4208 haec
1344 4157 1391 4208 ‹lo-

89 4247 146 4280 mus
166 4229 244 4280 huius
261 4229 355 4280 domus
371 4229 431 4279 huic
448 4229 535 4279 domui
554 4228 621 4279 hauc
638 4229 743 4279 domurn
762 4243 777 4278 o
796 4228 889 4279 domus
911 4228 943 4278 ab
962 4227 1010 4277 huc
1032 4227 1111 4278 domu
1129 4226 1269 4288 etreliqua
1287 4227 1391 4275 uomina

91 4299 181 4350 horum
204 4312 310 4348 casuum
334 4296 364 4347 B.
400 4298 465 4348 Poat
485 4297 548 4348 doec
570 4301 625 4348 loco
647 4313 746 4362 corma,
770 4313 835 4363 puae
856 4311 937 4362 supra
959 4309 1038 4362 usque
1060 4296 1097 4346 ad
1113 4296 1189 4358 paen
1211 4300 1338 4344 tractatur
1359 4295 1392 4344 de

91 4372 188 4418 nomme
204 4367 293 4431 poelta
309 4371 382 4428 eunt,
404 4367 431 4416 iu
449 4363 468 4414 B
487 4367 524 4415 m'l
539 4367 590 4416 orat
605 4366 653 4416 doc
670 4368 775 4430 legitur:
799 4375 824 4415 et
842 4379 900 4414 oum
922 4363 1018 4414 dixeris
1040 4363 1083 4412 lric
1105 4362 1201 4428 gradus
1219 4361 1282 4412 haec
1299 4377 1391 4411 manus

91 4435 153 4485 haee
170 4434 262 4484 (lomus
280 4449 327 4499 per
345 4449 362 4483 ιι
379 4433 540 4483 scribendum
559 4433 607 4483 erit
624 4434 744 4484 simuliter
761 4433 852 4499 plurali
876 4445 982 4482 numero
1000 4446 1046 4496 per
1064 4445 1080 4480 ιι
1098 4430 1206 4480 litteram
1230 4429 1392 4480 scribendum

92 4513 136 4556 est.
173 4501 238 4552 Nam
252 4500 312 4551 alibi
325 4511 423 4552 mutato
442 4501 530 4552 ordine
547 4501 675 4552 scribitur.
693 4502 758 4552 dicis
777 4502 844 4552 enim
862 4501 1022 4550 nominatiuo
1044 4497 1087 4548 hic
1103 4497 1177 4548 loeus
1195 4513 1283 4548 murus
1302 4513 1348 4563 per
1366 4513 1390 4546 ιι.

93 4585 149 4620 nam
167 4569 262 4636 plurali
284 4571 560 4688 grpmeroNaecusaduo
582 4585 644 4652 casp
667 4570 716 4621 hos
738 4570 810 4619 locos
833 4569 881 4619 hoa
900 4581 987 4685 pluras
1005 4581 1051 4632 per
1070 4581 1084 4616 o
1103 4565 1217 4686 ΙίἒιιιιλιέιιιΙ
1230 4566 1390 4685 acribeuplurp

93 4650 138 4757 xp
150 4637 227 4756 roffi
240 4635 477 4769 eltutfhsdo'rtffue
494 4638 891 4771 ei34eellrssrfflfsingpulgi
909 4644 1323 4754 ppueppcpppppsumurpprpppps
1339 4649 1392 4753 :a

93 4775 124 4826 25
140 4775 330 4826 aecrrsatibolt
416 4777 448 4825 m
471 4775 510 4824 sic
531 4777 651 4840 supralt
720 4775 754 4825 28
776 4774 930 4840 pensarem
998 4771 1248 4823 admensuratae
1317 4770 1393 4820 mella

95 4841 185 4909 linunt]
219 4843 297 4908 Verp.
318 4843 376 4894 Ecl.
395 4842 447 4892 111
464 4845 498 4892 89
514 4841 589 4892 mella
607 4842 687 4892 lluant
703 4841 748 4892 illi.
