3394 5448
525 299 564 350 ru
580 300 664 352 nou.
682 300 809 352 runnu
826 301 1004 355 uaronnu.
1274 259 1277 264 ¹
1346 301 1409 370 263

427 489 511 550 beri
534 490 713 570 qnondam
738 489 1094 572 regnatabycurgo.

111 585 358 651 Furibundus
393 588 588 652 litteraturam
622 589 712 653 babet
740 591 904 672 participii,
944 592 1022 672 quod
1059 593 1281 655 similitudinem
1318 593 1509 674 banereem

110 689 256 763 luricati,
279 691 332 754 sed
354 711 462 754 nomen
485 700 543 763 est,
566 694 633 772 qnia
657 710 715 754 non
737 695 849 754 uenite
865 695 993 774 passiuo.
1036 694 1278 758 Ludibundus
1300 693 1408 759 similis

111 800 164 854 est
176 792 302 856 ludenti.
331 793 577 858 llcribundus
598 793 700 856 similis
717 802 761 856 est
774 796 923 866 morienti,
945 798 998 859 sed
1013 799 1132 860 nomina
1147 807 1225 860 sunt.
1263 797 1405 862 Passus.
1420 811 1469 863 8⁸8,
1483 813 1508 854 ιι

80 907 94 948 ⁵
110 894 250 958 ‘Passus’
272 899 301 957 si
320 903 441 977 quartae
464 896 668 960 declinationis
690 905 742 968 ert,
758 904 828 958 tunc
843 916 951 960 nomen
967 905 1012 960 est
1027 909 1057 960 et
1070 901 1217 979 significat
1237 918 1406 962 mensuram

109 997 242 1074 pedum;
258 999 385 1079 ‘passus’
398 1001 423 1060 si
439 1000 624 1080 participium
642 1007 695 1071 est,
706 998 852 1079 significat
866 1000 962 1080 ipsum
977 1003 1039 1082 pati
1054 1010 1084 1062 et
1099 1010 1143 1063 est
1157 1000 1267 1064 mobile
1281 1021 1336 1083 per
1351 1005 1405 1063 tria

109 1117 229 1178 genera
252 1103 282 1162 in
305 1119 340 1161 ns
361 1101 390 1160 in
414 1120 430 1162 a
452 1103 483 1162 in
505 1119 571 1170 nna,
594 1108 627 1162 ut
648 1103 770 1182 ‘passus
793 1110 836 1163 est
859 1100 952 1165 beri’.
998 1102 1106 1164 Visus
1129 1121 1238 1166 nomen
1260 1103 1340 1166 idem
1363 1112 1408 1164 est

110 1210 145 1262 et
161 1205 249 1264 nisio.
280 1202 389 1264 ‘Visus’
406 1204 431 1263 si
453 1203 641 1284 participium
665 1210 724 1273 est,
747 1205 845 1283 ipsum
867 1202 969 1264 uidere
991 1204 1136 1284 significat
1157 1215 1190 1267 ut
1211 1206 1406 1286 apostolus

110 1302 205 1366 dicit:
242 1307 447 1366 nouissime
476 1306 665 1366 uisusest
692 1311 726 1365 et
753 1304 853 1365 mibi.
898 1304 1025 1368 Cultus
1047 1309 1067 1367 i·
1091 1317 1222 1370 ornatus.
1267 1307 1403 1372 ‘Cultus'

71 1417 97 1457 1⁰
112 1424 229 1467 nomen
251 1407 396 1486 significat
410 1407 503 1487 ipsam
520 1405 681 1475 culturam;
703 1405 812 1468 ‘cultus
828 1407 911 1469 culti'
927 1409 1114 1490 participium
1138 1387 1405 1490 significat'lpsurn

111 1506 226 1569 colere.
269 1509 326 1570 lsta
354 1509 410 1568 tria
439 1507 557 1570 casibus
584 1509 793 1570 discernuntur
820 1515 849 1568 et
870 1509 1064 1589 temporibus.
1108 1511 1268 1592 ‘Sapiens'
1291 1511 1405 1573 ‘indul-

109 1597 348 1688 gens’quando
376 1612 494 1671 nomina
523 1619 606 1680 sunt,
634 1613 885 1690 comparationem
902 1613 1075 1692 ¹recipiunt;
1105 1613 1222 1694 quando
1249 1615 1403 1695 participia

110 1719 186 1772 sunt
214 1713 377 1792 praesentis
406 1714 562 1794 temporis,
597 1721 713 1793 tempus
745 1730 801 1792 pro
828 1717 1049 1792 comparatione
1077 1713 1197 1777 babent
1243 1716 1503 1795 Coeptussee,sa

110 1814 305 1894 participium
327 1814 479 1894 praeteriti
501 1817 642 1892 temporis
666 1823 711 1876 est
732 1832 746 1874 a
770 1814 864 1876 uerbo
886 1813 996 1895 ‘coepi'
1010 1814 1158 1877 deiectius
1181 1825 1211 1879 et
1231 1834 1289 1878 non
1312 1815 1404 1878 babet

72 1925 96 1965 1⁵
111 1914 259 1976 futurum.
306 1915 497 1994 Vrgendus
524 1919 548 1976 i·
578 1905 728 1995 cogendus
761 1933 820 1976 non
854 1914 942 1978 babet
973 1916 1104 1978 loturum
1132 1935 1148 1978 a
1177 1916 1272 1979 uerbo
1298 1936 1400 1997 urgeo,

110 2016 192 2097 quod
215 2017 284 2078 iacit
306 2019 466 2097 praeterito
488 2019 564 2078 ‘ursi
586 2019 696 2079 ursisti’
721 2026 751 2078 et
773 2019 953 2097 ‘conturgeo
975 2019 1136 2079 contorsi’.
1173 2021 1357 2100 deeeptus
1378 2022 1398 2081 i·
1412 2033 1462 2084 sea,
1477 2035 1503 2074 re

111 2126 271 2198 susceptus
299 2120 486 2200 participium
522 2121 674 2200 praeteriti
708 2111 849 2199 temporis
876 2119 912 2180 ab
940 2121 1053 2198 accipio
1080 2119 1189 2191 uerbo,
1224 2128 1254 2182 et
1283 2121 1400 2201 quando

110 2239 223 2282 nomen
247 2227 306 2292 est,
336 2229 538 2301 comparatur,
564 2229 596 2281 ut
621 2227 759 2300 acceptus
782 2223 931 2302 acceptior
953 2219 963 2303 ΙΙ
982 2217 1042 2282 192
1058 2219 1069 2304 fl
1092 2224 1329 2303 acceptissimum
1352 2243 1400 2284 ac-

110 2330 217 2402 ceptus
245 2324 264 2381 i·
288 2320 420 2388 dilectus.
464 2322 645 2384 Incensus
673 2321 810 2384 similiter
837 2324 857 2382 i·
880 2331 1087 2386 concrematus
1114 2343 1130 2384 a
1159 2323 1252 2385 uerbo
1273 2325 1400 2387 incendo

71 2435 97 2475 2⁰
110 2423 265 2486 incendis:
290 2423 407 2504 quando
429 2442 538 2487 nomen
561 2431 618 2494 est,
642 2432 830 2504 comparatur
852 2425 1003 2486 ‘incensus
1024 2426 1197 2488 incensior’.

577 2609 625 2671 DE
648 2609 932 2673 CONlVNC'l'lONE.

197 2729 372 2790 coniunctio
394 2729 500 2792 dicitur
523 2746 539 2790 a
562 2729 781 2808 coniungendo,
806 2748 840 2790 eo
863 2729 940 2810 qnod
957 2731 1111 2810 coniungit
1125 2729 1196 2792 alias
1210 2738 1319 2811 partes.
1347 2732 1400 2794 Est

111 2839 212 2892 autern
234 2832 318 2911 quasi
340 2828 490 2892 uinculum
512 2832 651 2911 partium.
690 2831 848 2909 Coniungit
868 2833 945 2893 enim
970 2831 1028 2893 dno
1050 2833 1178 2903 nomina,
1201 2833 1398 2912 ut‘l'irgilins
1430 2822 1437 2838 '

109 2942 140 2995 et
162 2933 359 3003 Priscianus’,
382 2931 440 2994 duo
462 2933 637 3012 pronomina
660 2937 733 3010 ‘ego
757 2939 786 2994 et
806 2934 867 3002 tn',
897 2933 954 2994 duo
982 2933 1073 2994 uerba
1103 2932 1191 3012 ‘legit
1213 2945 1242 2996 et
1263 2934 1396 3006 scribit',

71 3045 96 3088 ²⁵
110 3035 170 3097 dno
193 3033 349 3105 aduerbia,
373 3042 407 3095 ut
428 3033 511 3096 ‘beri
534 3043 563 3094 et
584 3033 699 3105 bcdie',
722 3033 782 3095 duo
804 3035 974 3114 participia,
996 3043 1030 3097 ut
1050 3034 1164 3115 ‘legens
1186 3045 1217 3097 et
1238 3035 1395 3109 seribens',

110 3146 140 3200 et
162 3157 194 3199 se
216 3138 311 3215 ipsam
333 3139 499 3215 coniungit,
522 3143 556 3197 nt
577 3137 614 3196 ‘si
637 3143 666 3197 ct
687 3137 736 3206 si',
760 3133 832 3197 duas
853 3137 1088 3216 praepositiones
1111 3139 1234 3200 ‘circum
1251 3147 1280 3200 et
1295 3141 1395 3213 circa',

109 3240 183 3302 duas
204 3239 428 3300 interiectiones
450 3238 528 3299 ‘beu
551 3246 580 3298 et
602 3239 698 3298 euax)
743 3237 834 3298 Recte
861 3238 948 3299 ctiam
980 3246 1059 3318 post,
1075 3238 1146 3301 alias
1174 3247 1274 3321 partes
1300 3243 1396 3320 posita

109 3350 155 3406 est
183 3342 369 3414 coniunctio,
399 3341 465 3420 quia
494 3357 543 3401 eas
571 3341 732 3419 coniungit.
778 3337 859 3401 Vnde
888 3347 918 3400 et
944 3341 1050 3402 rnerito
1073 3343 1238 3421 ‘potestas'
1261 3343 1288 3403 ei
1310 3342 1395 3404 dator

45 3489 49 3500 .
108 3462 164 3525 pro
192 3441 359 3519 accidente,
389 3459 476 3523 quam
499 3439 578 3528 aliae
605 3450 704 3522 partes
731 3459 791 3502 nnn
820 3440 938 3503 babent
990 3441 1148 3504 Sciendum
1177 3452 1290 3515 autem,
1325 3446 1394 3524 quia

71 3555 95 3596 ³⁰
108 3545 280 3608 coniunctio
302 3542 400 3605 tribus
422 3543 517 3604 modis
539 3544 692 3624 coniungit
713 3551 832 3624 partes:
857 3563 946 3606 sensu
969 3553 998 3606 et
1019 3543 1197 3622 litteratura,
1227 3543 1393 3608 litteratura

108 3656 139 3710 et
160 3665 221 3708 non
242 3664 346 3716 sensu,
373 3664 463 3708 sensu
486 3654 515 3707 et
536 3664 594 3707 non
617 3648 789 3708 litteratura.
834 3645 891 3707 Sed
920 3646 976 3708 boc
1003 3646 1221 3728 inquirentibus
1243 3646 1392 3709 dimitten-

108 3751 178 3812 dum
201 3757 255 3811 est.
307 3749 378 3810 Cum
408 3746 467 3809 duo
494 3747 612 3810 nomina
641 3756 710 3810 sunt
732 3755 762 3808 et
783 3765 875 3809 unnrn
904 3747 1045 3821 uerbum,
1074 3748 1133 3810 dno
1160 3750 1279 3822 nomina
1307 3758 1395 3829 egent

108 3852 332 3922 coniunctione,
355 3857 387 3910 ut
409 3848 561 3928 ‘Virgilius
583 3857 613 3910 et
635 3849 803 3912 Priscianus
825 3848 953 3928 legunt'3
978 3857 1007 3910 et
1029 3850 1147 3929 qnando
1168 3848 1228 3912 duo
1249 3851 1342 3912 uerba
1364 3861 1394 3913 et

107 3972 198 4014 unum
221 3970 345 4022 nornen,
374 3950 468 4012 uerba
496 3959 584 4029 egent
609 3952 829 4022 coniunctione,
864 3961 898 4012 ut
925 3951 1013 4030 ‘legit
1040 3960 1069 4012 et
1096 3950 1200 4012 scribit
1225 3953 1392 4030 Virgilius’.

73 4059 95 4098 ³⁵
108 4055 232 4127 Quando
255 4073 328 4115 uero
351 4053 440 4114 multa
463 4053 582 4114 nomina
602 4052 713 4114 luerint
734 4060 763 4114 et
785 4070 841 4114 una
865 4071 1006 4134 persona,
1030 4063 1062 4116 ut
1084 4053 1217 4120 ‘Publius
1239 4053 1393 4118 Cornelius

175 4285 310 4392 llignrgo
379 4320 577 4389 illudibundus]
597 4325 656 4376 Hoc
672 4324 817 4376 uocabulum
833 4327 905 4391 apud
922 4325 1046 4377 Domum
1062 4328 1135 4390 culpo
1152 4341 1203 4377 aon
1218 4327 1318 4393 lepitur.
1375 4330 1392 4379 4

109 4409 200 4461 pessus
218 4403 325 4457 quartae
341 4392 517 4444 declinationis
535 4401 595 4442 tunc

171 4651 205 4700 22
224 4649 316 4700 Gloosa
332 4651 427 4700 codicis
444 4631 621 4710 Beruensis's.
638 4646 688 4698 15h
706 4663 786 4713 mcrp.
803 4649 864 4700 decc.
876 4649 912 4698 ad
929 4649 994 4700 Dora.
1004 4665 1032 4714 p.
1046 4651 1107 4711 389,
1120 4650 1148 4696 2:
1166 4647 1287 4698 ‘Saltem’
1305 4665 1390 4701 sermo

107 4727 199 4768 tructus
218 4726 258 4768 est
274 4733 290 4768 a
307 4717 430 4784 captiuis,
447 4717 492 4779 qni
509 4716 611 4766 abducti
630 4715 697 4766 hosti
715 4716 813 4766 dicunt:
833 4714 936 4765 ‘Omnia
948 4727 1035 4766 nostra
1052 4717 1148 4782 accipe,
1166 4727 1191 4766 et
1208 4717 1296 4767 saltem
1315 4719 1389 4769 nobis

108 4787 183 4836 uitam
201 4775 333 4845 conccde’,
352 4795 376 4835 et
393 4785 451 4835 inde
468 4786 590 4835 remansit
608 4784 696 4834 saltem
714 4799 760 4850 per
777 4785 910 4850 sincopam
927 4786 945 4840 i.
963 4800 1009 4851 per
1025 4785 1181 4844 abcisionern
1199 4801 1217 4835 n
1232 4784 1337 4836 litterae.
