3412 5452
288 367 421 418 euxvnt
697 338 701 346 ’
828 351 1054 406 emsctattsa.

289 540 302 625 ll
320 562 349 623 p.
366 539 386 604 8
403 540 414 624 ΙΙ
431 543 503 604 Cum
520 543 550 604 in
567 544 663 622 capite
678 542 912 622 uniuscuiusque
927 539 995 602 libri
1010 541 1101 604 multa
1116 543 1229 622 possint
1245 543 1374 620 requiri,
1391 561 1425 603 er
1443 541 1580 604 omnibus

288 644 345 706 hae
367 645 526 725 periochae
547 643 626 706 idest
647 645 897 718 circumstantiae,
923 641 1030 721 quibus
1052 651 1130 704 totus
1145 642 1305 704 roboratur
1319 641 1395 706 liber
1411 651 1441 705 et
1454 653 1580 715 constat,

289 746 522 809 considerandae
544 755 622 817 sunt,
646 745 786 808 uidelicet
807 747 873 826 quis
895 746 1022 825 scripsit,
1046 744 1117 824 quid
1140 747 1268 825 scripsit,
1292 753 1434 826 quantum
1451 747 1579 827 scripsit,

289 848 417 928 qualiter
433 850 561 927 scripsit,
580 865 671 926 quare
687 849 815 928 scripsit,
832 847 882 910 ubi
899 845 948 908 uel
964 846 1082 925 quando
1098 849 1220 926 scripsit
1241 856 1270 908 et
1292 847 1328 925 ad
1344 865 1433 928 quem
1450 849 1580 929 scripsit.

290 951 320 1014 Si
343 951 522 1028 requiritur,
552 951 618 1028 quis
646 951 779 1028 scripsit:
809 949 979 1010 Priscianus
1007 951 1140 1029 scripsit,
1170 951 1254 1011 cuius
1282 967 1391 1011 nomen
1419 949 1607 1035 diriuatunrs

290 1061 336 1114 est
362 1071 422 1114 non
451 1069 467 1112 a
496 1054 642 1133 ‘prisco',
671 1051 722 1112 sed
751 1069 768 1112 a
796 1051 954 1120 ‘Priscict
984 1051 1146 1132 sicutipse
1172 1050 1254 1112 dicit.
1299 1051 1366 1114 Fuit
1388 1059 1486 1114 autem
1510 1053 1583 1113 ciuis

290 1157 502 1224 Caesariensis,
527 1154 677 1216 Romanus
699 1170 821 1230 genere,
844 1153 919 1214 sicut
941 1155 1056 1232 ipsein
1078 1151 1201 1233 epistola
1218 1154 1397 1215 manifestat.
1441 1154 1498 1216 Sed
1515 1171 1583 1215 cum

290 1257 390 1335 plures
419 1257 578 1319 Caesareas
605 1247 753 1334 legamus,
782 1252 819 1314 de
848 1273 905 1334 qua
936 1255 1040 1316 harum
1069 1255 1174 1325 luerit,
1203 1273 1219 1315 a
1246 1255 1397 1336 plerisque
1419 1255 1582 1318 dubitatur.

288 1359 362 1422 Nam
385 1359 529 1422 Caesarea
552 1365 598 1418 cst
612 1355 790 1425 Palaestina,
814 1357 956 1418 Caesarea
972 1359 1111 1434 Augusta,
1136 1357 1279 1420 Caesarea
1295 1356 1491 1437 Cappadocia.
1524 1359 1583 1420 Sed

291 1460 443 1541 quidam
471 1458 643 1528 adfirmant,
673 1459 847 1521 Caesaream
876 1461 979 1530 istam,
1010 1458 1047 1519 de
1076 1478 1132 1539 qua
1155 1459 1326 1520 Priscianus
1352 1459 1496 1522 oriundus
1519 1460 1583 1528 luit,
1599 1481 1621 1518 ro

291 1562 440 1626 coloniam
457 1563 574 1623 Africae
593 1580 668 1630 esse,
692 1560 839 1622 subditam
856 1569 954 1622 tamen
970 1560 1103 1622 Romano
1118 1563 1244 1641 imperio
1266 1563 1325 1622 iam
1348 1569 1418 1623 tunc
1440 1564 1585 1643 temporis

290 1669 366 1728 sicut
388 1673 418 1726 et
440 1671 530 1727 totam
553 1664 690 1726 Alricam.

376 1767 407 1828 st
429 1767 628 1846 requiramus,
653 1765 724 1843 quid
746 1765 880 1845 scripsit:
904 1766 1126 1843 grammaticam
1148 1765 1275 1845 scripsit
1320 1767 1519 1828 Grammatico
1536 1785 1583 1827 au-

290 1878 351 1931 tem
374 1869 520 1929 diriuatur
541 1868 740 1946 a‘gramma'.
786 1866 954 1927 Grammata
971 1884 1044 1928 uero
1059 1886 1075 1928 a
1092 1868 1258 1944 ‘grammc',
1281 1869 1358 1928 sicut
1380 1869 1587 1930 Martianus

293 1972 395 2033 docet:
419 1971 532 2034 Graece
554 1987 687 2048 gramme
708 1969 788 2030 linea
811 1967 934 2038 dicitur,
957 1969 1027 2030 inde
1049 1987 1181 2047 gramma
1204 1967 1316 2038 littera,
1341 1989 1375 2029 eo
1398 1970 1476 2050 quod
1501 1969 1587 2030 lineis
1602 1989 1622 2027 rs

293 2075 447 2136 lormetur.
494 2071 607 2134 Exinde
634 2089 707 2134 uero
736 2071 927 2151 grammatica
956 2079 1001 2131 est
1022 2087 1071 2132 ars
1094 2069 1237 2132 litteralis.
1282 2070 1354 2132 lnde
1376 2073 1587 2149 gratnmaticus

293 2177 448 2238 litteratus.
495 2176 572 2254 Ergo
596 2175 663 2254 quia
685 2176 895 2252 grammaticus
918 2180 982 2234 erat
1003 2173 1185 2243 Priscianus,
1214 2174 1435 2252 grammaticam
1458 2175 1587 2254 scripsit.

378 2279 416 2339 Se
439 2278 628 2354 requirimus,
652 2281 793 2356 quantum
816 2276 950 2356 scripsit:
975 2275 1077 2336 decem
1102 2283 1131 2335 et
1153 2283 1219 2335 octo
1234 2272 1327 2336 libros
1342 2275 1470 2356 scripsit.
1510 2275 1587 2347 Qua·

296 2383 378 2444 liter:
401 2357 594 2459 grammatice
616 2377 704 2440 hene.

379 2483 470 2544 Causa
494 2488 608 2548 autem,
637 2497 728 2560 quare
750 2481 919 2559 scripserit,
949 2478 1022 2540 llaec
1044 2481 1215 2558 agnoscitur
1238 2479 1342 2551 luisse,
1372 2481 1535 2560 sicutipse
1557 2482 1624 2540 inm

296 2582 418 2666 epistola
442 2582 618 2644 manifestat.
664 2581 735 2643 Cum
759 2580 855 2642 Latini
878 2600 893 2642 a
918 2582 1049 2652 Graccis,
1074 2585 1124 2659 qui
1147 2600 1218 2662 prae
1246 2585 1354 2643 ceteris
1382 2581 1521 2660 gentibus
1544 2601 1589 2644 se-

179 2681 184 2691 ‘
295 2689 406 2769 pientia
430 2685 582 2754 llcrchant,
605 2682 744 2744 liberales
766 2701 837 2744 acce
853 2679 857 2764 1
875 2703 903 2762 p.
920 2679 940 2745 9
959 2683 962 2764 l
978 2685 1093 2764 pissent
1114 2692 1207 2754 artes,
1232 2692 1313 2745 tanto
1337 2703 1437 2745 amore
1459 2686 1589 2746 Graeco·

296 2809 361 2852 rum
393 2788 547 2850 doctorum
576 2786 691 2866 decepti
722 2794 804 2854 sunt,
834 2793 867 2846 ut
895 2786 982 2847 etiam
1011 2784 1155 2864 quosdam
1183 2804 1303 2848 errores
1331 2804 1450 2856 eurum,
1479 2788 1532 2866 qui
1561 2789 1590 2848 in

297 2891 445 2954 mendosis
468 2897 552 2950 erant
574 2887 668 2958 libris,
692 2889 722 2947 in
739 2886 872 2948 Latinam
895 2888 1025 2966 linguam
1050 2889 1254 2949 translerrent.
1300 2887 1359 2950 Sed
1381 2907 1449 2950 cum
1471 2907 1591 2950 errores
1703 2931 1704 2948 .

297 2996 477 3057 Graecorum
501 2999 531 3052 et
553 2991 623 3051 uitia
646 2991 752 3051 artium
777 2989 835 3050 duo
857 2990 1030 3070 peritissimi
1053 2977 1190 3050 doctores
1210 2989 1399 3052 llerodianus
1421 3000 1451 3052 et
1470 2989 1626 3070 Apollo-c

298 3099 364 3158 nius
387 3104 512 3174 uterque
535 3095 666 3154 Graecus
689 3091 912 3160 emendassent,
937 3091 1014 3171 apud
1031 3091 1151 3154 Latinos
1166 3098 1264 3152 autem
1287 3111 1380 3172 usque
1403 3091 1438 3152 ad
1455 3101 1589 3171 tempora

298 3197 442 3260 Prisciani
469 3194 547 3255 idem
576 3212 695 3255 errores
724 3195 882 3256 incorrecti
904 3202 933 3254 et
956 3192 1138 3255 inemendati
1162 3193 1299 3264 luissent,
1330 3193 1498 3256 Priscianus
1520 3194 1590 3256 hor·
1703 3211 1704 3218 ¹

298 3305 377 3361 tante
400 3297 513 3359 luliaco
536 3297 660 3376 patricio
684 3294 826 3373 colligens
848 3297 1037 3356 auctoritates
1059 3303 1089 3356 et
1112 3295 1325 3374 exemplatam
1350 3315 1386 3357 ex
1408 3297 1590 3358 Graecorum
1703 3333 1704 3378 t

299 3399 485 3474 auctoribus,
510 3399 668 3478 praecipue
688 3395 859 3458 llerodianc
888 3405 918 3458 et
939 3395 1111 3477 Apollonio,
1141 3416 1228 3478 quam
1258 3417 1294 3460 ex
1317 3397 1514 3460 nobilioribus
1538 3399 1590 3460 La·

298 3507 427 3563 tinorum
459 3501 514 3561 lroc
543 3498 635 3560 edidit
663 3516 738 3579 opus
774 3499 994 3569 demonstrans,
1032 3499 1159 3580 qualiter
1186 3502 1375 3579 grammatica
1409 3501 1521 3563 rectius
1555 3504 1626 3563 sileo

298 3603 418 3666 utenda.
492 3615 500 3648 ³

385 3706 416 3767 Si
432 3706 623 3782 requirimus,
646 3703 699 3766 ubi
721 3706 856 3782 scripsit:
880 3703 993 3765 licmae
1015 3703 1266 3785 Constantinopoli
1290 3695 1424 3786 scripsit,
1448 3723 1524 3784 quae
1547 3725 1592 3767 se·

301 3806 396 3870 cunda
419 3804 583 3886 appellatur
605 3806 699 3867 Roma
725 3805 780 3868 lrac
808 3806 845 3866 de
874 3821 972 3867 causa.
1017 3806 1174 3886 Postquam
1198 3807 1408 3869 Constantinus
1430 3809 1592 3888 imperator

300 3914 385 3990 signo
414 3910 511 3971 crucis
539 3910 604 3970 uiso
634 3910 663 3969 in
692 3907 775 3970 caelo
803 3915 832 3968 et
862 3908 948 3969 beato
971 3907 1114 3970 Silucstro
1137 3909 1328 3989 praedicante
1350 3910 1386 3970 ad
1410 3911 1497 3972 iidem
1521 3929 1591 3971 con-

286 3995 405 4075 ⁸uersus
428 4019 474 4073 cst
495 4011 617 4083 Christi,
648 4019 760 4072 tantum
790 4011 934 4072 horrorem
958 4010 1077 4072 dominc
1099 4019 1129 4071 et
1150 4012 1284 4092 apostolo
1311 4014 1375 4074 eius
1398 4013 1487 4074 Petro
1509 4012 1626 4073 exhi-u

301 4115 370 4184 buit,
395 4122 427 4175 ut
449 4115 577 4186 diceret:
602 4113 677 4174 ‘Non
693 4121 791 4193 potest
806 4112 881 4175 duos
895 4115 1091 4194 imperatores
1106 4113 1200 4176 Roma
1220 4114 1332 4176 habere
1347 4135 1395 4176 me
1412 4122 1441 4176 et
1456 4122 1590 4176 sanctum

301 4216 445 4278 Petrum’.
489 4214 575 4277 Tunc
598 4214 692 4277 uoluit
714 4214 870 4278 aedillcare
893 4215 1040 4277 ciuitatem
1064 4217 1175 4292 regiam
1199 4215 1248 4277 illo
1269 4219 1300 4277 in
1323 4215 1399 4287 loco,
1422 4215 1475 4278 ubi
1497 4235 1591 4296 quon·

86 4319 92 4334 '
206 4359 209 4366 .
302 4317 368 4378 dam
391 4317 479 4378 Troia
503 4317 608 4379 iuerat.
654 4316 712 4378 Sed
735 4315 898 4378 reuelatum
922 4320 1009 4378 estei
1029 4318 1183 4389 diuinitus,
1208 4335 1366 4396 numquam
1391 4337 1456 4380 esse
1477 4317 1590 4380 reaedi-

368 4572 545 4638 Pperioclrioe
597 4574 687 4640 dipsa
704 4569 776 4640 dicit]
797 4571 814 4621 1
828 4589 856 4636 p.
870 4573 911 4636 79,
923 4575 947 4621 9.
962 4574 996 4622 19
1014 4573 1048 4623 H.
1083 4573 1152 4621 ciues
1205 4572 1390 4623 laesariensis
1424 4573 1451 4622 in
1469 4568 1590 4654 epistola]

301 4641 360 4706 Ip.
379 4641 460 4691 112:
491 4649 635 4690 nostrorum
653 4651 737 4691 autem
757 4641 881 4690 neminem
955 4640 1115 4718 epatesttna
1183 4640 1319 4706 capadotia
1398 4641 1431 4691 14
1447 4642 1591 4690 marcianus

301 4705 397 4785 docet]
409 4710 448 4759 Be
466 4710 561 4773 nuptiis
578 4715 625 4760 ete.
643 4709 684 4760 lid.
704 4709 782 4759 ΙΙΙΙ
772 4725 821 4761 tm:
840 4723 1022 4789 ppetppctctrtp
1041 4708 1136 4758 dicor'
1130 4723 1156 4756 tn
1169 4707 1286 4768 Graecia,
1305 4708 1375 4772 quod
1392 4700 1508 4776 γραμμή
1526 4709 1591 4758 linea

302 4789 327 4827 et
343 4767 494 4842 γράμματα
524 4776 620 4826 litterae
647 4789 824 4844 nuncupentur
849 4777 963 4840 mihique
985 4777 1019 4826 sit
1040 4775 1187 4825 attributum
1206 4746 1345 4828 litterdrum
1364 4776 1460 4828 iormas
1478 4777 1590 4843 propriis

302 4845 420 4895 ductibus
438 4844 540 4894 lineare.
610 4845 641 4896 15
659 4860 734 4912 grece
785 4845 867 4896 littera
923 4848 954 4896 21
974 4845 1071 4911 grecis,
1089 4845 1127 4895 ric
1144 4860 1244 4910 semper
1295 4847 1329 4897 at
1346 4845 1444 4896 honore
1496 4843 1592 4896 exibuit
