3394 5448
322 364 386 430 258
729 364 962 418 conunurvru
979 364 1222 418 nrusmnsusn

324 556 496 635 quentatiua
518 563 617 616 umen
640 554 734 615 torma
761 573 820 616 non
848 561 947 635 potest
974 571 1055 624 esse,
1085 555 1153 632 quia
1182 555 1285 614 tertiae
1313 553 1532 632 coniugationis
1562 562 1614 613 est

325 656 468 728 ‘Adsum’,
497 656 597 717 ‘lero’
620 673 675 737 per
703 657 927 735 coniugationes
949 654 1104 725 deliciunt;
1135 654 1249 716 ‘solco’
1277 675 1333 735 per
1359 674 1470 735 genera
1500 655 1615 716 delicit:

324 776 382 819 non
407 765 451 819 est
474 765 626 829 neutrum,
656 760 724 839 quia
747 760 776 819 in
799 760 952 838 passiuum
975 757 1132 819 transitio
1162 760 1337 837 praeterito;
1367 775 1427 818 non
1451 765 1498 818 cst
1518 759 1615 835 passi-

323 877 409 930 uum,
440 861 508 940 quia
536 861 566 921 in
589 880 607 920 o
630 860 736 920 desinit
765 860 795 919 in
823 861 989 939 praesenti,
1023 860 1074 920 sed
1105 867 1210 920 neutro
1240 862 1391 940 passiuum
1419 878 1456 921 ex
1487 866 1615 938 unoque

234 963 531 1042 scaccompositum:
555 962 598 1024 sic
620 960 747 1040 ‘gaudeo
769 961 836 1022 llo’:
859 960 942 1022 laxo
965 963 985 1020 i·
1008 961 1130 1030 laciam,
1160 960 1257 1022 delicit
1283 979 1339 1040 per
1365 978 1523 1030 numeros,
1555 979 1635 1021 nona

322 1063 412 1125 babet
433 1061 643 1143 pluralitatem.
688 1062 761 1125 Nam
789 1063 866 1124 sicut
893 1061 943 1123 alii
967 1062 1068 1132 dicunt
1090 1063 1192 1123 ‘laxo’
1216 1061 1364 1134 illumino,
1393 1061 1534 1124 lriuolum
1561 1071 1615 1122 cst.

233 1164 462 1245 aaa‚rlmpleo
484 1183 538 1245 per
560 1165 670 1243 figuras
692 1163 804 1234 deficit,
828 1167 896 1242 quia
919 1181 978 1225 uon
1001 1164 1071 1225 lacit
1087 1164 1179 1243 ‘pico'
1195 1165 1335 1244 simplem
1360 1165 1440 1226 loro
1461 1184 1516 1244 per
1534 1172 1616 1244 ‚tem-

322 1285 395 1346 pora
417 1266 527 1328 delicit.
571 1265 645 1326 Nam
669 1265 745 1326 ‘tuli’
769 1265 806 1326 de
829 1265 922 1326 altero
944 1265 1050 1336 uerbo,
1076 1265 1153 1344 quod
1177 1274 1221 1324 cst
1243 1265 1349 1337 ‘tollo',
1377 1267 1495 1346 accipit.
1539 1264 1616 1326 Edo

322 1387 376 1448 per
398 1387 543 1449 personas
564 1367 677 1439 delicit,
706 1365 823 1446 quando
846 1365 1005 1427 ‘comedo'
1028 1367 1187 1446 significat:
1221 1385 1290 1429 narn
1312 1370 1362 1429 ‘es
1385 1369 1447 1428 est'
1469 1386 1487 1428 a
1510 1368 1615 1430 ‘sum'

321 1470 415 1532 uerbo
437 1469 603 1532 deducitur,
647 1470 671 1532 F
678 1487 807 1531 acesso
830 1466 965 1530 similiter
987 1468 1086 1530 delicit
1107 1486 1163 1548 per
1185 1487 1344 1548 personas,
1366 1472 1386 1530 i.
1411 1471 1511 1531 lacere
1533 1469 1641 1530 desi-n

322 1571 403 1633 dero.
448 1572 521 1634 Cum
550 1569 760 1652 impersonalia
787 1589 841 1651 par
864 1589 968 1633 omnes
990 1569 1093 1632 modos
1115 1569 1316 1640 declinentur,
1346 1573 1526 1650 quaedam
1550 1571 1614 1632 de·

232 1671 463 1752 aaaelcctiua
485 1675 748 1742 inueniuntur,
772 1680 811 1734 ut
833 1671 953 1752 liquet
974 1671 1047 1734 mibi
1068 1670 1122 1733 tibi
1145 1671 1203 1742 illi;
1226 1675 1381 1734 miseret
1402 1691 1451 1734 me
1472 1673 1569 1744 illum,
1593 1675 1612 1732 i.

321 1775 522 1837 misericordia
546 1782 591 1836 est
611 1773 686 1836 mibi
707 1774 744 1836 dc
766 1794 811 1836 eo.

830 1960 880 2021 DE
901 1959 1098 2023 anvttttssto.

404 2079 585 2142 Aduerbium
609 2079 686 2141 bena
708 2080 808 2160 posuit
823 2081 903 2140 iuxta
919 2078 1055 2142 uerbum.
1093 2079 1165 2141 Nam
1181 2077 1357 2143 aduerbium
1379 2081 1459 2142 iuxta
1481 2079 1637 2142 uerbumu

321 2183 441 2259 ponitur
463 2199 524 2243 uon
545 2188 660 2243 tantum
682 2181 714 2242 ln
736 2181 842 2243 ordine
863 2183 1000 2262 partium,
1024 2183 1212 2262 quantumin
1229 2201 1283 2243 usu
1300 2189 1419 2244 nostrae
1442 2181 1609 2251 locutionis,

321 2290 349 2343 et
371 2291 416 2344 est
438 2282 617 2345 adiectioum
648 2281 747 2359 uerbi,
776 2285 853 2346 sicut
880 2283 1023 2345 adiectiua
1052 2285 1171 2345 nomina
1200 2291 1389 2364 apponuntur
1417 2285 1490 2345 liris.
1535 2283 1607 2346 Nam

232 2395 235 2400 '
320 2385 396 2445 sicut
418 2383 544 2445 dicimus
567 2384 674 2447 ‘bonus
697 2383 808 2456 bomo',
831 2389 873 2448 ita
896 2386 1022 2448 dicimus
1045 2383 1135 2446 ‘bene
1156 2383 1250 2465 legit’.
1288 2385 1396 2466 ‘Legit'
1418 2404 1472 2466 per
1493 2403 1527 2447 se
1550 2406 1607 2446 non

320 2486 504 2548 demonstrat
526 2505 590 2548 ram
612 2487 784 2568 perlectam,
808 2504 901 2565 usque
923 2487 1034 2548 adicias
1056 2485 1167 2548 ‘benc'
1191 2487 1239 2549 uel
1263 2487 1375 2549 ‘male’.
1410 2487 1565 2550 ltdiccta
1589 2491 1605 2547 i·

219 2589 513 2670 aaansupcrposita.
560 2587 888 2666 significationem
918 2591 1080 2650 i·sensum
1111 2589 1157 2650 nel
1186 2589 1379 2651 intellectum.
1422 2588 1635 2670 Explanatn

219 2713 268 2764 sao,
284 2691 339 2755 rei·
363 2690 513 2768 elucidat!
536 2690 578 2750 Vt
598 2690 667 2750 iam
690 2689 833 2752 laciam.
871 2690 959 2752 Verbi
981 2690 1107 2771 qualitas
1128 2710 1182 2770 per
1204 2709 1236 2752 sc
1251 2692 1414 2770 ignoratur.
1450 2690 1524 2752 Nam
1539 2710 1604 2751 cum

320 2790 387 2853 dico
408 2792 561 2862 ‘laciam',
584 2792 731 2853 incertum
757 2799 809 2863 est,
833 2798 932 2853 utrum
954 2793 1025 2852 ‘cito
1048 2791 1176 2863 laciam’,
1199 2812 1237 2854 an
1259 2793 1392 2873 ‘tanget
1422 2791 1604 2872 usquedum

321 2893 386 2955 dico
409 2895 503 2956 ‘iam’
525 2893 714 2967 aduerbinm,
738 2902 771 2954 ut
793 2895 867 2955 ‘iam
889 2893 1016 2971 legam’:
1045 2899 1115 2955 tnnc
1143 2893 1330 2965 demonstro,
1345 2891 1359 2978 ΙΙ
1377 2890 1437 2956 185
1452 2891 1462 2975 ΙΙ
1478 2894 1534 2954 cito
1556 2911 1603 2952 me

318 2995 477 3057 iacturum.
522 2993 584 3056 Vel
608 3013 679 3057 non
702 2997 854 3058 luciam.
901 2994 1090 3057 Aduerbio
1112 3006 1174 3057 aut
1195 3015 1212 3058 a
1234 3015 1271 3058 se
1295 3005 1509 3066 nascuntur,
1535 2997 1601 3054 sine

218 3095 379 3170 assanda
402 3098 527 3175 origine.
572 3097 616 3157 Vt
642 3097 738 3167 heri,
769 3097 848 3176 quod
877 3104 981 3177 poetae
1008 3097 1110 3159 dicunt
1131 3099 1237 3160 ‘berc’
1261 3116 1348 3160 cansa
1374 3099 1474 3168 matri,
1501 3097 1570 3174 quia
1591 3098 1632 3155 irs

320 3199 406 3278 longa
429 3208 487 3270 est,
512 3219 528 3260 e
552 3215 624 3260 uero
646 3197 757 3260 breuis.
802 3197 874 3260 lude
897 3198 1101 3260 quenalis:
1446 3267 1447 3270 Ἴ

470 3301 546 3361 istc
568 3300 650 3362 dics
671 3299 781 3362 bodie
804 3301 924 3360 minor
947 3309 1003 3362 est
1025 3299 1113 3364 herc
1136 3319 1241 3380 quam
1263 3302 1337 3363 luit
1359 3301 1464 3364 alter.

319 3401 448 3473 Hodie,
471 3400 541 3464 licet
563 3402 705 3481 quidam
728 3401 845 3473 dicunt,
869 3405 1067 3480 compositum
1090 3421 1154 3464 esse
1169 3423 1205 3465 ex
1220 3404 1301 3465 ‘boc'
1317 3411 1347 3465 et
1362 3403 1444 3464 ‘diet
1478 3403 1598 3482 Nuper

319 3504 338 3563 i·
363 3503 488 3574 nouiter,
512 3505 647 3581 quamuis
669 3505 818 3583 quidam
841 3504 995 3582 dixerunt,
1019 3504 1123 3565 uenire
1138 3522 1154 3565 a
1170 3508 1305 3576 nomine,
1329 3505 1409 3586 quod
1432 3514 1475 3565 cst
1495 3505 1596 3582 ‘nupe-

216 3631 266 3684 ιιι,
281 3610 391 3672 urus’.
429 3603 605 3668 ''l'ulliane
632 3605 709 3668 idest
736 3624 819 3667 mora
841 3604 929 3666 Tullii
951 3605 1090 3683 loquitur.
1134 3606 1247 3668 Tullius
1275 3605 1376 3669 consul
1404 3607 1627 3668 Romanorumn

217 3735 266 3784 aaa,
280 3735 306 3776 rs
318 3708 374 3770 luit
395 3714 425 3769 et
447 3706 555 3769 dicitur
570 3725 586 3768 a
601 3706 731 3769 tollendo
754 3707 908 3778 lasciuum,
925 3709 955 3768 .i.
971 3708 1117 3770 sarcinam
1139 3708 1187 3771 uel
1208 3709 1418 3771 adulationem.
1462 3707 1591 3770 Ostium

318 3809 427 3870 dicitur
453 3808 503 3870 ille
530 3809 638 3880 aditus,
668 3826 722 3890 per
750 3827 838 3888 quem
867 3809 987 3871 domum
1014 3812 1175 3882 intramus,
1205 3819 1234 3872 et
1256 3818 1302 3873 est
1321 3829 1372 3872 res
1394 3807 1589 3891 incorporalist

318 3910 383 3972 alii
411 3928 484 3972 nero
507 3910 610 3972 dicunt
637 3912 781 3972 ‘ostium’
812 3913 897 3991 quasi
924 3910 1106 3975 obstaculum
1130 3920 1159 3973 ct
1181 3919 1252 3974 tunc
1280 3921 1326 3974 cst
1354 3912 1516 3993 corporale,
1539 3907 1589 3969 sed

319 4010 481 4073 Donatus
503 4011 560 4074 boc
582 4030 642 4074 non
663 4013 779 4092 recipit.
824 4012 995 4074 Ostiatim
1019 4014 1038 4074 i·
1061 4032 1116 4094 per
1144 4014 1259 4094 singula
1286 4017 1372 4076 ostia.
1416 4013 1546 4075 bicatim
1568 4011 1587 4070 i·

386 4269 400 4316 1
418 4217 500 4317 pppppa
568 4263 675 4334 blasto]
695 4268 720 4317 Α
739 4268 818 4331 ‘face'
836 4268 933 4318 scillcet
950 4269 1098 4318 derinmwa·
1167 4270 1200 4320 26
1218 4263 1356 4334 quenalis]
1374 4269 1408 4332 cs.
1421 4276 1467 4321 aut.
1480 4267 1524 4316 Ill
1538 4267 1586 4315 23:

317 4350 357 4404 ros
375 4333 452 4384 bodie
469 4335 552 4384 minor
570 4344 621 4400 est,
638 4334 698 4386 here
715 4349 792 4398 qnam
809 4334 869 4398 luit,
887 4345 964 4398 atque
981 4335 1069 4386 eadem
1087 4351 1143 4386 cras
1158 4335 1163 4400 Ι
1178 4337 1274 4386 deteret
1290 4337 1393 4402 exiguis
1411 4335 1508 4399 aliquid.

384 4575 415 4623 31
436 4572 526 4624 Gloara
543 4573 638 4624 codic&
655 4571 833 4635 Beruenairf.
853 4575 902 4623 13·
920 4587 1000 4636 marp.
1017 4575 1080 4623 ains
1117 4571 1215 4622 Ostium
1242 4573 1334 4623 dicitur
1359 4573 1403 4624 ille
1427 4573 1515 4634 aditus,
1539 4582 1585 4633 per

317 4655 391 4702 qrrem
410 4641 515 4691 domum
532 4643 670 4698 intramus,
698 4656 739 4690 res
761 4639 879 4690 uidelicet
900 4638 1067 4706 incorporalis
1087 4640 1140 4701 uel,
1160 4650 1187 4691 nt
1204 4640 1262 4691 alii
1279 4642 1380 4708 dicunt,
1399 4643 1485 4692 ostium
1501 4638 1584 4688 dicitur

315 4707 359 4756 itta
376 4723 416 4758 res
434 4702 586 4774 corporalis,
605 4709 702 4774 lignum
721 4708 844 4768 uidelicet,
864 4708 934 4770 quod
951 4705 1045 4758 claudit
1062 4708 1167 4758 domum
1185 4719 1209 4760 et
1226 4710 1316 4760 dicitur
1333 4709 1365 4760 ab
1380 4708 1508 4761 obstando.
1525 4703 1584 4752 lude

317 4777 387 4825 uenit
407 4777 555 4828 aduerbinm
580 4778 703 4844 ostiatim
730 4777 837 4826 dicimus
856 4777 923 4828 cuim
946 4777 1074 4826 ‘ostiatim
1092 4778 1163 4828 uadit
1179 4777 1221 4828 illc
1237 4779 1383 4829 mendicus‘
1402 4781 1417 4830 i.
1435 4794 1477 4844 per
1491 4771 1583 4838 singula

319 4844 393 4894 ostia.
