3390 5444
620 340 824 393 excurras.
916 309 919 314 ’
1308 340 1367 404 191

73 531 178 592 uerinl.
225 529 283 591 Pro
306 529 361 591 bac
384 547 455 607 ergo
479 531 594 590 ratione
616 547 782 609 pronomen
810 547 827 590 a
854 530 974 591 nomine
1005 547 1168 590 secernere
1198 528 1367 605 noluerunt,

69 635 144 692 sicut
166 649 223 692 nec
245 630 375 709 armiger
396 634 566 693 secernitur
588 648 603 691 a
626 648 707 710 rege.
745 630 914 693 Pronomen
937 639 984 693 est
1006 629 1276 692 subministratoria
1300 649 1369 712 pars

70 735 226 802 orationis,
260 734 326 813 quia
360 733 498 813 quicquid
531 742 576 794 est
603 731 715 813 absque
749 733 877 794 nominis
910 733 1116 803 amminiculo,
1151 734 1268 795 infirme
1302 751 1368 794 esse

69 835 196 896 uidetur.

155 935 167 1020 l]
186 936 205 997 i.
223 933 261 998 7¹·
279 934 291 1020 ll
316 939 353 998 vt
374 937 568 1016 Vergilius
590 936 675 999 dicit:
714 937 905 1015 Interrogare
927 935 1037 1006 debeo,
1061 956 1116 999 cur
1139 956 1246 1000 nomen
1272 941 1367 999 omni-

68 1039 123 1100 bus
149 1039 288 1119 partibus
315 1039 482 1100 Latinitatis
506 1037 673 1119 praelatum
703 1041 755 1110 sit,
787 1057 854 1100 cum
882 1041 912 1099 iu
941 1037 1118 1120 †hiborum
1147 1041 1314 1102 elocutione
1338 1049 1367 1101 et

66 1142 282 1220 compositione
305 1142 498 1222 praecipuum
516 1141 700 1202 existimetur
715 1139 849 1202 uerbum.
897 1139 995 1220 Super
1011 1142 1068 1204 boc
1083 1145 1230 1203 Aeneas
1251 1144 1363 1222 inquit:

67 1242 183 1304 Nomen
205 1243 369 1305 secundum
392 1260 561 1304 sermonem
583 1244 763 1323 principium
781 1252 838 1313 est,
862 1261 922 1303 non
944 1242 1109 1305 secundum
1125 1243 1365 1324 appellationem.

67 1345 140 1407 Cum
164 1349 246 1407 euim
275 1347 409 1407 nascitur
438 1343 542 1416 homo,
572 1347 745 1424 priusquam
774 1363 837 1406 rem
866 1342 995 1424 aliquam
1023 1353 1091 1424 aget
1119 1343 1167 1406 uel
1196 1346 1291 1408 discat
1318 1344 1366 1406 uel

32 1449 155 1518 resciat,
180 1466 289 1509 nomen
312 1447 353 1509 illi
375 1447 503 1517 inditur,
526 1463 624 1522 quare
645 1445 741 1509 uerbo
769 1445 936 1527 praecedit;
965 1465 1074 1508 nomeu
1103 1465 1174 1527 ergo
1203 1466 1272 1527 pars
1300 1466 1366 1508 ora·

67 1550 157 1610 tionis
179 1547 353 1630 principalis
375 1547 551 1610 Latinitatis.

150 1653 234 1714 Ibid.
279 1650 527 1732 VtPompeius
557 1698 691 1713 .......
705 1653 752 1712 nis
775 1659 911 1712 creatura
934 1670 969 1712 ex
993 1653 1114 1712 nomine
1136 1669 1189 1712 suo
1213 1643 1367 1730 cognosci·

66 1761 127 1814 tur:
159 1755 218 1815 nisi
242 1755 320 1814 enirn
344 1754 449 1815 scieris
472 1770 595 1823 nomen,
620 1753 749 1831 cognitio
771 1771 872 1814 rerum
896 1754 984 1834 perit.
1027 1751 1121 1814 Aliter
1142 1772 1216 1815 uero
1239 1754 1367 1831 Vergi-

66 1855 140 1916 lius
170 1856 258 1916 dicit:
288 1854 358 1916 ldeo
381 1856 576 1936 praeponitur
598 1872 722 1930 nomen,
751 1855 830 1935 quod
854 1854 973 1935 quando
995 1901 1086 1916 .....
1108 1853 1220 1924 inians,
1244 1871 1366 1915 necesse

32 1971 54 2013 1⁵
68 1965 128 2028 est,
153 1964 188 2018 ut
209 1958 308 2019 statim
332 1955 440 2018 babeat
462 1975 585 2024 nomen;
614 1963 712 2018 actum
735 1973 808 2017 uero
831 1973 891 2018 non
913 1964 1011 2037 potest
1032 1957 1145 2018 lacere:
1166 1959 1295 2032 proprie
1309 1957 1367 2018 doc

68 2067 255 2122 monstratur
277 2077 332 2139 per
354 2059 492 2121 uerbum.

152 2158 164 2242 ll
186 2158 311 2244 [10¹³ss
343 2161 504 2223 liiriuatiua
532 2159 639 2222 multas
661 2161 887 2222 terminationes
908 2158 1020 2222 habent
1046 2163 1078 2222 in
1101 2143 1215 2223 ultimis
1237 2159 1366 2240 syllabis,

66 2272 97 2324 ut
119 2262 314 2343 Vergilius
336 2261 421 2324 dicit:
458 2262 621 2323 Diriuatiua
650 2269 749 2322 autem
778 2280 838 2323 non
868 2264 955 2324 unius
977 2272 1046 2324 sunt
1068 2265 1170 2324 moris.
1215 2262 1367 2333 Quaedam

66 2367 143 2425 enim
168 2366 199 2425 in
223 2383 260 2425 us
283 2363 425 2446 syllabam
449 2364 602 2434 desinunt,
626 2372 659 2424 ut
681 2361 718 2423 de
742 2372 821 2424 terra
845 2371 991 2434 terrenus
1015 2364 1052 2425 de
1075 2372 1176 2425 monte
1199 2373 1365 2432 montanus,

30 2466 213 2546 squaedam
241 2467 272 2528 in
300 2484 352 2527 cus
379 2469 523 2536 maxime,
552 2483 628 2545 quae
656 2463 693 2525 de
721 2465 892 2544 regionibus
920 2474 947 2526 et
975 2465 1113 2543 gentibus
1140 2465 1310 2528 diriuantur
1339 2472 1368 2526 et

65 2571 170 2640 sectis,
193 2577 228 2631 ut
249 2567 457 2630 Macedonicus
480 2569 661 2630 Sarmaticus
684 2569 878 2630 Germanicus
899 2569 1119 2646 grammaticus.
1163 2565 1314 2638 Quaedam
1336 2570 1366 2628 in

66 2672 117 2741 tis,
142 2679 177 2732 ut
199 2668 350 2733 caelestis.
394 2669 546 2741 Quaedam
573 2673 604 2731 in
633 2689 701 2740 eus,
730 2677 763 2730 ut
788 2671 904 2748 igneus.
948 2666 1098 2738 Quaedam
1120 2670 1150 2730 in
1173 2669 1233 2739 ius,
1257 2676 1290 2728 ut
1310 2673 1365 2730 Ae-

65 2775 194 2852 gyptius.
240 2771 390 2844 Quaedam
413 2773 443 2832 in
467 2770 517 2840 lis,
542 2781 574 2833 ut
596 2773 724 2834 carnalis
746 2771 890 2832 animalis.

142 2888 193 2974 lli.
213 2889 269 2952 11·
292 2888 303 2974 ΙΙ
333 2891 437 2951 Vtrum
466 2890 629 2952 obseruant
660 2890 835 2951 diminutius
868 2907 978 2968 genera
1010 2891 1179 2960 nominum,
1215 2909 1230 2951 a
1260 2881 1367 2971 quillus

30 2993 253 3056 unaecunturl
295 2991 460 3071 aliquando
497 2992 674 3068 obseruant‚
708 2991 866 3071 aliquando
899 3009 974 3062 non,
1009 2999 1041 3052 ut
1065 2989 1246 3070 Virgilius
1279 2992 1364 3054 dicit:

66 3095 251 3158 Diminutiua
275 3102 388 3165 autem,
412 3096 548 3175 quamuis
571 3095 686 3173 etipsa
709 3092 861 3155 inmobilia
885 3101 968 3164 sunt,
992 3093 1109 3173 quando
1131 3093 1219 3155 nullis
1234 3095 1365 3157 adiciun-

64 3205 121 3269 tur,
153 3197 193 3260 ab
217 3197 264 3258 his
285 3205 384 3257 tamen
407 3195 592 3264 nominibus,
623 3195 732 3276 quibus
760 3195 897 3266 haerent,
927 3213 1016 3276 saepe
1045 3211 1157 3273 genere
1186 3196 1364 3276 dianopam.

63 3299 297 3380 Nonnumquam
320 3305 420 3360 tamen
444 3298 637 3359 concordant.
683 3291 762 3359 [licis
784 3301 862 3358 enirn
893 3297 1060 3368 ‘taberna'‚
1092 3317 1125 3358 ex
1154 3317 1212 3379 qua
1240 3299 1366 3360 diminu-

63 3471 303 3478 Ἣ.

133 3591 146 3637 1
167 3588 218 3637 ltac
236 3602 254 3653 g
272 3588 379 3647 ratione,
398 3603 468 3639 corr.
487 3602 535 3653 pro
554 3587 602 3636 bac
620 3602 681 3652 ergo
700 3603 720 3638 r.
737 3604 769 3640 ru.
787 3587 822 3636 II
890 3589 906 3637 2
925 3601 970 3635 nec
988 3589 1080 3650 surius
1103 3602 1118 3636 a
1137 3603 1209 3652 rege,
1231 3604 1364 3652 suprascr.

63 3657 177 3721 armiger
194 3655 335 3704 secernitur·
352 3673 381 3704 ru.
403 3655 436 3705 11
523 3659 627 3718 3quae
696 3655 772 3720 quid,
799 3653 1009 3717 unumquicquid
1031 3654 1114 3705 m.lI
1182 3656 1364 3720 ammittucnlo,

61 3739 199 3789 suprascr.
218 3723 346 3772 adiutorio
365 3740 395 3774 ru.
415 3723 450 3773 ΙΙ
518 3721 632 3782 infirma,
656 3738 788 3788 suprascr.
811 3737 861 3772 non
885 3722 984 3773 stabilis
1002 3737 1032 3770 m.
1051 3723 1086 3772 Il
1188 3721 1364 3788 bVergllius]

61 3810 87 3856 p.
107 3795 163 3842 132
183 3791 254 3842 Mai:
274 3789 310 3840 De
329 3792 431 3840 tramine
449 3792 600 3841 breuiariam
620 3791 758 3856 epitomum
777 3791 891 3840 editurus
910 3803 1029 3855 rerogare
1047 3791 1119 3856 prius
1138 3790 1218 3840 debeo
1237 3793 1366 3853 querimo-

63 3861 186 3908 usntibns
209 3873 262 3922 qua
284 3860 316 3908 de
338 3874 415 3909 eausa
440 3873 532 3909 nomen
551 3860 669 3909 omuibus
687 3859 803 3924 partibus
821 3859 953 3908 latinitatis
971 3857 1111 3923 praelatum
1130 3860 1172 3909 sit.
1209 3857 1305 3910 Nomen
1325 3875 1365 3909 se-

62 3928 177 3978 cundum
196 3941 303 3976 sensum
320 3935 369 3981 etc.
389 3925 456 3978 Maii
472 3933 598 3991 exempto
703 3929 718 3977 'i
740 3924 912 3993 existimetur]
937 3928 1054 3992 estiatur,
1080 3941 1212 3992 suprascr.
1232 3929 1266 3976 sit
1283 3945 1313 3978 ru.
1332 3927 1367 3978 II

61 3995 243 4045 bseeundum
262 4009 364 4045 sensum
384 3995 471 4045 Mutus
522 3995 700 4060 apellationem
753 3995 864 4046 eromo
882 4011 967 4060 sunu„
984 3997 1102 4060 suppleat
1118 4011 1153 4045 ex
1171 3995 1243 4046 Moto
1295 4007 1366 4045 anto-

62 4079 140 4126 quans
160 4063 251 4114 Maius
319 4063 359 4112 uel
377 4064 460 4113 discat
477 4063 515 4112 uel
535 4063 600 4112 sciat
617 4080 663 4116 om.
682 4063 768 4113 Maius
846 4065 877 4113 10
895 4065 1015 4114 indicitur
1066 4061 1174 4113 inditur:
1194 4077 1284 4113 nomen
1304 4079 1366 4128 ergo

62 4134 150 4183 allairac
205 4128 296 4195 quare]
320 4133 400 4181 Vnum
417 4131 563 4182 uocabulum
581 4133 692 4196 eurardi,
711 4133 780 4196 quod
795 4131 1175 4196 secrtndumseneumsuppleui.
1246 4134 1276 4181 11
1295 4133 1367 4197 prin-

60 4201 154 4265 cipalis
176 4213 239 4265 pars
258 4199 390 4249 latinitatis
408 4211 448 4250 est
465 4200 553 4248 Maius
655 4201 687 4249 12
705 4196 855 4264 Pompeius]
877 4200 956 4252 Hunc
969 4204 1049 4250 locum
1066 4201 1137 4264 apud
1153 4199 1299 4264 Pompeium
1316 4216 1366 4250 uon

60 4269 174 4329 lumin,
194 4267 244 4316 sed
259 4267 293 4330 rs.
310 4285 340 4332 p.
359 4271 401 4331 96,
412 4270 498 4318 27.29
511 4267 545 4320 K.
581 4267 711 4317 Lacunam
728 4269 765 4317 sic
783 4270 906 4333 expleas:
923 4268 1096 4320 dicit20ntnis
1167 4269 1198 4317 13
1216 4268 1266 4317 nisi
1284 4266 1364 4334 enim]

60 4338 94 4399 es.
114 4351 163 4387 ars
182 4350 308 4400 anonyma
326 4335 406 4385 Beru.
425 4337 556 4400 posse
599 4331 751 4402 Vergilius]
771 4336 829 4385 Nou
847 4343 921 4386 extat
938 4337 1010 4403 opud
1025 4335 1131 4388 Maium.
1202 4337 1234 4385 14
1251 4337 1365 4401 quando]

61 4404 209 4469 suppleas:
231 4403 342 4453 nascitur
424 4405 455 4454 15
473 4401 599 4470 acllqlltum
670 4405 774 4468 proprie
791 4403 841 4453 ltoc
858 4420 893 4454 erc
910 4409 1057 4456 coniectura
1075 4403 1149 4453 dedi:
1168 4419 1225 4453 num
1242 4406 1292 4454 duo
1307 4405 1367 4470 sere

60 4471 192 4523 uocabula
209 4477 373 4521 sursumsunt.
453 4471 485 4521 18
505 4467 644 4536 Vergilius]
664 4487 689 4536 p.
709 4473 763 4521 133
781 4471 839 4522 Mai
906 4473 984 4522 moris
1007 4481 1067 4521 stant
1085 4472 1171 4521 Maius
1240 4473 1365 4535 quaedam

64 4567 90 4576 ·-
112 4541 240 4590 desinunt
257 4555 305 4590 om.
324 4539 410 4591 Moira
482 4541 516 4592 20
533 4541 559 4589 in
577 4555 622 4588 cus
642 4539 753 4588 maxime
770 4553 836 4602 quae
854 4556 901 4591 ora.
921 4541 1006 4591 Maius
1091 4541 1122 4589 21
1141 4539 1323 4590 maclraonicus
1342 4551 1367 4590 et

61 4609 251 4675 grammaticus
271 4607 357 4658 Maius
459 4605 587 4666 Quaedam
606 4607 776 4657 —animalis
795 4623 841 4658 cm.
861 4609 959 4661 Maius.
998 4608 1038 4658 De
1055 4615 1108 4658 tcto
1127 4609 1174 4659 doc
1192 4611 1247 4658 loco
1265 4609 1301 4674 rs.
1320 4625 1366 4658 ars

60 4709 193 4762 uraorryrna
211 4691 355 4744 Beruenst's
370 4709 398 4757 p.
417 4695 458 4752 09,
477 4695 581 4743 27—31
661 4693 694 4742 22
712 4693 738 4741 in
756 4675 802 4742 ebs
872 4694 992 4759 egyptius
1061 4693 1094 4743 25
1111 4688 1249 4758 Virgilius]
1268 4694 1366 4743 Desunt

60 4765 134 4828 opud
152 4761 264 4824 Maium,
284 4776 349 4827 quae
366 4775 451 4810 uocem
470 4760 552 4826 ‘lapis
570 4771 609 4810 est
626 4775 657 4810 ex
676 4775 727 4822 qua
745 4760 838 4810 ltabes'
854 4764 1023 4825 praecedunt.
1108 4763 1142 4811 27
1160 4761 1248 4810 iterent
1333 4762 1366 4812 28

62 4843 261 4892 ucnrntmquam
282 4841 320 4878 est
338 4841 420 4878 tamen
491 4826 605 4894 taberna]
628 4829 661 4891 rs.
679 4845 724 4878 ors
742 4845 867 4894 aucupum
884 4829 1025 4881 Beruensis
1040 4847 1067 4895 p.
1086 4833 1126 4894 71,
1141 4831 1157 4879 l
1173 4845 1228 4896 seq.
