3420 5450
683 391 892 438 ...lx-

132 562 266 628 asseclis
296 565 421 627 ceteros
448 537 648 626 saeculorum
676 561 784 626 octaui
805 540 885 627 noni
908 562 1022 628 decimi
1045 566 1193 629 auctores
1213 565 1439 649 grammaticos

135 695 176 738 ex
204 673 415 758 antiquorum
443 671 587 737 fontibus
613 671 762 737 licentius
784 694 881 757 quam
904 673 1027 738 cautius
1049 672 1192 738 hausisse
1214 676 1332 758 pateat.
1376 671 1439 739 Sed

135 787 175 849 nt
194 805 238 848 ne
259 781 324 848 hoc
346 781 475 868 quidem
497 783 690 867 scriptorum
712 803 814 868 genus
836 782 932 868 plane
955 784 1080 848 abesset
1101 806 1121 848 a
1140 787 1253 850 nostro
1275 785 1439 869 opusculo,

136 895 258 960 librum
273 893 481 960 'lbricensem
497 891 579 959 058
596 892 687 979 (275)
702 893 853 958 Eduardo
865 893 1056 960 Woelfflino
1072 898 1202 960 auctore
1225 895 1439 961 describentes

135 1005 269 1070 tertiam
289 1005 357 1069 fere
372 1007 497 1089 partem
511 1005 618 1090 operis
633 1002 865 1094 afflige
878 1004 917 1069 de
932 1005 1178 1089 praeteritorum
1194 1006 1308 1071 formis
1328 1006 1439 1091 scripti

137 1116 365 1201 excerpsimus.

226 1225 295 1291 Iam
323 1225 410 1310 quod
431 1225 494 1290 alia
522 1226 642 1310 scripta
668 1225 796 1310 integra
823 1225 859 1288 in
886 1225 973 1291 hune
1001 1226 1119 1292 librum
1146 1227 1268 1312 recepi,
1302 1227 1439 1293 aliorum

138 1337 287 1423 singulos
308 1336 397 1402 locos
419 1339 577 1421 excerpsi,
601 1339 730 1421 praeter
744 1357 872 1401 causam
887 1358 982 1421 supin
1002 1336 1134 1422 dictam,
1158 1339 1321 1423 quainter
1336 1341 1440 1404 certos

137 1471 191 1512 me
220 1449 300 1512 fines
327 1447 492 1512 continere
519 1448 672 1533 cogebar,
707 1468 745 1511 eo
780 1445 918 1512 ducebar
951 1446 1102 1531 consilio,
1137 1450 1188 1532 ut,
1222 1448 1299 1533 quid
1325 1471 1439 1514 unum-

138 1559 291 1644 quodque
312 1557 463 1622 utilitatis
484 1557 602 1623 habere
624 1558 802 1642 uideretur,
829 1579 889 1641 pro
917 1557 1004 1622 uirili
1026 1561 1117 1642 parte
1140 1559 1321 1624 examinato
1344 1560 1440 1625 relin-

138 1691 287 1754 querem,
310 1690 519 1754 quaecunque
540 1669 576 1733 in
596 1668 792 1752 tritioribuS,
816 1689 912 1752 quam
935 1691 1015 1753 quae
1037 1669 1115 1733 ferri
1130 1669 1280 1755 typisque
1293 1669 1440 1735 mandari

137 1784 289 1866 possent,
321 1781 415 1844 rebus
444 1780 706 1866 argumentisque
736 1783 949 1844 uersarentur.
1000 1779 1099 1844 Cuius
1125 1781 1253 1865 generis
1280 1781 1308 1845 si
1336 1781 1372 1845 in
1400 1781 1440 1844 iis

137 1913 286 1977 quoque,
308 1911 389 1976 quae
410 1890 563 1975 produxi,
585 1889 744 1955 nonnulla
765 1889 906 1954 inueniri
928 1887 1124 1974 iudicentur,
1148 1912 1201 1974 ea,
1228 1891 1285 1956 ubi
1307 1912 1440 1976 opuscu-

136 2003 263 2087 lorum,
291 2001 329 2066 de
351 2001 468 2085 quibus
489 2001 660 2086 agebatur,
683 2003 890 2084 conspectum
913 2000 1099 2065 uniuersum
1121 2004 1261 2086 proponi
1283 2003 1378 2067 certis
1401 2000 1439 2066 de

136 2113 245 2178 causis
273 2135 291 2178 e
317 2133 352 2177 re
379 2111 450 2176 tore
477 2110 660 2195 uidebatur,
691 2109 780 2175 facili
808 2110 916 2175 animo
945 2111 1058 2176 ceteris
1085 2112 1257 2176 immisceri
1284 2113 1439 2196 patiebar.

136 2224 295 2308 Excerpsi
322 2227 430 2288 autem
457 2243 496 2286 ex
518 2222 641 2286 artibus
662 2221 818 2286 haetenus
839 2221 1029 2307 incognitis,
1058 2243 1139 2306 quae
1168 2223 1210 2287 ob
1237 2245 1344 2287 rerum
1368 2221 1439 2286 uili-

136 2339 241 2400 tatem
268 2333 455 2417 uaframque
483 2331 665 2417 exponendi
692 2331 911 2416 prolixitatem
938 2331 1083 2417 integrae
1112 2331 1256 2397 exhiberi
1282 2354 1350 2397 non
1381 2354 1438 2416 po-

135 2447 263 2526 terent,
286 2465 396 2509 omnes
418 2443 491 2508 illos
512 2442 615 2527 locos,
639 2443 755 2528 quibus
776 2441 817 2508 ad
838 2442 992 2507 maiorem
1014 2463 1083 2507 sese
1105 2443 1257 2527 cuiusque
1273 2443 1438 2527 scriptoris

136 2555 308 2641 ingenium
329 2553 509 2619 docuinam
531 2554 689 2618 extulerat
709 2556 767 2618 aut
787 2556 933 2618 ueterum
954 2557 1125 2637 praecepte
1146 2554 1253 2618 minus
1272 2554 1438 2639 diuulgata

135 2664 308 2730 referendo
335 2668 392 2730 aut
418 2664 635 2750 singularibus
661 2666 829 2750 poetarum
857 2663 1057 2748 aliorumque
1084 2664 1238 2748 exemplis
1270 2687 1338 2729 rem
1365 2662 1438 2728 illu·

136 2775 283 2842 strando.
325 2775 454 2860 Itaque,
482 2778 519 2840 ut
546 2797 612 2841 uno
640 2774 786 2858 exemplo
814 2773 875 2840 hac
902 2797 937 2840 re
966 2774 1138 2860 defungar,
1166 2797 1239 2840 cum
1262 2773 1437 2840 Clementis

136 2888 353 2972 quLuecatur
367 2883 455 2978 Septi
470 2889 571 2951 artem
586 2886 705 2952 codicis
719 2884 893 2951 Beruensis
911 2885 970 2950 123
985 2886 1008 2950 f.
1026 2887 1043 2949 1
1059 2905 1136 2970 seq,
1159 2873 1447 2970 quarffffiffipg’m‘m*

136 2998 234 3063 edere
250 2996 355 3062 minus
369 2971 646 3082 ubleiridebatur,
667 2995 726 3062 tali
748 2997 883 3064 oonsilio
902 3017 1137 3081 percurrerem,
1159 2989 1259 3061 Prbbi
1280 2995 1439 3060 nonnulla

134 3113 238 3193 atque
261 3106 364 3194 Sergii
392 3107 592 3192 aliorumque
619 3111 787 3174 auctorum
815 3109 924 3192 aliqua
950 3107 1106 3173 hactenus
1132 3107 1300 3192 incognita
1321 3105 1438 3192 collegi

135 3221 285 3284 uirorum
311 3218 479 3284 doctorum
506 3219 686 3284 attentione
711 3240 780 3284 non
808 3218 951 3304 indigna.
998 3217 1027 3284 Ε
1055 3220 1168 3283 contra
1194 3220 1376 3283 commenta
1402 3217 1438 3281 in

134 3329 306 3396 Donatum
327 3329 545 3394 Einsidlensia
565 3329 628 3394 tide
649 3329 721 3394 ideo
744 3328 784 3394 ad
806 3329 924 3394 codicis
945 3328 1042 3393 fidem
1063 3329 1191 3414 integra
1217 3327 1372 3412 expressi,
1400 3331 1438 3392 ut

134 3464 201 3506 uno
218 3440 368 3524 exemplo
383 3439 504 3526 insigni
519 3443 615 3524 atque
629 3423 795 3505 luculento
809 3439 976 3524 proposito
991 3443 1096 3504 totum
1115 3437 1196 3504 illud
1210 3437 1438 3524 Remigianum

133 3551 322 3637 explicandi
342 3571 445 3636 genus
470 3551 674 3616 illustrarem.

221 3660 288 3727 Sed
314 3682 356 3727 ne
383 3661 467 3727 hanc
495 3661 625 3745 quidem
659 3683 804 3746 operam,
841 3661 991 3747 quotiens
1023 3660 1152 3747 singula
1183 3662 1438 3746 perscrutantem

133 3773 311 3839 laetioriinr
324 3772 489 3837 fructuum
503 3793 576 3856 spes
591 3772 685 3837 initio
701 3775 848 3857 suscepta
868 3771 1016 3857 fallebat,
1038 3772 1167 3856 penitus
1189 3793 1240 3836 me
1262 3769 1437 3856 perdidisse

134 3883 310 3967 ducebam,
338 3886 508 3967 propterea
535 3881 637 3967 quod,
669 3883 724 3966 qui
751 3882 843 3948 labor
869 3883 981 3968 utique
1009 3883 1110 3948 serius
1137 3881 1226 3948 ocius
1253 3879 1437 3946 subeundus

134 4001 217 4079 erat,
246 3997 301 4078 ut,
329 3994 358 4058 si
379 3991 456 4076 quid
477 3992 551 4058 inde
576 3992 617 4058 ad
638 3993 819 4079 aagendam
840 3994 1020 4059 litterarum
1042 3992 1208 4059 scientiam
1229 3991 1297 4076 peti
1318 3993 1437 4074 posset,

132 4105 313 4190 diligenter
339 4103 478 4188 uideres,
506 4103 569 4169 boo
596 4125 648 4168 me
675 4103 863 4169 defunctum
890 4126 1054 4170 essenon
1080 4104 1149 4169 sine
1177 4100 1315 4187 quadem
1336 4098 1437 4165 animi

131 4216 262 4281 laetitia
284 4213 470 4279 sentiebam.
515 4213 576 4279 Est
597 4236 674 4280 sane
695 4236 872 4301 permagna
892 4216 1009 4280 artium
1031 4216 1089 4281 ille
1114 4217 1218 4280 aetate
1246 4212 1438 4296 scriptarum

131 4349 206 4412 pars
236 4326 288 4390 ita
314 4327 503 4410 conparata,
537 4329 574 4390 ut
605 4347 644 4390 ex
671 4347 780 4391 earum
808 4325 994 4412 cognitione
1022 4326 1094 4410 plus
1121 4324 1219 4390 taedii
1245 4345 1438 4408 concoquas,

132 4459 232 4521 quam
258 4435 402 4500 laetitiae
424 4436 597 4520 percipias,
620 4434 676 4501 sed
691 4435 803 4501 insunt
816 4437 950 4521 passim,
973 4458 1055 4520 quae
1069 4435 1182 4510 tollere
1198 4435 1280 4500 uelis
1295 4432 1438 4498 melioris

130 4552 229 4613 notae
255 4545 412 4632 frustula,
434 4567 629 4632 quemquam
650 4545 788 4612 multum
810 4547 913 4632 abest,
937 4551 974 4613 ut
991 4546 1127 4612 iuuenili
1141 4547 1198 4612 illo
1215 4543 1358 4630 quidem,
1381 4542 1438 4607 sed

129 4656 320 4724 excusando
352 4657 468 4742 Angeli
496 4656 574 4722 Maii
602 4679 727 4740 amore,
757 4678 820 4742 quo
848 4658 976 4723 futilem
998 4657 1136 4744 Vergilii
1164 4653 1307 4722 Maronis
1334 4657 1437 4720 artem

129 4775 214 4836 auct.
238 4767 353 4834 Vatic.
380 4775 457 4834 tom.
479 4767 509 4834 V
531 4769 632 4852 praef.
660 4791 692 4854 p.
715 4767 762 4834 VI
790 4769 955 4854 amplexus
984 4772 1047 4854 est,
1080 4767 1188 4835 omnia
1214 4763 1437 4851 prosequenda
