3420 5450
645 419 688 428 .-
730 395 852 442 XI-

103 569 408 652 manuscriptorum,
432 571 593 654 quotquot
606 567 747 652 Bernae,
768 567 804 632 in
817 567 957 634 Heremo
974 589 1079 653 saera,
1102 567 1209 634 'surici
1232 569 1400 636 adseruata

63 665 64 669 ¹
103 679 348 765 grammaticum
379 701 456 766 prae
489 701 523 744 se
556 679 667 744 ferunt
699 682 939 765 argumentum,
973 677 1220 764 descriptionem
1252 680 1399 768 delegaui

105 787 232 872 additis,
256 792 294 853 ut
308 788 487 856 incidebam
502 789 538 854 in
552 811 602 855 res
617 789 772 856 hactenus
786 789 983 875 incognitas,
1003 791 1070 856 suis
1085 791 1237 876 cuiusque
1253 792 1398 877 opusculi

106 900 269 982 excerptis.
307 900 375 966 lam
395 902 493 967 tertio
514 901 586 966 loco
608 921 676 967 non
698 905 765 966 tam
786 901 957 985 librorum,
981 922 1078 985 quam
1099 905 1266 967 auctorum
1287 902 1399 968 habito

107 1013 249 1094 respectu
272 1031 310 1076 ea
332 1011 464 1098 collegi,
487 1034 569 1097 quae
591 1011 686 1077 certis
701 1015 861 1078 certorum
877 1015 1044 1078 auctorum
1058 1012 1245 1078 nominibus
1259 1013 1401 1098 insignia

108 1121 314 1186 occurrebant
341 1125 398 1187 aut
425 1122 521 1207 plane
548 1143 616 1188 non
644 1123 775 1209 cognita
801 1123 906 1188 adhuc
933 1126 990 1188 aut
1016 1124 1101 1188 iusto
1128 1123 1263 1188 minoris
1290 1123 1402 1190 habita

109 1231 154 1297 uel
173 1231 292 1316 parum
313 1237 460 1298 accurate
482 1232 651 1318 descripta.
696 1231 767 1308 Quo
793 1233 916 1299 iactum
944 1237 1007 1317 est,
1035 1236 1085 1318 ut,
1113 1255 1307 1318 quamquam
1333 1255 1401 1300 nou

108 1364 202 1428 pauca
215 1343 331 1408 meunt
345 1343 482 1428 inedita,
496 1340 573 1409 huic
588 1348 673 1410 certe
687 1343 772 1430 parti
787 1343 1155 1429 supplementorum
1169 1345 1287 1431 magis,
1304 1367 1401 1430 quam

108 1453 334 1520 anecdotorum
355 1475 476 1520 nomen
498 1455 695 1520 conueniret.
734 1453 837 1530 Quem
854 1453 983 1540 quidem
1005 1455 1175 1539 supplendi
1196 1455 1341 1520 laborem
1363 1477 1401 1520 eo

109 1565 207 1629 minus
229 1565 437 1650 respuebam,
465 1570 637 1651 postquam
661 1569 767 1630 totum
789 1565 876 1630 hunc
897 1564 1016 1629 librum
1037 1586 1097 1650 pro
1119 1565 1401 1650 grammaticorum

109 1675 295 1742 Latinorum
317 1698 337 1742 a
357 1674 512 1742 Putschio
534 1675 706 1761 Keilioque
734 1675 893 1742 editorum
923 1675 1146 1760 supplemento
1179 1679 1212 1741 et
1232 1698 1325 1760 posse
1346 1676 1402 1741 ha-

111 1786 172 1852 beri
194 1789 228 1852 et
250 1786 398 1852 habitum
419 1787 460 1851 iri
482 1787 640 1852 uidebam.

186 1895 251 1962 Sed
278 1897 358 1962 baec
387 1899 497 1963 omnia
522 1919 724 1984 summopere
751 1898 863 1963 dubito
892 1918 971 1962 num
993 1896 1130 1962 feliciter
1152 1897 1256 1980 ocoipi
1278 1897 1402 1981 riteque

110 2007 212 2093 peragi
241 2008 425 2102 potuerint,
453 2009 517 2073 nisi
545 2009 689 2075 uirorum
717 2009 928 2093 optimorum,
957 2008 1013 2092 qui
1037 2006 1263 2074 Heluetiorum
1289 2007 1404 2072 biblio-

110 2118 203 2183 thecis
225 2122 397 2203 praesunt,
421 2117 608 2185 Cornarii
630 2118 829 2203 Turioensis,
850 2117 985 2183 Patris
1012 2117 1117 2184 Galli
1145 2116 1306 2183 Morelii
1326 2115 1404 2182 sin-

110 2228 268 2314 sidlensis,
302 2227 436 2295 Caroli
462 2229 658 2296 Ludouioi
690 2229 735 2294 de
763 2229 947 2314 Steigero
975 2227 1148 2294 Bernensis
1181 2227 1403 2294 beniuolentia

112 2339 351 2424 adfabilitasque
373 2340 443 2405 uias
464 2341 545 2405 mihi
567 2340 608 2406 ad
629 2339 703 2406 illos
725 2340 893 2405 thesauros
914 2339 1126 2425 patefecisset.
1163 2340 1271 2424 Atque
1292 2337 1405 2404 Gallus

111 2449 260 2516 Morelius
281 2472 387 2534 meus,
411 2451 486 2516 ‘iam
508 2451 632 2535 senior,
657 2450 712 2515 sed
734 2451 832 2516 cruda
853 2451 924 2515 uiro
947 2449 1122 2535 uiridisque
1145 2453 1314 2533 senectus',
1336 2471 1404 2514 non

111 2560 223 2646 solum,
247 2582 322 2626 cum
344 2561 468 2634 duobus
491 2561 610 2628 abhinc
632 2562 726 2626 annis
748 2583 806 2648 per
826 2560 969 2627 triduum
990 2561 1178 2626 monasterii
1191 2559 1405 2625 Einsidlensis

110 2671 334 2738 bibliothecam
355 2676 587 2757 perscrutarer,
610 2694 734 2738 summo
750 2695 801 2738 me
816 2673 902 2738 fouit
916 2692 1024 2737 amore
1040 2670 1202 2755 effusaque
1216 2673 1405 2754 prosecutus

110 2787 153 2847 est
182 2781 342 2848 librorum
377 2783 723 2849 subministrandomm
755 2783 963 2866 liberalitate,
996 2780 1067 2866 sed,
1103 2787 1275 2865 postquam
1307 2781 1405 2846 breue

111 2892 183 2958 illud
210 2894 370 2978 temporis
397 2895 537 2979 spatium
564 2896 651 2960 intra
677 2894 807 2959 claustri
835 2897 932 2978 atque
959 2891 1038 2958 adeo
1065 2891 1254 2956 ‘clausurae'
1276 2891 1406 2956 moenia

111 3007 335 3089 consumptum
357 3004 463 3088 operis
485 3005 625 3091 suscepti
646 3004 884 3091 longitudinem
906 3002 1038 3068 minime
1061 3024 1197 3087 aequare
1219 3002 1325 3068 uisum
1347 3005 1405 3087 est,

110 3113 244 3202 benigne
274 3115 351 3179 satis
379 3115 519 3200 amplam
545 3116 702 3181 librorum
730 3115 1021 3200 manuscriptorum
1047 3115 1329 3199 inpressorumque
1355 3135 1405 3179 eo

109 3225 190 3308 piam
216 3225 253 3290 in
283 3225 368 3290 hanc
395 3225 514 3291 ciuium
543 3225 756 3292 Bernensium
784 3225 891 3291 sedem
918 3225 1007 3290 misit
1034 3223 1142 3290 eadem
1174 3245 1299 3309 semper
1320 3246 1406 3310 usus,

108 3337 142 3400 ut
161 3335 248 3401 inter
271 3336 408 3420 amisse,
431 3336 458 3402 si
480 3336 618 3402 amicum
640 3337 801 3422 appellare
824 3335 873 3400 fas
896 3337 945 3400 est
959 3335 1065 3399 uirum
1079 3334 1222 3401 humana
1236 3357 1296 3401 nos
1311 3356 1406 3421 gene·

108 3447 228 3512 ratione
251 3446 514 3532 antecedentem,
536 3447 765 3530 iucundissima
786 3427 887 3512 animi
909 3446 1077 3511 suauitate.
1118 3445 1273 3530 Proinde,
1297 3446 1324 3510 si
1345 3446 1406 3512 lar·

107 3557 175 3642 glor
205 3579 268 3642 per
301 3557 363 3622 hos
395 3580 498 3624 annos
529 3559 679 3643 peruenit
707 3559 939 3642 peruenietque
973 3556 1070 3620 etiam
1102 3555 1143 3620 ad
1175 3557 1263 3622 uiros
1295 3556 1406 3624 doetus

107 3667 233 3733 armarii
255 3665 370 3734 Sancti
393 3666 552 3734 Meinradi
579 3669 710 3753 notitia,
740 3689 782 3734 en
808 3668 900 3732 illurn
920 3666 1028 3732 uirum
1049 3667 1266 3732 uenerabilem
1287 3667 1406 3734 habeto

108 3781 286 3844 auctorem!
565 3865 570 3876 Ι

186 3887 253 3971 Sed
280 3889 381 3976 longe
409 3891 549 3982 maxima
575 3889 651 3956 libri
678 3911 752 3975 pers
782 3890 818 3955 in
845 3889 990 3955 codicum
1012 3888 1224 3954 Bernensium
1252 3888 1408 3954 memoria

107 3999 323 4085 praedicanda
337 4004 492 4068 uersatur.
530 4001 601 4078 Qua
614 4002 650 4067 in
663 4024 699 4067 re
714 4002 742 4068 si
756 4000 929 4068 Sinnerum
944 3999 1083 4086 catalogi
1098 4002 1172 4065 ante
1193 3999 1254 4064 hos
1276 4002 1406 4064 centum

106 4134 204 4178 annos
233 4113 458 4179 confectorem
485 4113 598 4180 ducem
625 4117 752 4180 secutus
779 4112 898 4195 forem,
933 4131 983 4176 res
1004 4110 1095 4204 ⁸quin
1121 4109 1227 4174 minus
1255 4131 1407 4194 prospere

106 4245 297 4308 processura
318 4224 433 4310 ferent,
449 4221 564 4291 ¹nullus
586 4223 714 4308 dubito,
736 4226 907 4308 propterea
929 4221 1015 4307 quod
1033 4220 1073 4287 cd
1086 4241 1209 4286 nouum
1223 4218 1407 4306 catalogum

106 4335 345 4402 conficiendum
367 4335 503 4422 singolis
525 4357 565 4400 ex
586 4333 699 4401 ordine
720 4333 811 4398 libris
834 4332 983 4417 deinceps
1006 4332 1143 4399 euolutis
1157 4330 1261 4396 multa
1274 4330 1409 4395 inuenta

105 4451 191 4532 sunt,
220 4467 313 4532 quae
339 4445 432 4511 illum
458 4467 590 4532 prorsus
611 4447 778 4532 fugerant,
806 4445 862 4529 qui
883 4466 925 4509 ne
947 4443 1148 4529 singularum
1170 4440 1299 4526 quidem
1321 4440 1408 4506 sche-

105 4557 229 4644 darum,
261 4577 404 4646 quarum
428 4577 547 4643 magna
568 4557 661 4642 copia
683 4560 747 4640 est,
774 4554 873 4621 ullam
896 4555 1028 4621 omnino
1051 4552 1249 4619 mentionem
1270 4549 1407 4618 fecisset.

105 4665 188 4745 Quae
215 4688 333 4753 neque
361 4667 545 4733 retexissem
571 4689 677 4752 neque
703 4667 787 4733 iuste
808 4687 994 4752 percensere
1017 4668 1113 4749 atque
1134 4664 1330 4750 pertractare
1351 4684 1408 4747 po-

105 4781 252 4864 tuissem,
284 4777 352 4843 nisi
375 4776 582 4865 Steigerus
609 4778 661 4843 uir
686 4777 806 4843 nobilis
833 4781 929 4861 atque
957 4776 1057 4841 comis
1080 4775 1236 4860 singulari
1258 4793 1335 4858 erga
1356 4795 1407 4838 me
