<?xml version="1.0" encoding="UTF-8"?>
<!DOCTYPE html PUBLIC "-//W3C//DTD XHTML 1.0 Transitional//EN"
    "http://www.w3.org/TR/xhtml1/DTD/xhtml1-transitional.dtd">
<html xmlns="http://www.w3.org/1999/xhtml" xml:lang="en" lang="en">
 <head>
  <title>
</title>
<meta http-equiv="Content-Type" content="text/html;charset=utf-8" />
  <meta name='ocr-system' content='tesseract 3.04.00' />
  <meta name='ocr-capabilities' content='ocr_page ocr_carea ocr_par ocr_line ocrx_word'/>
</head>
<body>
  <div class='ocr_page' id='page_1' title='image "./grammaticilatin00hagagoog_0334.png"; bbox 0 0 3400 5450; ppageno 0'>
   <div class='ocr_carea' id='block_1_1' title="bbox 308 334 1094 398">
    <p class='ocr_par' dir='ltr' id='par_1_1' title="bbox 308 334 1094 398">
     <span class='ocr_line' id='line_1_1' title="bbox 308 334 1094 398; baseline -0.013 -2"><span class='ocrx_word' id='word_1_1' title='bbox 308 335 350 398; x_wconf 80' lang='lat' dir='ltr'><strong>to</strong></span> <span class='ocrx_word' id='word_1_2' title='bbox 832 335 900 386; x_wconf 79' lang='lat' dir='ltr'><strong>uns</strong></span> <span class='ocrx_word' id='word_1_3' title='bbox 917 334 1094 387; x_wconf 78' lang='lat' dir='ltr'><strong>nuuurnn</strong></span> 
     </span>
    </p>
   </div>
   <div class='ocr_carea' id='block_1_2' title="bbox 306 521 1671 4074">
    <p class='ocr_par' dir='ltr' id='par_1_2' title="bbox 306 521 1671 4074">
     <span class='ocr_line' id='line_1_2' title="bbox 307 521 1607 603; baseline 0 -19"><span class='ocrx_word' id='word_1_4' title='bbox 307 523 495 586; x_wconf 77' lang='lat' dir='ltr'><strong>monticellus</strong></span> <span class='ocrx_word' id='word_1_5' title='bbox 532 521 765 591; x_wconf 85' lang='lat' dir='ltr'><strong>monticellulus,</strong></span> <span class='ocrx_word' id='word_1_6' title='bbox 803 523 847 585; x_wconf 91' lang='lat' dir='ltr'><strong>sio</strong></span> <span class='ocrx_word' id='word_1_7' title='bbox 879 521 1074 585; x_wconf 84' lang='lat' dir='ltr'><strong>scholasticus</strong></span> <span class='ocrx_word' id='word_1_8' title='bbox 1107 523 1267 585; x_wconf 79' lang='lat' dir='ltr'><strong>fonticulus</strong></span> <span class='ocrx_word' id='word_1_9' title='bbox 1302 523 1429 603; x_wconf 89' lang='lat' dir='ltr'><strong>agnulus</strong></span> <span class='ocrx_word' id='word_1_10' title='bbox 1462 523 1607 603; x_wconf 87' lang='lat' dir='ltr'><strong>agnellus,</strong></span> 
     </span>
     <span class='ocr_line' id='line_1_3' title="bbox 307 625 1607 708; baseline -0.001 -21"><span class='ocrx_word' id='word_1_11' title='bbox 307 645 435 707; x_wconf 88' lang='lat' dir='ltr'><strong>quorum</strong></span> <span class='ocrx_word' id='word_1_12' title='bbox 458 627 552 687; x_wconf 88' lang='lat' dir='ltr'><strong>lorma</strong></span> <span class='ocrx_word' id='word_1_13' title='bbox 574 643 753 705; x_wconf 88' lang='lat' dir='ltr'><strong>quamquam</strong></span> <span class='ocrx_word' id='word_1_14' title='bbox 776 627 871 704; x_wconf 84' lang='lat' dir='ltr'><strong>magis</strong></span> <span class='ocrx_word' id='word_1_15' title='bbox 899 627 1057 697; x_wconf 88' lang='lat' dir='ltr'><strong>minuitur,</strong></span> <span class='ocrx_word' id='word_1_16' title='bbox 1087 626 1197 688; x_wconf 90' lang='lat' dir='ltr'><strong>crescit</strong></span> <span class='ocrx_word' id='word_1_17' title='bbox 1218 645 1338 707; x_wconf 79' lang='lat' dir='ltr'>semper</span> <span class='ocrx_word' id='word_1_18' title='bbox 1361 644 1506 688; x_wconf 87' lang='lat' dir='ltr'><strong>numerus</strong></span> <span class='ocrx_word' id='word_1_19' title='bbox 1519 625 1607 708; x_wconf 74' lang='lat' dir='ltr'><strong>sylla-</strong></span> 
     </span>
     <span class='ocr_line' id='line_1_4' title="bbox 308 725 1608 802; baseline -0.001 -13"><span class='ocrx_word' id='word_1_20' title='bbox 308 727 423 802; x_wconf 75' lang='lat' dir='ltr'><strong>harum.</strong></span> <span class='ocrx_word' id='word_1_21' title='bbox 473 727 668 788; x_wconf 87' lang='lat' dir='ltr'><strong>inueniuntur</strong></span> <span class='ocrx_word' id='word_1_22' title='bbox 703 734 802 788; x_wconf 87' lang='lat' dir='ltr'><strong>autem</strong></span> <span class='ocrx_word' id='word_1_23' title='bbox 836 725 1083 788; x_wconf 88' lang='lat' dir='ltr'><strong>diminutiuorum</strong></span> <span class='ocrx_word' id='word_1_24' title='bbox 1121 728 1234 790; x_wconf 86' lang='lat' dir='ltr'><strong>turmae</strong></span> <span class='ocrx_word' id='word_1_25' title='bbox 1268 728 1422 799; x_wconf 87' lang='lat' dir='ltr'><strong>diuersae,</strong></span> <span class='ocrx_word' id='word_1_26' title='bbox 1458 738 1491 790; x_wconf 89' lang='lat' dir='ltr'><strong>ut</strong></span> <span class='ocrx_word' id='word_1_27' title='bbox 1518 729 1608 790; x_wconf 90' lang='lat' dir='ltr'><strong>homo</strong></span> 
     </span>
     <span class='ocr_line' id='line_1_5' title="bbox 307 827 1607 904; baseline -0.001 -14"><span class='ocrx_word' id='word_1_28' title='bbox 307 829 467 891; x_wconf 80' lang='lat' dir='ltr'><strong>homuncio</strong></span> <span class='ocrx_word' id='word_1_29' title='bbox 501 828 699 891; x_wconf 84' lang='lat' dir='ltr'><strong>homunculus</strong></span> <span class='ocrx_word' id='word_1_30' title='bbox 732 828 882 891; x_wconf 80' lang='lat' dir='ltr'><strong>homullus</strong></span> <span class='ocrx_word' id='word_1_31' title='bbox 916 827 1107 904; x_wconf 82' lang='lat' dir='ltr'><strong>homullulus.</strong></span> <span class='ocrx_word' id='word_1_32' title='bbox 1163 828 1237 891; x_wconf 89' lang='lat' dir='ltr'><strong>lnde</strong></span> <span class='ocrx_word' id='word_1_33' title='bbox 1269 828 1489 892; x_wconf 82' lang='lat' dir='ltr'><strong>Priscianus</strong></span> <span class='ocrx_word' id='word_1_34' title='bbox 1522 830 1607 891; x_wconf 89' lang='lat' dir='ltr'><strong>dicit:</strong></span> 
     </span>
     <span class='ocr_line' id='line_1_6' title="bbox 307 930 1632 1011; baseline 0.001 -18"><span class='ocrx_word' id='word_1_35' title='bbox 307 933 400 993; x_wconf 90' lang='lat' dir='ltr'><strong>Sunt</strong></span> <span class='ocrx_word' id='word_1_36' title='bbox 426 931 542 1009; x_wconf 86' lang='lat' dir='ltr'><strong>igitur</strong></span> <span class='ocrx_word' id='word_1_37' title='bbox 570 931 713 993; x_wconf 88' lang='lat' dir='ltr'><strong>lormae</strong></span> <span class='ocrx_word' id='word_1_38' title='bbox 741 930 1054 992; x_wconf 88' lang='lat' dir='ltr'><strong>diminutiuorum</strong></span> <span class='ocrx_word' id='word_1_39' title='bbox 1077 931 1281 994; x_wconf 84' lang='lat' dir='ltr'><strong>masculini</strong></span> <span class='ocrx_word' id='word_1_40' title='bbox 1303 933 1457 1011; x_wconf 86' lang='lat' dir='ltr'><strong>generis</strong></span> <span class='ocrx_word' id='word_1_41' title='bbox 1478 932 1632 994; x_wconf 75' lang='lat' dir='ltr'><strong>dioec-⁵</strong></span> 
     </span>
     <span class='ocr_line' id='line_1_7' title="bbox 306 1031 1608 1105; baseline 0 -10"><span class='ocrx_word' id='word_1_42' title='bbox 306 1051 369 1095; x_wconf 89' lang='lat' dir='ltr'><strong>sae</strong></span> <span class='ocrx_word' id='word_1_43' title='bbox 398 1040 435 1094; x_wconf 88' lang='lat' dir='ltr'><strong>et</strong></span> <span class='ocrx_word' id='word_1_44' title='bbox 461 1035 607 1104; x_wconf 89' lang='lat' dir='ltr'><strong>uariae,</strong></span> <span class='ocrx_word' id='word_1_45' title='bbox 641 1040 683 1094; x_wconf 90' lang='lat' dir='ltr'><strong>ot</strong></span> <span class='ocrx_word' id='word_1_46' title='bbox 711 1039 798 1094; x_wconf 91' lang='lat' dir='ltr'><strong>sunt</strong></span> <span class='ocrx_word' id='word_1_47' title='bbox 825 1031 907 1094; x_wconf 89' lang='lat' dir='ltr'><strong>hae:</strong></span> <span class='ocrx_word' id='word_1_48' title='bbox 940 1034 976 1093; x_wconf 93' lang='lat' dir='ltr'><strong>in</strong></span> <span class='ocrx_word' id='word_1_49' title='bbox 1006 1031 1126 1103; x_wconf 89' lang='lat' dir='ltr'><strong>culus,</strong></span> <span class='ocrx_word' id='word_1_50' title='bbox 1161 1036 1197 1095; x_wconf 92' lang='lat' dir='ltr'><strong>in</strong></span> <span class='ocrx_word' id='word_1_51' title='bbox 1226 1031 1340 1105; x_wconf 89' lang='lat' dir='ltr'><strong>tulus,</strong></span> <span class='ocrx_word' id='word_1_52' title='bbox 1373 1035 1411 1094; x_wconf 94' lang='lat' dir='ltr'><strong>in</strong></span> <span class='ocrx_word' id='word_1_53' title='bbox 1440 1033 1538 1104; x_wconf 86' lang='lat' dir='ltr'><strong>olus,</strong></span> <span class='ocrx_word' id='word_1_54' title='bbox 1573 1036 1608 1095; x_wconf 94' lang='lat' dir='ltr'><strong>in</strong></span> 
     </span>
     <span class='ocr_line' id='line_1_8' title="bbox 307 1133 1607 1207; baseline -0.001 -10"><span class='ocrx_word' id='word_1_55' title='bbox 307 1135 419 1206; x_wconf 89' lang='lat' dir='ltr'><strong>ellus,</strong></span> <span class='ocrx_word' id='word_1_56' title='bbox 447 1137 484 1197; x_wconf 92' lang='lat' dir='ltr'><strong>in</strong></span> <span class='ocrx_word' id='word_1_57' title='bbox 507 1133 638 1205; x_wconf 86' lang='lat' dir='ltr'><strong>xillus,</strong></span> <span class='ocrx_word' id='word_1_58' title='bbox 667 1136 703 1196; x_wconf 91' lang='lat' dir='ltr'><strong>in</strong></span> <span class='ocrx_word' id='word_1_59' title='bbox 725 1133 854 1206; x_wconf 89' lang='lat' dir='ltr'><strong>cillus,</strong></span> <span class='ocrx_word' id='word_1_60' title='bbox 883 1137 921 1195; x_wconf 90' lang='lat' dir='ltr'><strong>in</strong></span> <span class='ocrx_word' id='word_1_61' title='bbox 944 1133 1058 1206; x_wconf 93' lang='lat' dir='ltr'><strong>ullus,</strong></span> <span class='ocrx_word' id='word_1_62' title='bbox 1088 1135 1124 1196; x_wconf 95' lang='lat' dir='ltr'><strong>in</strong></span> <span class='ocrx_word' id='word_1_63' title='bbox 1148 1137 1220 1207; x_wconf 89' lang='lat' dir='ltr'><strong>cio,</strong></span> <span class='ocrx_word' id='word_1_64' title='bbox 1248 1136 1285 1197; x_wconf 92' lang='lat' dir='ltr'><strong>in</strong></span> <span class='ocrx_word' id='word_1_65' title='bbox 1312 1136 1409 1207; x_wconf 85' lang='lat' dir='ltr'><strong>leus,</strong></span> <span class='ocrx_word' id='word_1_66' title='bbox 1438 1139 1475 1197; x_wconf 80' lang='lat' dir='ltr'><strong>in</strong></span> <span class='ocrx_word' id='word_1_67' title='bbox 1496 1140 1607 1198; x_wconf 84' lang='lat' dir='ltr'><strong>tulus.</strong></span> 
     </span>
     <span class='ocr_line' id='line_1_9' title="bbox 309 1235 1607 1318; baseline 0 -20"><span class='ocrx_word' id='word_1_68' title='bbox 309 1236 466 1318; x_wconf 81' lang='lat' dir='ltr'><strong>Exempla,</strong></span> <span class='ocrx_word' id='word_1_69' title='bbox 501 1244 534 1298; x_wconf 92' lang='lat' dir='ltr'><strong>ut</strong></span> <span class='ocrx_word' id='word_1_70' title='bbox 565 1235 714 1314; x_wconf 89' lang='lat' dir='ltr'><strong>igniculus</strong></span> <span class='ocrx_word' id='word_1_71' title='bbox 747 1235 877 1299; x_wconf 89' lang='lat' dir='ltr'><strong>tantulus</strong></span> <span class='ocrx_word' id='word_1_72' title='bbox 904 1236 1061 1318; x_wconf 87' lang='lat' dir='ltr'><strong>capreolus</strong></span> <span class='ocrx_word' id='word_1_73' title='bbox 1088 1237 1233 1316; x_wconf 88' lang='lat' dir='ltr'><strong>agnellos.</strong></span> <span class='ocrx_word' id='word_1_74' title='bbox 1285 1237 1357 1300; x_wconf 86' lang='lat' dir='ltr'><strong>ltenr</strong></span> <span class='ocrx_word' id='word_1_75' title='bbox 1385 1255 1457 1315; x_wconf 85' lang='lat' dir='ltr'><strong>ager</strong></span> <span class='ocrx_word' id='word_1_76' title='bbox 1484 1237 1607 1318; x_wconf 86' lang='lat' dir='ltr'><strong>agellus,</strong></span> 
     </span>
     <span class='ocr_line' id='line_1_10' title="bbox 309 1337 1608 1423; baseline -0.002 -20"><span class='ocrx_word' id='word_1_77' title='bbox 309 1343 443 1403; x_wconf 85' lang='lat' dir='ltr'><strong>Graecus</strong></span> <span class='ocrx_word' id='word_1_78' title='bbox 465 1338 641 1423; x_wconf 84' lang='lat' dir='ltr'><strong>Graeculus,</strong></span> <span class='ocrx_word' id='word_1_79' title='bbox 665 1356 721 1418; x_wconf 85' lang='lat' dir='ltr'><strong>pax</strong></span> <span class='ocrx_word' id='word_1_80' title='bbox 744 1338 885 1417; x_wconf 86' lang='lat' dir='ltr'><strong>paxillus,</strong></span> <span class='ocrx_word' id='word_1_81' title='bbox 910 1339 1003 1401; x_wconf 78' lang='lat' dir='ltr'><strong>codex</strong></span> <span class='ocrx_word' id='word_1_82' title='bbox 1026 1337 1194 1410; x_wconf 87' lang='lat' dir='ltr'><strong>codicillus,</strong></span> <span class='ocrx_word' id='word_1_83' title='bbox 1219 1339 1308 1401; x_wconf 92' lang='lat' dir='ltr'><strong>homo</strong></span> <span class='ocrx_word' id='word_1_84' title='bbox 1329 1338 1480 1402; x_wconf 88' lang='lat' dir='ltr'><strong>homullus</strong></span> <span class='ocrx_word' id='word_1_85' title='bbox 1503 1346 1533 1400; x_wconf 89' lang='lat' dir='ltr'><strong>et</strong></span> <span class='ocrx_word' id='word_1_86' title='bbox 1554 1339 1608 1401; x_wconf 94' lang='lat' dir='ltr'><strong>ho·</strong></span> 
     </span>
     <span class='ocr_line' id='line_1_11' title="bbox 311 1439 1639 1521; baseline -0.001 -17"><span class='ocrx_word' id='word_1_87' title='bbox 311 1443 446 1512; x_wconf 89' lang='lat' dir='ltr'><strong>muncio,</strong></span> <span class='ocrx_word' id='word_1_88' title='bbox 469 1459 540 1503; x_wconf 92' lang='lat' dir='ltr'><strong>acus</strong></span> <span class='ocrx_word' id='word_1_89' title='bbox 562 1439 695 1511; x_wconf 89' lang='lat' dir='ltr'><strong>aculeus,</strong></span> <span class='ocrx_word' id='word_1_90' title='bbox 720 1459 813 1521; x_wconf 88' lang='lat' dir='ltr'><strong>nepos</strong></span> <span class='ocrx_word' id='word_1_91' title='bbox 830 1440 996 1521; x_wconf 89' lang='lat' dir='ltr'><strong>nepotulus.</strong></span> <span class='ocrx_word' id='word_1_92' title='bbox 1033 1442 1107 1502; x_wconf 89' lang='lat' dir='ltr'><strong>ltcm</strong></span> <span class='ocrx_word' id='word_1_93' title='bbox 1123 1441 1177 1502; x_wconf 94' lang='lat' dir='ltr'><strong>llos</strong></span> <span class='ocrx_word' id='word_1_94' title='bbox 1192 1439 1348 1513; x_wconf 84' lang='lat' dir='ltr'><strong>flosculus,</strong></span> <span class='ocrx_word' id='word_1_95' title='bbox 1371 1459 1435 1502; x_wconf 88' lang='lat' dir='ltr'><strong>mas</strong></span> <span class='ocrx_word' id='word_1_96' title='bbox 1450 1440 1639 1512; x_wconf 73' lang='lat' dir='ltr'><strong>musculoso</strong></span> 
     </span>
     <span class='ocr_line' id='line_1_12' title="bbox 310 1541 1610 1625; baseline -0.002 -19"><span class='ocrx_word' id='word_1_97' title='bbox 310 1563 378 1606; x_wconf 91' lang='lat' dir='ltr'><strong>mus</strong></span> <span class='ocrx_word' id='word_1_98' title='bbox 405 1541 572 1608; x_wconf 90' lang='lat' dir='ltr'><strong>musculus,</strong></span> <span class='ocrx_word' id='word_1_99' title='bbox 602 1541 695 1604; x_wconf 83' lang='lat' dir='ltr'><strong>irater</strong></span> <span class='ocrx_word' id='word_1_100' title='bbox 722 1543 918 1618; x_wconf 63' lang='lat' dir='ltr'><strong>haemulus,</strong></span> <span class='ocrx_word' id='word_1_101' title='bbox 948 1549 1032 1623; x_wconf 87' lang='lat' dir='ltr'><strong>pater</strong></span> <span class='ocrx_word' id='word_1_102' title='bbox 1061 1542 1244 1624; x_wconf 83' lang='lat' dir='ltr'><strong>paterculus,</strong></span> <span class='ocrx_word' id='word_1_103' title='bbox 1273 1561 1387 1624; x_wconf 84' lang='lat' dir='ltr'><strong>pauper</strong></span> <span class='ocrx_word' id='word_1_104' title='bbox 1411 1541 1610 1625; x_wconf 89' lang='lat' dir='ltr'><strong>pauperculus</strong></span> 
     </span>
     <span class='ocr_line' id='line_1_13' title="bbox 309 1643 1608 1727; baseline -0.001 -19"><span class='ocrx_word' id='word_1_105' title='bbox 309 1644 488 1727; x_wconf 86' lang='lat' dir='ltr'><strong>paupercula</strong></span> <span class='ocrx_word' id='word_1_106' title='bbox 504 1643 726 1724; x_wconf 89' lang='lat' dir='ltr'><strong>pauperculum,</strong></span> <span class='ocrx_word' id='word_1_107' title='bbox 750 1651 856 1706; x_wconf 90' lang='lat' dir='ltr'><strong>uenter</strong></span> <span class='ocrx_word' id='word_1_108' title='bbox 870 1645 1063 1714; x_wconf 89' lang='lat' dir='ltr'><strong>uentriculus,</strong></span> <span class='ocrx_word' id='word_1_109' title='bbox 1088 1645 1171 1725; x_wconf 86' lang='lat' dir='ltr'><strong>lepus</strong></span> <span class='ocrx_word' id='word_1_110' title='bbox 1184 1645 1365 1724; x_wconf 86' lang='lat' dir='ltr'><strong>lepusculus,</strong></span> <span class='ocrx_word' id='word_1_111' title='bbox 1389 1663 1492 1707; x_wconf 88' lang='lat' dir='ltr'><strong>rumor</strong></span> <span class='ocrx_word' id='word_1_112' title='bbox 1507 1663 1608 1707; x_wconf 89' lang='lat' dir='ltr'><strong>rumu-</strong></span> 
     </span>
     <span class='ocr_line' id='line_1_14' title="bbox 309 1745 1609 1826; baseline 0.001 -18"><span class='ocrx_word' id='word_1_113' title='bbox 309 1747 423 1818; x_wconf 89' lang='lat' dir='ltr'><strong>sculus,</strong></span> <span class='ocrx_word' id='word_1_114' title='bbox 453 1749 531 1826; x_wconf 85' lang='lat' dir='ltr'><strong>ignis</strong></span> <span class='ocrx_word' id='word_1_115' title='bbox 553 1746 716 1824; x_wconf 86' lang='lat' dir='ltr'><strong>igniculus,</strong></span> <span class='ocrx_word' id='word_1_116' title='bbox 747 1748 831 1809; x_wconf 86' lang='lat' dir='ltr'><strong>testis</strong></span> <span class='ocrx_word' id='word_1_117' title='bbox 851 1747 1021 1818; x_wconf 88' lang='lat' dir='ltr'><strong>testiculus,</strong></span> <span class='ocrx_word' id='word_1_118' title='bbox 1050 1764 1156 1808; x_wconf 88' lang='lat' dir='ltr'><strong>currus</strong></span> <span class='ocrx_word' id='word_1_119' title='bbox 1178 1745 1358 1819; x_wconf 87' lang='lat' dir='ltr'><strong>curriculus,</strong></span> <span class='ocrx_word' id='word_1_120' title='bbox 1387 1765 1494 1810; x_wconf 72' lang='lat' dir='ltr'><strong>uersus</strong></span> <span class='ocrx_word' id='word_1_121' title='bbox 1515 1750 1609 1809; x_wconf 89' lang='lat' dir='ltr'><strong>uersi·</strong></span> 
     </span>
     <span class='ocr_line' id='line_1_15' title="bbox 310 1847 1609 1920; baseline 0.001 -10"><span class='ocrx_word' id='word_1_122' title='bbox 310 1849 407 1920; x_wconf 91' lang='lat' dir='ltr'><strong>culus,</strong></span> <span class='ocrx_word' id='word_1_123' title='bbox 436 1855 519 1910; x_wconf 90' lang='lat' dir='ltr'><strong>artus</strong></span> <span class='ocrx_word' id='word_1_124' title='bbox 544 1849 703 1919; x_wconf 90' lang='lat' dir='ltr'><strong>articulus,</strong></span> <span class='ocrx_word' id='word_1_125' title='bbox 734 1849 840 1910; x_wconf 88' lang='lat' dir='ltr'><strong>lluetus</strong></span> <span class='ocrx_word' id='word_1_126' title='bbox 862 1847 1044 1918; x_wconf 87' lang='lat' dir='ltr'><strong>llucticulus,</strong></span> <span class='ocrx_word' id='word_1_127' title='bbox 1075 1849 1167 1910; x_wconf 84' lang='lat' dir='ltr'><strong>codex</strong></span> <span class='ocrx_word' id='word_1_128' title='bbox 1191 1847 1345 1911; x_wconf 90' lang='lat' dir='ltr'><strong>codiculus</strong></span> <span class='ocrx_word' id='word_1_129' title='bbox 1367 1858 1398 1910; x_wconf 88' lang='lat' dir='ltr'><strong>et</strong></span> <span class='ocrx_word' id='word_1_130' title='bbox 1418 1848 1609 1913; x_wconf 88' lang='lat' dir='ltr'><strong>codicellusi</strong></span> 
     </span>
     <span class='ocr_line' id='line_1_16' title="bbox 310 1950 1640 2032; baseline -0.004 -19"><span class='ocrx_word' id='word_1_131' title='bbox 310 1950 560 2032; x_wconf 89' lang='lat' dir='ltr'><strong>antepaenultima</strong></span> <span class='ocrx_word' id='word_1_132' title='bbox 590 1952 621 2012; x_wconf 90' lang='lat' dir='ltr'><strong>in</strong></span> <span class='ocrx_word' id='word_1_133' title='bbox 649 1950 787 2014; x_wconf 91' lang='lat' dir='ltr'><strong>omnihus</strong></span> <span class='ocrx_word' id='word_1_134' title='bbox 815 1969 935 2031; x_wconf 86' lang='lat' dir='ltr'><strong>semper</strong></span> <span class='ocrx_word' id='word_1_135' title='bbox 963 1959 1110 2031; x_wconf 89' lang='lat' dir='ltr'><strong>correpta.</strong></span> <span class='ocrx_word' id='word_1_136' title='bbox 1155 1951 1228 2012; x_wconf 90' lang='lat' dir='ltr'><strong>ltem</strong></span> <span class='ocrx_word' id='word_1_137' title='bbox 1258 1957 1343 2012; x_wconf 88' lang='lat' dir='ltr'><strong>uetus</strong></span> <span class='ocrx_word' id='word_1_138' title='bbox 1371 1950 1489 2014; x_wconf 86' lang='lat' dir='ltr'><strong>uetulus</strong></span> <span class='ocrx_word' id='word_1_139' title='bbox 1512 1951 1607 2013; x_wconf 90' lang='lat' dir='ltr'><strong>uetula</strong></span> <span class='ocrx_word' id='word_1_140' title='bbox 1621 1974 1640 2011; x_wconf 74' lang='lat' dir='ltr'><strong>n.</strong></span> 
     </span>
     <span class='ocr_line' id='line_1_17' title="bbox 311 2050 1609 2124; baseline 0 -8"><span class='ocrx_word' id='word_1_141' title='bbox 311 2053 460 2124; x_wconf 89' lang='lat' dir='ltr'><strong>uetulum,</strong></span> <span class='ocrx_word' id='word_1_142' title='bbox 485 2054 542 2114; x_wconf 89' lang='lat' dir='ltr'><strong>tiro</strong></span> <span class='ocrx_word' id='word_1_143' title='bbox 563 2052 740 2123; x_wconf 89' lang='lat' dir='ltr'><strong>tirunculus,</strong></span> <span class='ocrx_word' id='word_1_144' title='bbox 766 2052 841 2115; x_wconf 87' lang='lat' dir='ltr'><strong>latro</strong></span> <span class='ocrx_word' id='word_1_145' title='bbox 863 2050 1062 2123; x_wconf 90' lang='lat' dir='ltr'><strong>latrunculus,</strong></span> <span class='ocrx_word' id='word_1_146' title='bbox 1086 2053 1176 2116; x_wconf 88' lang='lat' dir='ltr'><strong>carho</strong></span> <span class='ocrx_word' id='word_1_147' title='bbox 1199 2051 1414 2124; x_wconf 89' lang='lat' dir='ltr'><strong>carbunculus,</strong></span> <span class='ocrx_word' id='word_1_148' title='bbox 1438 2054 1486 2114; x_wconf 86' lang='lat' dir='ltr'><strong>tur</strong></span> <span class='ocrx_word' id='word_1_149' title='bbox 1508 2053 1609 2116; x_wconf 81' lang='lat' dir='ltr'><strong>turun-</strong></span> 
     </span>
     <span class='ocr_line' id='line_1_18' title="bbox 312 2153 1608 2234; baseline -0.001 -17"><span class='ocrx_word' id='word_1_150' title='bbox 312 2155 405 2218; x_wconf 91' lang='lat' dir='ltr'><strong>culus.</strong></span> <span class='ocrx_word' id='word_1_151' title='bbox 449 2155 524 2216; x_wconf 90' lang='lat' dir='ltr'><strong>ltem</strong></span> <span class='ocrx_word' id='word_1_152' title='bbox 551 2171 671 2233; x_wconf 86' lang='lat' dir='ltr'><strong>pugnus</strong></span> <span class='ocrx_word' id='word_1_153' title='bbox 699 2153 844 2234; x_wconf 84' lang='lat' dir='ltr'><strong>pugillus,</strong></span> <span class='ocrx_word' id='word_1_154' title='bbox 874 2172 969 2234; x_wconf 87' lang='lat' dir='ltr'><strong>agnus</strong></span> <span class='ocrx_word' id='word_1_155' title='bbox 996 2154 1145 2234; x_wconf 89' lang='lat' dir='ltr'><strong>agnellus,</strong></span> <span class='ocrx_word' id='word_1_156' title='bbox 1174 2173 1247 2234; x_wconf 90' lang='lat' dir='ltr'><strong>ager</strong></span> <span class='ocrx_word' id='word_1_157' title='bbox 1275 2153 1402 2232; x_wconf 87' lang='lat' dir='ltr'><strong>agellus,</strong></span> <span class='ocrx_word' id='word_1_158' title='bbox 1432 2154 1528 2216; x_wconf 86' lang='lat' dir='ltr'><strong>culter</strong></span> <span class='ocrx_word' id='word_1_159' title='bbox 1550 2155 1608 2217; x_wconf 85' lang='lat' dir='ltr'><strong>eul-</strong></span> 
     </span>
     <span class='ocr_line' id='line_1_19' title="bbox 313 2255 1607 2336; baseline -0.001 -18"><span class='ocrx_word' id='word_1_160' title='bbox 313 2256 415 2327; x_wconf 90' lang='lat' dir='ltr'><strong>tellus‚</strong></span> <span class='ocrx_word' id='word_1_161' title='bbox 443 2255 550 2318; x_wconf 90' lang='lat' dir='ltr'><strong>anulus</strong></span> <span class='ocrx_word' id='word_1_162' title='bbox 577 2255 705 2329; x_wconf 87' lang='lat' dir='ltr'><strong>anellus,</strong></span> <span class='ocrx_word' id='word_1_163' title='bbox 735 2255 838 2318; x_wconf 92' lang='lat' dir='ltr'><strong>oculus</strong></span> <span class='ocrx_word' id='word_1_164' title='bbox 866 2256 992 2326; x_wconf 86' lang='lat' dir='ltr'><strong>ocellus,</strong></span> <span class='ocrx_word' id='word_1_165' title='bbox 1022 2256 1150 2336; x_wconf 92' lang='lat' dir='ltr'><strong>populus</strong></span> <span class='ocrx_word' id='word_1_166' title='bbox 1183 2255 1335 2336; x_wconf 90' lang='lat' dir='ltr'><strong>popellus,</strong></span> <span class='ocrx_word' id='word_1_167' title='bbox 1370 2263 1451 2318; x_wconf 87' lang='lat' dir='ltr'><strong>catus</strong></span> <span class='ocrx_word' id='word_1_168' title='bbox 1479 2256 1607 2325; x_wconf 88' lang='lat' dir='ltr'><strong>catellus,</strong></span> 
     </span>
     <span class='ocr_line' id='line_1_20' title="bbox 313 2356 1607 2440; baseline -0.002 -19"><span class='ocrx_word' id='word_1_169' title='bbox 313 2369 398 2421; x_wconf 87' lang='lat' dir='ltr'><strong>tener</strong></span> <span class='ocrx_word' id='word_1_170' title='bbox 420 2356 561 2429; x_wconf 85' lang='lat' dir='ltr'><strong>tenellus,</strong></span> <span class='ocrx_word' id='word_1_171' title='bbox 591 2357 668 2419; x_wconf 88' lang='lat' dir='ltr'><strong>liber</strong></span> <span class='ocrx_word' id='word_1_172' title='bbox 691 2357 820 2420; x_wconf 88' lang='lat' dir='ltr'><strong>libellus:</strong></span> <span class='ocrx_word' id='word_1_173' title='bbox 856 2359 929 2421; x_wconf 89' lang='lat' dir='ltr'><strong>haec</strong></span> <span class='ocrx_word' id='word_1_174' title='bbox 952 2360 1050 2421; x_wconf 91' lang='lat' dir='ltr'><strong>omnia</strong></span> <span class='ocrx_word' id='word_1_175' title='bbox 1073 2379 1090 2420; x_wconf 90' lang='lat' dir='ltr'><strong>e</strong></span> <span class='ocrx_word' id='word_1_176' title='bbox 1112 2357 1323 2439; x_wconf 81' lang='lat' dir='ltr'><strong>paenultimam</strong></span> <span class='ocrx_word' id='word_1_177' title='bbox 1346 2358 1521 2421; x_wconf 91' lang='lat' dir='ltr'><strong>naturaliter</strong></span> <span class='ocrx_word' id='word_1_178' title='bbox 1541 2377 1607 2440; x_wconf 91' lang='lat' dir='ltr'><strong>pro·</strong></span> 
     </span>
     <span class='ocr_line' id='line_1_21' title="bbox 314 2439 1671 2542; baseline -0.001 -20"><span class='ocrx_word' id='word_1_179' title='bbox 314 2461 432 2527; x_wconf 61' lang='lat' dir='ltr'><strong>ducum</strong></span> <span class='ocrx_word' id='word_1_180' title='bbox 460 2459 580 2522; x_wconf 91' lang='lat' dir='ltr'><strong>hahent.</strong></span> <span class='ocrx_word' id='word_1_181' title='bbox 631 2460 703 2521; x_wconf 91' lang='lat' dir='ltr'><strong>hem</strong></span> <span class='ocrx_word' id='word_1_182' title='bbox 731 2477 821 2540; x_wconf 86' lang='lat' dir='ltr'><strong>caper</strong></span> <span class='ocrx_word' id='word_1_183' title='bbox 849 2460 995 2541; x_wconf 87' lang='lat' dir='ltr'><strong>capellus,</strong></span> <span class='ocrx_word' id='word_1_184' title='bbox 1026 2478 1140 2541; x_wconf 89' lang='lat' dir='ltr'><strong>pannus</strong></span> <span class='ocrx_word' id='word_1_185' title='bbox 1167 2460 1360 2542; x_wconf 90' lang='lat' dir='ltr'><strong>panniculus,</strong></span> <span class='ocrx_word' id='word_1_186' title='bbox 1389 2459 1467 2522; x_wconf 88' lang='lat' dir='ltr'><strong>lilius</strong></span> <span class='ocrx_word' id='word_1_187' title='bbox 1495 2460 1638 2532; x_wconf 73' lang='lat' dir='ltr'><strong>liliolusu</strong></span> <span class='ocrx_word' id='word_1_188' title='bbox 1670 2439 1671 2456; x_wconf 42' lang='lat'>¹</span> 
     </span>
     <span class='ocr_line' id='line_1_22' title="bbox 313 2561 1609 2634; baseline -0.002 -9"><span class='ocrx_word' id='word_1_189' title='bbox 313 2581 421 2626; x_wconf 85' lang='lat' dir='ltr'><strong>urceus</strong></span> <span class='ocrx_word' id='word_1_190' title='bbox 453 2561 606 2634; x_wconf 88' lang='lat' dir='ltr'><strong>urceolus,</strong></span> <span class='ocrx_word' id='word_1_191' title='bbox 642 2562 767 2625; x_wconf 91' lang='lat' dir='ltr'><strong>malleus</strong></span> <span class='ocrx_word' id='word_1_192' title='bbox 803 2561 972 2634; x_wconf 90' lang='lat' dir='ltr'><strong>malleolus;</strong></span> <span class='ocrx_word' id='word_1_193' title='bbox 1018 2564 1163 2624; x_wconf 81' lang='lat' dir='ltr'><strong>Antonius</strong></span> <span class='ocrx_word' id='word_1_194' title='bbox 1196 2570 1295 2625; x_wconf 89' lang='lat' dir='ltr'><strong>autem</strong></span> <span class='ocrx_word' id='word_1_195' title='bbox 1323 2564 1513 2625; x_wconf 72' lang='lat' dir='ltr'><strong>Antoniaster</strong></span> <span class='ocrx_word' id='word_1_196' title='bbox 1545 2564 1609 2626; x_wconf 87' lang='lat' dir='ltr'><strong>lacit</strong></span> 
     </span>
     <span class='ocr_line' id='line_1_23' title="bbox 314 2664 1607 2744; baseline -0.001 -18"><span class='ocrx_word' id='word_1_197' title='bbox 314 2665 538 2736; x_wconf 85' lang='lat' dir='ltr'><strong>diminutiuum‚</strong></span> <span class='ocrx_word' id='word_1_198' title='bbox 568 2683 659 2726; x_wconf 84' lang='lat' dir='ltr'><strong>senex</strong></span> <span class='ocrx_word' id='word_1_199' title='bbox 682 2684 755 2727; x_wconf 88' lang='lat' dir='ltr'><strong>uero</strong></span> <span class='ocrx_word' id='word_1_200' title='bbox 778 2666 897 2727; x_wconf 87' lang='lat' dir='ltr'><strong>senecio</strong></span> <span class='ocrx_word' id='word_1_201' title='bbox 920 2665 998 2726; x_wconf 89' lang='lat' dir='ltr'><strong>lacit.</strong></span> <span class='ocrx_word' id='word_1_202' title='bbox 1043 2664 1117 2726; x_wconf 87' lang='lat' dir='ltr'><strong>Item</strong></span> <span class='ocrx_word' id='word_1_203' title='bbox 1141 2665 1272 2726; x_wconf 80' lang='lat' dir='ltr'><strong>seminini</strong></span> <span class='ocrx_word' id='word_1_204' title='bbox 1294 2666 1415 2744; x_wconf 86' lang='lat' dir='ltr'><strong>generis</strong></span> <span class='ocrx_word' id='word_1_205' title='bbox 1437 2665 1607 2728; x_wconf 90' lang='lat' dir='ltr'><strong>diminutiua</strong></span> 
     </span>
     <span class='ocr_line' id='line_1_24' title="bbox 315 2765 1606 2838; baseline -0.001 -9"><span class='ocrx_word' id='word_1_206' title='bbox 315 2769 436 2830; x_wconf 91' lang='lat' dir='ltr'><strong>nomina</strong></span> <span class='ocrx_word' id='word_1_207' title='bbox 458 2767 511 2828; x_wconf 91' lang='lat' dir='ltr'><strong>has</strong></span> <span class='ocrx_word' id='word_1_208' title='bbox 534 2767 645 2829; x_wconf 89' lang='lat' dir='ltr'><strong>lormas</strong></span> <span class='ocrx_word' id='word_1_209' title='bbox 668 2776 697 2829; x_wconf 91' lang='lat' dir='ltr'><strong>et</strong></span> <span class='ocrx_word' id='word_1_210' title='bbox 719 2767 771 2828; x_wconf 88' lang='lat' dir='ltr'><strong>has</strong></span> <span class='ocrx_word' id='word_1_211' title='bbox 793 2769 1016 2828; x_wconf 86' lang='lat' dir='ltr'><strong>terminationes</strong></span> <span class='ocrx_word' id='word_1_212' title='bbox 1038 2767 1172 2828; x_wconf 90' lang='lat' dir='ltr'><strong>diuersas</strong></span> <span class='ocrx_word' id='word_1_213' title='bbox 1194 2765 1319 2838; x_wconf 88' lang='lat' dir='ltr'><strong>habent,</strong></span> <span class='ocrx_word' id='word_1_214' title='bbox 1344 2766 1402 2828; x_wconf 89' lang='lat' dir='ltr'><strong>hoc</strong></span> <span class='ocrx_word' id='word_1_215' title='bbox 1424 2775 1470 2828; x_wconf 87' lang='lat' dir='ltr'><strong>est</strong></span> <span class='ocrx_word' id='word_1_216' title='bbox 1491 2768 1522 2828; x_wconf 93' lang='lat' dir='ltr'><strong>in</strong></span> <span class='ocrx_word' id='word_1_217' title='bbox 1537 2766 1606 2838; x_wconf 77' lang='lat' dir='ltr'><strong>cula,</strong></span> 
     </span>
     <span class='ocr_line' id='line_1_25' title="bbox 314 2866 1607 2941; baseline 0 -11"><span class='ocrx_word' id='word_1_218' title='bbox 314 2866 428 2940; x_wconf 90' lang='lat' dir='ltr'><strong>inula,</strong></span> <span class='ocrx_word' id='word_1_219' title='bbox 457 2870 488 2931; x_wconf 91' lang='lat' dir='ltr'><strong>in</strong></span> <span class='ocrx_word' id='word_1_220' title='bbox 512 2869 574 2938; x_wconf 92' lang='lat' dir='ltr'><strong>ola,</strong></span> <span class='ocrx_word' id='word_1_221' title='bbox 605 2870 633 2930; x_wconf 91' lang='lat' dir='ltr'><strong>in</strong></span> <span class='ocrx_word' id='word_1_222' title='bbox 657 2868 729 2941; x_wconf 92' lang='lat' dir='ltr'><strong>ella,</strong></span> <span class='ocrx_word' id='word_1_223' title='bbox 758 2870 787 2930; x_wconf 91' lang='lat' dir='ltr'><strong>in</strong></span> <span class='ocrx_word' id='word_1_224' title='bbox 812 2868 896 2940; x_wconf 84' lang='lat' dir='ltr'><strong>xilla,</strong></span> <span class='ocrx_word' id='word_1_225' title='bbox 926 2871 957 2930; x_wconf 90' lang='lat' dir='ltr'><strong>in</strong></span> <span class='ocrx_word' id='word_1_226' title='bbox 979 2869 1044 2940; x_wconf 89' lang='lat' dir='ltr'><strong>illa,</strong></span> <span class='ocrx_word' id='word_1_227' title='bbox 1073 2871 1105 2930; x_wconf 93' lang='lat' dir='ltr'><strong>in</strong></span> <span class='ocrx_word' id='word_1_228' title='bbox 1128 2867 1203 2940; x_wconf 90' lang='lat' dir='ltr'><strong>ulla,</strong></span> <span class='ocrx_word' id='word_1_229' title='bbox 1233 2875 1265 2930; x_wconf 88' lang='lat' dir='ltr'><strong>ut</strong></span> <span class='ocrx_word' id='word_1_230' title='bbox 1286 2869 1402 2931; x_wconf 88' lang='lat' dir='ltr'><strong>anicula</strong></span> <span class='ocrx_word' id='word_1_231' title='bbox 1424 2868 1525 2931; x_wconf 84' lang='lat' dir='ltr'><strong>arcula</strong></span> <span class='ocrx_word' id='word_1_232' title='bbox 1547 2887 1607 2931; x_wconf 90' lang='lat' dir='ltr'><strong>cer·</strong></span> 
     </span>
     <span class='ocr_line' id='line_1_26' title="bbox 314 2969 1638 3051; baseline -0.005 -17"><span class='ocrx_word' id='word_1_233' title='bbox 314 2970 411 3034; x_wconf 88' lang='lat' dir='ltr'><strong>ulcula</strong></span> <span class='ocrx_word' id='word_1_234' title='bbox 433 2970 547 3033; x_wconf 85' lang='lat' dir='ltr'><strong>diecula</strong></span> <span class='ocrx_word' id='word_1_235' title='bbox 569 2970 726 3051; x_wconf 87' lang='lat' dir='ltr'><strong>uulpecula</strong></span> <span class='ocrx_word' id='word_1_236' title='bbox 750 2972 981 3042; x_wconf 78' lang='lat' dir='ltr'><strong>offensiuncula,</strong></span> <span class='ocrx_word' id='word_1_237' title='bbox 1011 2989 1111 3032; x_wconf 90' lang='lat' dir='ltr'><strong>mensa</strong></span> <span class='ocrx_word' id='word_1_238' title='bbox 1134 2970 1282 3042; x_wconf 88' lang='lat' dir='ltr'><strong>mensula,</strong></span> <span class='ocrx_word' id='word_1_239' title='bbox 1311 2971 1416 3033; x_wconf 91' lang='lat' dir='ltr'><strong>siluula</strong></span> <span class='ocrx_word' id='word_1_240' title='bbox 1437 2969 1536 3034; x_wconf 88' lang='lat' dir='ltr'><strong>uetula</strong></span> <span class='ocrx_word' id='word_1_241' title='bbox 1559 2989 1638 3032; x_wconf 75' lang='lat' dir='ltr'><strong>une</strong></span> 
     </span>
     <span class='ocr_line' id='line_1_27' title="bbox 316 3069 1605 3156; baseline -0.001 -22"><span class='ocrx_word' id='word_1_242' title='bbox 316 3073 390 3134; x_wconf 81' lang='lat' dir='ltr'><strong>ciola</strong></span> <span class='ocrx_word' id='word_1_243' title='bbox 414 3070 524 3152; x_wconf 93' lang='lat' dir='ltr'><strong>capella</strong></span> <span class='ocrx_word' id='word_1_244' title='bbox 549 3071 663 3134; x_wconf 80' lang='lat' dir='ltr'><strong>maxilla</strong></span> <span class='ocrx_word' id='word_1_245' title='bbox 681 3070 693 3156; x_wconf 78' lang='grc' dir='ltr'><strong>ΙΙ</strong></span> <span class='ocrx_word' id='word_1_246' title='bbox 709 3072 759 3135; x_wconf 91' lang='lat' dir='ltr'><strong>lol.</strong></span> <span class='ocrx_word' id='word_1_247' title='bbox 775 3069 861 3154; x_wconf 69' lang='lat'>83¹1!</span> <span class='ocrx_word' id='word_1_248' title='bbox 877 3072 1017 3152; x_wconf 81' lang='lat' dir='ltr'><strong>anguilla.</strong></span> <span class='ocrx_word' id='word_1_249' title='bbox 1056 3074 1128 3134; x_wconf 88' lang='lat' dir='ltr'><strong>ltem</strong></span> <span class='ocrx_word' id='word_1_250' title='bbox 1153 3071 1235 3134; x_wconf 89' lang='lat' dir='ltr'><strong>loica</strong></span> <span class='ocrx_word' id='word_1_251' title='bbox 1259 3071 1386 3143; x_wconf 87' lang='lat' dir='ltr'><strong>lurcula,</strong></span> <span class='ocrx_word' id='word_1_252' title='bbox 1411 3072 1506 3134; x_wconf 90' lang='lat' dir='ltr'><strong>uuhes</strong></span> <span class='ocrx_word' id='word_1_253' title='bbox 1521 3073 1605 3135; x_wconf 89' lang='lat' dir='ltr'><strong>nube·</strong></span> 
     </span>
     <span class='ocr_line' id='line_1_28' title="bbox 315 3173 1604 3246; baseline -0.003 -8"><span class='ocrx_word' id='word_1_254' title='bbox 315 3174 396 3246; x_wconf 86' lang='lat' dir='ltr'><strong>cula,</strong></span> <span class='ocrx_word' id='word_1_255' title='bbox 427 3182 491 3235; x_wconf 85' lang='lat' dir='ltr'><strong>rete</strong></span> <span class='ocrx_word' id='word_1_256' title='bbox 518 3175 655 3246; x_wconf 87' lang='lat' dir='ltr'><strong>reticula,</strong></span> <span class='ocrx_word' id='word_1_257' title='bbox 686 3177 787 3237; x_wconf 82' lang='lat' dir='ltr'><strong>ceruix</strong></span> <span class='ocrx_word' id='word_1_258' title='bbox 815 3177 975 3238; x_wconf 88' lang='lat' dir='ltr'><strong>ceruicula.</strong></span> <span class='ocrx_word' id='word_1_259' title='bbox 1020 3175 1095 3236; x_wconf 88' lang='lat' dir='ltr'><strong>hem</strong></span> <span class='ocrx_word' id='word_1_260' title='bbox 1123 3183 1227 3236; x_wconf 89' lang='lat' dir='ltr'><strong>catena</strong></span> <span class='ocrx_word' id='word_1_261' title='bbox 1255 3174 1373 3244; x_wconf 88' lang='lat' dir='ltr'><strong>catella,</strong></span> <span class='ocrx_word' id='word_1_262' title='bbox 1403 3177 1486 3237; x_wconf 89' lang='lat' dir='ltr'><strong>asina</strong></span> <span class='ocrx_word' id='word_1_263' title='bbox 1513 3173 1604 3244; x_wconf 89' lang='lat' dir='ltr'><strong>asella,</strong></span> 
     </span>
     <span class='ocr_line' id='line_1_29' title="bbox 315 3275 1603 3358; baseline -0.002 -19"><span class='ocrx_word' id='word_1_264' title='bbox 315 3277 432 3358; x_wconf 86' lang='lat' dir='ltr'><strong>gemina</strong></span> <span class='ocrx_word' id='word_1_265' title='bbox 454 3275 595 3356; x_wconf 86' lang='lat' dir='ltr'><strong>gemella,</strong></span> <span class='ocrx_word' id='word_1_266' title='bbox 624 3276 762 3339; x_wconf 90' lang='lat' dir='ltr'><strong>columna</strong></span> <span class='ocrx_word' id='word_1_267' title='bbox 786 3277 956 3350; x_wconf 87' lang='lat' dir='ltr'><strong>columella,</strong></span> <span class='ocrx_word' id='word_1_268' title='bbox 986 3277 1083 3339; x_wconf 89' lang='lat' dir='ltr'><strong>lahula</strong></span> <span class='ocrx_word' id='word_1_269' title='bbox 1106 3276 1228 3348; x_wconf 86' lang='lat' dir='ltr'><strong>labella,</strong></span> <span class='ocrx_word' id='word_1_270' title='bbox 1258 3276 1354 3339; x_wconf 93' lang='lat' dir='ltr'><strong>tabula</strong></span> <span class='ocrx_word' id='word_1_271' title='bbox 1380 3276 1501 3348; x_wconf 86' lang='lat' dir='ltr'><strong>tabella,</strong></span> <span class='ocrx_word' id='word_1_272' title='bbox 1524 3295 1603 3358; x_wconf 83' lang='lat' dir='ltr'><strong>capra</strong></span> 
     </span>
     <span class='ocr_line' id='line_1_30' title="bbox 316 3378 1604 3462; baseline -0.005 -19"><span class='ocrx_word' id='word_1_273' title='bbox 316 3380 443 3462; x_wconf 87' lang='lat' dir='ltr'><strong>capella,</strong></span> <span class='ocrx_word' id='word_1_274' title='bbox 468 3378 574 3441; x_wconf 88' lang='lat' dir='ltr'><strong>umbra</strong></span> <span class='ocrx_word' id='word_1_275' title='bbox 597 3379 741 3451; x_wconf 91' lang='lat' dir='ltr'><strong>umbella,</strong></span> <span class='ocrx_word' id='word_1_276' title='bbox 766 3397 856 3459; x_wconf 87' lang='lat' dir='ltr'><strong>puera</strong></span> <span class='ocrx_word' id='word_1_277' title='bbox 881 3380 991 3460; x_wconf 91' lang='lat' dir='ltr'><strong>puella,</strong></span> <span class='ocrx_word' id='word_1_278' title='bbox 1017 3387 1119 3442; x_wconf 86' lang='lat' dir='ltr'><strong>tenera</strong></span> <span class='ocrx_word' id='word_1_279' title='bbox 1142 3378 1265 3449; x_wconf 85' lang='lat' dir='ltr'><strong>tenella,</strong></span> <span class='ocrx_word' id='word_1_280' title='bbox 1289 3379 1397 3441; x_wconf 90' lang='lat' dir='ltr'><strong>misera</strong></span> <span class='ocrx_word' id='word_1_281' title='bbox 1414 3379 1539 3448; x_wconf 84' lang='lat' dir='ltr'><strong>misella,</strong></span> <span class='ocrx_word' id='word_1_282' title='bbox 1560 3396 1604 3439; x_wconf 91' lang='lat' dir='ltr'><strong>ara</strong></span> 
     </span>
     <span class='ocr_line' id='line_1_31' title="bbox 316 3479 1633 3562; baseline -0.005 -18"><span class='ocrx_word' id='word_1_283' title='bbox 316 3481 414 3555; x_wconf 89' lang='lat' dir='ltr'><strong>arula,</strong></span> <span class='ocrx_word' id='word_1_284' title='bbox 448 3481 548 3543; x_wconf 85' lang='lat' dir='ltr'><strong>littera</strong></span> <span class='ocrx_word' id='word_1_285' title='bbox 582 3479 721 3544; x_wconf 87' lang='lat' dir='ltr'><strong>litterula.</strong></span> <span class='ocrx_word' id='word_1_286' title='bbox 773 3483 846 3543; x_wconf 90' lang='lat' dir='ltr'><strong>ltem</strong></span> <span class='ocrx_word' id='word_1_287' title='bbox 883 3489 1057 3544; x_wconf 89' lang='lat' dir='ltr'><strong>neutrorum</strong></span> <span class='ocrx_word' id='word_1_288' title='bbox 1091 3500 1209 3562; x_wconf 86' lang='lat' dir='ltr'><strong>quoque</strong></span> <span class='ocrx_word' id='word_1_289' title='bbox 1244 3481 1355 3542; x_wconf 89' lang='lat' dir='ltr'><strong>lormae</strong></span> <span class='ocrx_word' id='word_1_290' title='bbox 1384 3491 1454 3543; x_wconf 88' lang='lat' dir='ltr'><strong>sunt</strong></span> <span class='ocrx_word' id='word_1_291' title='bbox 1480 3481 1547 3543; x_wconf 87' lang='lat' dir='ltr'><strong>hae:</strong></span> <span class='ocrx_word' id='word_1_292' title='bbox 1577 3481 1633 3539; x_wconf 80' lang='lat' dir='ltr'><strong>inu</strong></span> 
     </span>
     <span class='ocr_line' id='line_1_32' title="bbox 317 3581 1605 3654; baseline -0.005 -8"><span class='ocrx_word' id='word_1_293' title='bbox 317 3584 434 3654; x_wconf 91' lang='lat' dir='ltr'><strong>culum,</strong></span> <span class='ocrx_word' id='word_1_294' title='bbox 463 3586 493 3644; x_wconf 94' lang='lat' dir='ltr'><strong>in</strong></span> <span class='ocrx_word' id='word_1_295' title='bbox 518 3581 627 3652; x_wconf 87' lang='lat' dir='ltr'><strong>tulum,</strong></span> <span class='ocrx_word' id='word_1_296' title='bbox 658 3586 687 3644; x_wconf 93' lang='lat' dir='ltr'><strong>in</strong></span> <span class='ocrx_word' id='word_1_297' title='bbox 709 3584 804 3654; x_wconf 91' lang='lat' dir='ltr'><strong>olum,</strong></span> <span class='ocrx_word' id='word_1_298' title='bbox 834 3585 865 3644; x_wconf 92' lang='lat' dir='ltr'><strong>in</strong></span> <span class='ocrx_word' id='word_1_299' title='bbox 889 3583 993 3654; x_wconf 86' lang='lat' dir='ltr'><strong>ellum,</strong></span> <span class='ocrx_word' id='word_1_300' title='bbox 1023 3585 1051 3644; x_wconf 89' lang='lat' dir='ltr'><strong>ln</strong></span> <span class='ocrx_word' id='word_1_301' title='bbox 1075 3583 1170 3654; x_wconf 91' lang='lat' dir='ltr'><strong>illum,</strong></span> <span class='ocrx_word' id='word_1_302' title='bbox 1200 3585 1231 3644; x_wconf 93' lang='lat' dir='ltr'><strong>in</strong></span> <span class='ocrx_word' id='word_1_303' title='bbox 1254 3581 1361 3654; x_wconf 91' lang='lat' dir='ltr'><strong>ullum,</strong></span> <span class='ocrx_word' id='word_1_304' title='bbox 1384 3585 1415 3646; x_wconf 90' lang='lat' dir='ltr'><strong>in</strong></span> <span class='ocrx_word' id='word_1_305' title='bbox 1439 3582 1551 3645; x_wconf 86' lang='lat' dir='ltr'><strong>xillum:</strong></span> <span class='ocrx_word' id='word_1_306' title='bbox 1577 3589 1605 3640; x_wconf 90' lang='lat' dir='ltr'><strong>ut</strong></span> 
     </span>
     <span class='ocr_line' id='line_1_33' title="bbox 317 3683 1600 3767; baseline -0.004 -18"><span class='ocrx_word' id='word_1_307' title='bbox 317 3683 527 3767; x_wconf 88' lang='lat' dir='ltr'><strong>corpusculum</strong></span> <span class='ocrx_word' id='word_1_308' title='bbox 565 3686 717 3747; x_wconf 90' lang='lat' dir='ltr'><strong>corculum</strong></span> <span class='ocrx_word' id='word_1_309' title='bbox 755 3686 899 3748; x_wconf 78' lang='lat' dir='ltr'><strong>ferculum</strong></span> <span class='ocrx_word' id='word_1_310' title='bbox 937 3686 1097 3765; x_wconf 91' lang='lat' dir='ltr'><strong>capitulum</strong></span> <span class='ocrx_word' id='word_1_311' title='bbox 1135 3684 1299 3749; x_wconf 82' lang='lat' dir='ltr'><strong>laureolum</strong></span> <span class='ocrx_word' id='word_1_312' title='bbox 1336 3685 1474 3748; x_wconf 91' lang='lat' dir='ltr'><strong>lucellum</strong></span> <span class='ocrx_word' id='word_1_313' title='bbox 1511 3685 1600 3747; x_wconf 88' lang='lat' dir='ltr'><strong>uilium</strong></span> 
     </span>
     <span class='ocr_line' id='line_1_34' title="bbox 318 3785 1601 3868; baseline -0.005 -17"><span class='ocrx_word' id='word_1_314' title='bbox 318 3786 477 3856; x_wconf 83' lang='lat' dir='ltr'><strong>uexillum,</strong></span> <span class='ocrx_word' id='word_1_315' title='bbox 507 3805 600 3850; x_wconf 93' lang='lat' dir='ltr'><strong>uuum</strong></span> <span class='ocrx_word' id='word_1_316' title='bbox 623 3787 725 3850; x_wconf 90' lang='lat' dir='ltr'><strong>ullum.</strong></span> <span class='ocrx_word' id='word_1_317' title='bbox 768 3789 842 3850; x_wconf 91' lang='lat' dir='ltr'><strong>ltem</strong></span> <span class='ocrx_word' id='word_1_318' title='bbox 867 3786 932 3868; x_wconf 90' lang='lat' dir='ltr'><strong>plus</strong></span> <span class='ocrx_word' id='word_1_319' title='bbox 954 3786 1135 3868; x_wconf 90' lang='lat' dir='ltr'><strong>plusculum,</strong></span> <span class='ocrx_word' id='word_1_320' title='bbox 1160 3807 1193 3849; x_wconf 93' lang='lat' dir='ltr'><strong>os</strong></span> <span class='ocrx_word' id='word_1_321' title='bbox 1214 3785 1362 3860; x_wconf 88' lang='lat' dir='ltr'><strong>osculum,</strong></span> <span class='ocrx_word' id='word_1_322' title='bbox 1386 3789 1483 3850; x_wconf 88' lang='lat' dir='ltr'><strong>miuus</strong></span> <span class='ocrx_word' id='word_1_323' title='bbox 1504 3788 1601 3848; x_wconf 89' lang='lat' dir='ltr'><strong>miuus·</strong></span> 
     </span>
     <span class='ocr_line' id='line_1_35' title="bbox 319 3888 1601 3971; baseline -0.005 -19"><span class='ocrx_word' id='word_1_324' title='bbox 319 3890 430 3954; x_wconf 90' lang='lat' dir='ltr'><strong>culum.</strong></span> <span class='ocrx_word' id='word_1_325' title='bbox 481 3889 552 3950; x_wconf 88' lang='lat' dir='ltr'><strong>ltcm</strong></span> <span class='ocrx_word' id='word_1_326' title='bbox 582 3907 677 3953; x_wconf 92' lang='lat' dir='ltr'><strong>cornu</strong></span> <span class='ocrx_word' id='word_1_327' title='bbox 705 3889 903 3960; x_wconf 90' lang='lat' dir='ltr'><strong>corniculum,</strong></span> <span class='ocrx_word' id='word_1_328' title='bbox 935 3907 1013 3968; x_wconf 87' lang='lat' dir='ltr'><strong>genu</strong></span> <span class='ocrx_word' id='word_1_329' title='bbox 1041 3890 1226 3968; x_wconf 84' lang='lat' dir='ltr'><strong>geniculum,</strong></span> <span class='ocrx_word' id='word_1_330' title='bbox 1260 3898 1350 3971; x_wconf 87' lang='lat' dir='ltr'><strong>caput</strong></span> <span class='ocrx_word' id='word_1_331' title='bbox 1378 3888 1550 3970; x_wconf 86' lang='lat' dir='ltr'><strong>capitulum,</strong></span> <span class='ocrx_word' id='word_1_332' title='bbox 1576 3889 1601 3946; x_wconf 94' lang='lat' dir='ltr'><strong>in</strong></span> 
     </span>
     <span class='ocr_line' id='line_1_36' title="bbox 318 3990 1630 4074; baseline -0.006 -18"><span class='ocrx_word' id='word_1_333' title='bbox 318 3993 427 4074; x_wconf 86' lang='lat' dir='ltr'><strong>quihus</strong></span> <span class='ocrx_word' id='word_1_334' title='bbox 461 3990 642 4073; x_wconf 85' lang='lat' dir='ltr'><strong>paenultima</strong></span> <span class='ocrx_word' id='word_1_335' title='bbox 676 4000 706 4054; x_wconf 92' lang='lat' dir='ltr'><strong>et</strong></span> <span class='ocrx_word' id='word_1_336' title='bbox 738 3991 987 4071; x_wconf 87' lang='lat' dir='ltr'><strong>antepaouultima</strong></span> <span class='ocrx_word' id='word_1_337' title='bbox 1027 3993 1239 4071; x_wconf 88' lang='lat' dir='ltr'><strong>corripiuntur.</strong></span> <span class='ocrx_word' id='word_1_338' title='bbox 1288 3992 1360 4054; x_wconf 88' lang='lat' dir='ltr'><strong>ltem</strong></span> <span class='ocrx_word' id='word_1_339' title='bbox 1394 3990 1512 4072; x_wconf 92' lang='lat' dir='ltr'><strong>paulum</strong></span> <span class='ocrx_word' id='word_1_340' title='bbox 1542 4004 1630 4070; x_wconf 77' lang='lat' dir='ltr'><strong>pau-u</strong></span> 
     </span>
    </p>
   </div>
   <div class='ocr_carea' id='block_1_3' title="bbox 318 4279 1601 4894">
    <p class='ocr_par' dir='ltr' id='par_1_3' title="bbox 318 4279 1601 4894">
     <span class='ocr_line' id='line_1_37' title="bbox 388 4279 1600 4350; baseline -0.006 -17"><span class='ocrx_word' id='word_1_341' title='bbox 388 4282 570 4334; x_wconf 82' lang='lat' dir='ltr'><strong>lecolesticus</strong></span> <span class='ocrx_word' id='word_1_342' title='bbox 622 4281 755 4348; x_wconf 83' lang='lat' dir='ltr'><strong>agniculus</strong></span> <span class='ocrx_word' id='word_1_343' title='bbox 832 4279 980 4350; x_wconf 80' lang='lat' dir='ltr'><strong>2semper]</strong></span> <span class='ocrx_word' id='word_1_344' title='bbox 1000 4297 1062 4349; x_wconf 82' lang='lat' dir='ltr'><strong>sepe</strong></span> <span class='ocrx_word' id='word_1_345' title='bbox 1139 4280 1254 4334; x_wconf 69' lang='lat' dir='ltr'><strong>diorme</strong></span> <span class='ocrx_word' id='word_1_346' title='bbox 1305 4282 1408 4332; x_wconf 79' lang='lat' dir='ltr'><strong>diuerso</strong></span> <span class='ocrx_word' id='word_1_347' title='bbox 1476 4280 1600 4331; x_wconf 73' lang='lat' dir='ltr'><strong>thenon·</strong></span> 
     </span>
     <span class='ocr_line' id='line_1_38' title="bbox 319 4346 1601 4416; baseline -0.008 -12"><span class='ocrx_word' id='word_1_348' title='bbox 319 4353 357 4404; x_wconf 87' lang='lat' dir='ltr'><strong>tio</strong></span> <span class='ocrx_word' id='word_1_349' title='bbox 408 4351 527 4402; x_wconf 89' lang='lat' dir='ltr'><strong>homulus</strong></span> <span class='ocrx_word' id='word_1_350' title='bbox 546 4351 728 4401; x_wconf 88' lang='lat' dir='ltr'><strong>homouulnlus</strong></span> <span class='ocrx_word' id='word_1_351' title='bbox 798 4348 955 4415; x_wconf 85' lang='lat' dir='ltr'><strong>Priscianus]</strong></span> <span class='ocrx_word' id='word_1_352' title='bbox 974 4351 993 4400; x_wconf 90' lang='lat' dir='ltr'><em>I</em></span> <span class='ocrx_word' id='word_1_353' title='bbox 1007 4367 1033 4416; x_wconf 85' lang='lat' dir='ltr'><strong>p.</strong></span> <span class='ocrx_word' id='word_1_354' title='bbox 1054 4352 1117 4410; x_wconf 81' lang='lat'><strong>102,</strong></span> <span class='ocrx_word' id='word_1_355' title='bbox 1135 4355 1152 4400; x_wconf 84' lang='lat'><strong><em>5</em></strong></span> <span class='ocrx_word' id='word_1_356' title='bbox 1170 4350 1205 4400; x_wconf 90' lang='lat' dir='ltr'><strong>H.</strong></span> <span class='ocrx_word' id='word_1_357' title='bbox 1275 4349 1392 4401; x_wconf 77' lang='lat' dir='ltr'><strong>hlorme</strong></span> <span class='ocrx_word' id='word_1_358' title='bbox 1443 4364 1525 4415; x_wconf 82' lang='lat' dir='ltr'><strong>genus</strong></span> <span class='ocrx_word' id='word_1_359' title='bbox 1570 4346 1601 4394; x_wconf 90' lang='lat' dir='ltr'><strong>di·</strong></span> 
     </span>
     <span class='ocr_line' id='line_1_39' title="bbox 320 4415 1601 4487; baseline -0.005 -16"><span class='ocrx_word' id='word_1_360' title='bbox 320 4435 394 4472; x_wconf 85' lang='lat' dir='ltr'><strong>oerse</strong></span> <span class='ocrx_word' id='word_1_361' title='bbox 457 4419 517 4470; x_wconf 74' lang='lat' dir='ltr'><strong>din</strong></span> <span class='ocrx_word' id='word_1_362' title='bbox 536 4416 606 4487; x_wconf 88' lang='lat' dir='ltr'><strong>olus]</strong></span> <span class='ocrx_word' id='word_1_363' title='bbox 626 4419 651 4469; x_wconf 91' lang='lat' dir='ltr'><strong>in</strong></span> <span class='ocrx_word' id='word_1_364' title='bbox 670 4419 718 4469; x_wconf 90' lang='lat' dir='ltr'><strong>dus</strong></span> <span class='ocrx_word' id='word_1_365' title='bbox 771 4419 829 4469; x_wconf 82' lang='lat' dir='ltr'><strong>&#39;liu</strong></span> <span class='ocrx_word' id='word_1_366' title='bbox 849 4420 894 4469; x_wconf 82' lang='lat' dir='ltr'><strong>itio</strong></span> <span class='ocrx_word' id='word_1_367' title='bbox 913 4420 938 4468; x_wconf 89' lang='lat' dir='ltr'><strong>in</strong></span> <span class='ocrx_word' id='word_1_368' title='bbox 957 4434 1011 4478; x_wconf 89' lang='lat' dir='ltr'><strong>eus,</strong></span> <span class='ocrx_word' id='word_1_369' title='bbox 1030 4418 1115 4470; x_wconf 86' lang='lat' dir='ltr'><strong>om.ln</strong></span> <span class='ocrx_word' id='word_1_370' title='bbox 1135 4419 1203 4468; x_wconf 83' lang='lat' dir='ltr'><strong>tulus</strong></span> <span class='ocrx_word' id='word_1_371' title='bbox 1257 4415 1427 4484; x_wconf 75' lang='lat' dir='ltr'><strong>tillxemplu]</strong></span> <span class='ocrx_word' id='word_1_372' title='bbox 1449 4415 1601 4468; x_wconf 74' lang='lat' dir='ltr'><strong>Snateoden</strong></span> 
     </span>
     <span class='ocr_line' id='line_1_40' title="bbox 318 4482 1600 4556; baseline -0.008 -16"><span class='ocrx_word' id='word_1_373' title='bbox 318 4489 391 4554; x_wconf 69' lang='lat' dir='ltr'><strong>sere,</strong></span> <span class='ocrx_word' id='word_1_374' title='bbox 405 4503 470 4556; x_wconf 84' lang='lat' dir='ltr'><strong>quoe</strong></span> <span class='ocrx_word' id='word_1_375' title='bbox 488 4487 639 4539; x_wconf 73' lang='lat' dir='ltr'><strong>Priscianus</strong></span> <span class='ocrx_word' id='word_1_376' title='bbox 655 4489 748 4539; x_wconf 84' lang='lat' dir='ltr'><strong>attulit.</strong></span> <span class='ocrx_word' id='word_1_377' title='bbox 834 4489 850 4537; x_wconf 87' lang='grc'><strong>3</strong></span> <span class='ocrx_word' id='word_1_378' title='bbox 869 4487 952 4538; x_wconf 80' lang='lat' dir='ltr'><strong>codex</strong></span> <span class='ocrx_word' id='word_1_379' title='bbox 973 4486 1110 4537; x_wconf 85' lang='lat' dir='ltr'><strong>codicellus</strong></span> <span class='ocrx_word' id='word_1_380' title='bbox 1179 4485 1306 4536; x_wconf 86' lang='lat' dir='ltr'><strong>homollus</strong></span> <span class='ocrx_word' id='word_1_381' title='bbox 1325 4496 1350 4536; x_wconf 87' lang='lat' dir='ltr'><strong>et</strong></span> <span class='ocrx_word' id='word_1_382' title='bbox 1367 4486 1500 4536; x_wconf 90' lang='lat' dir='ltr'><strong>homuntio</strong></span> <span class='ocrx_word' id='word_1_383' title='bbox 1577 4482 1600 4530; x_wconf 92' lang='lat' dir='ltr'><strong>lt</strong></span> 
     </span>
     <span class='ocr_line' id='line_1_41' title="bbox 320 4549 1599 4623; baseline -0.007 -16"><span class='ocrx_word' id='word_1_384' title='bbox 320 4572 425 4608; x_wconf 86' lang='lat' dir='ltr'><strong>muscus</strong></span> <span class='ocrx_word' id='word_1_385' title='bbox 494 4566 567 4622; x_wconf 83' lang='lat' dir='ltr'><strong>pater</strong></span> <span class='ocrx_word' id='word_1_386' title='bbox 584 4565 657 4623; x_wconf 81' lang='lat' dir='ltr'><strong>peter</strong></span> <span class='ocrx_word' id='word_1_387' title='bbox 742 4557 774 4605; x_wconf 83' lang='lat'><strong>14</strong></span> <span class='ocrx_word' id='word_1_388' title='bbox 791 4555 880 4605; x_wconf 88' lang='lat' dir='ltr'><strong>llectus</strong></span> <span class='ocrx_word' id='word_1_389' title='bbox 900 4555 1038 4606; x_wconf 87' lang='lat' dir='ltr'><strong>hecticulus</strong></span> <span class='ocrx_word' id='word_1_390' title='bbox 1116 4557 1148 4605; x_wconf 81' lang='grc'><strong>17</strong></span> <span class='ocrx_word' id='word_1_391' title='bbox 1166 4554 1248 4605; x_wconf 87' lang='lat' dir='ltr'><strong>cultus</strong></span> <span class='ocrx_word' id='word_1_392' title='bbox 1319 4556 1350 4605; x_wconf 81' lang='lat'><strong>19</strong></span> <span class='ocrx_word' id='word_1_393' title='bbox 1368 4553 1514 4620; x_wconf 84' lang='lat' dir='ltr'><strong>penitimam</strong></span> <span class='ocrx_word' id='word_1_394' title='bbox 1575 4549 1599 4598; x_wconf 78' lang='lat' dir='ltr'><strong>ll</strong></span> 
     </span>
     <span class='ocr_line' id='line_1_42' title="bbox 322 4621 1599 4687; baseline -0.009 -12"><span class='ocrx_word' id='word_1_395' title='bbox 322 4627 402 4675; x_wconf 87' lang='lat' dir='ltr'><strong>ortine</strong></span> <span class='ocrx_word' id='word_1_396' title='bbox 421 4623 527 4676; x_wconf 86' lang='lat' dir='ltr'><strong>crtinhrs</strong></span> <span class='ocrx_word' id='word_1_397' title='bbox 596 4622 713 4676; x_wconf 68' lang='lat' dir='ltr'><strong>antonias</strong></span> <span class='ocrx_word' id='word_1_398' title='bbox 730 4622 791 4673; x_wconf 83' lang='lat' dir='ltr'><strong>lacit</strong></span> <span class='ocrx_word' id='word_1_399' title='bbox 858 4625 891 4673; x_wconf 75' lang='lat'><strong>22</strong></span> <span class='ocrx_word' id='word_1_400' title='bbox 909 4625 999 4674; x_wconf 84' lang='lat' dir='ltr'><strong>senitio</strong></span> <span class='ocrx_word' id='word_1_401' title='bbox 1069 4624 1102 4672; x_wconf 79' lang='lat'><strong>24</strong></span> <span class='ocrx_word' id='word_1_402' title='bbox 1120 4625 1145 4673; x_wconf 90' lang='lat' dir='ltr'><strong>in</strong></span> <span class='ocrx_word' id='word_1_403' title='bbox 1163 4621 1234 4687; x_wconf 70' lang='lat' dir='ltr'><strong>prilla]</strong></span> <span class='ocrx_word' id='word_1_404' title='bbox 1253 4623 1278 4670; x_wconf 92' lang='lat' dir='ltr'><strong>in</strong></span> <span class='ocrx_word' id='word_1_405' title='bbox 1297 4623 1362 4686; x_wconf 74' lang='lat' dir='ltr'><strong>sylla</strong></span> <span class='ocrx_word' id='word_1_406' title='bbox 1413 4621 1528 4671; x_wconf 82' lang='lat' dir='ltr'><strong>annicula</strong></span> <span class='ocrx_word' id='word_1_407' title='bbox 1568 4631 1599 4666; x_wconf 85' lang='lat' dir='ltr'><strong>ar·</strong></span> 
     </span>
     <span class='ocr_line' id='line_1_43' title="bbox 321 4684 1601 4758; baseline -0.008 -16"><span class='ocrx_word' id='word_1_408' title='bbox 321 4693 388 4753; x_wconf 88' lang='lat' dir='ltr'><strong>cula]</strong></span> <span class='ocrx_word' id='word_1_409' title='bbox 407 4692 528 4744; x_wconf 82' lang='lat' dir='ltr'><strong>ornacula</strong></span> <span class='ocrx_word' id='word_1_410' title='bbox 596 4694 628 4744; x_wconf 77' lang='lat'><strong>25</strong></span> <span class='ocrx_word' id='word_1_411' title='bbox 646 4691 746 4742; x_wconf 80' lang='lat' dir='ltr'><strong>diecula</strong></span> <span class='ocrx_word' id='word_1_412' title='bbox 798 4690 926 4758; x_wconf 84' lang='lat' dir='ltr'><strong>oulplculo</strong></span> <span class='ocrx_word' id='word_1_413' title='bbox 970 4689 1144 4741; x_wconf 80' lang='lat' dir='ltr'><strong>offensiulcule</strong></span> <span class='ocrx_word' id='word_1_414' title='bbox 1179 4691 1275 4742; x_wconf 82' lang='lat' dir='ltr'><strong>unciola</strong></span> <span class='ocrx_word' id='word_1_415' title='bbox 1342 4691 1375 4740; x_wconf 80' lang='lat'><strong>26</strong></span> <span class='ocrx_word' id='word_1_416' title='bbox 1393 4689 1504 4740; x_wconf 81' lang='lat' dir='ltr'><strong>anuuille</strong></span> <span class='ocrx_word' id='word_1_417' title='bbox 1541 4684 1601 4735; x_wconf 90' lang='lat' dir='ltr'><strong>nubi·</strong></span> 
     </span>
     <span class='ocr_line' id='line_1_44' title="bbox 322 4749 1599 4826; baseline -0.005 -17"><span class='ocrx_word' id='word_1_418' title='bbox 322 4760 378 4810; x_wconf 86' lang='lat' dir='ltr'><strong>cula</strong></span> <span class='ocrx_word' id='word_1_419' title='bbox 446 4761 478 4811; x_wconf 76' lang='lat'><strong>2⁷</strong></span> <span class='ocrx_word' id='word_1_420' title='bbox 496 4771 562 4811; x_wconf 81' lang='lat' dir='ltr'><strong>retes</strong></span> <span class='ocrx_word' id='word_1_421' title='bbox 636 4761 670 4812; x_wconf 79' lang='lat'><strong>28</strong></span> <span class='ocrx_word' id='word_1_422' title='bbox 687 4759 838 4809; x_wconf 81' lang='lat' dir='ltr'><strong>columnella</strong></span> <span class='ocrx_word' id='word_1_423' title='bbox 923 4761 957 4811; x_wconf 77' lang='lat'><strong>29</strong></span> <span class='ocrx_word' id='word_1_424' title='bbox 974 4757 1083 4826; x_wconf 76' lang='lat' dir='ltr'><strong>caprelis</strong></span> <span class='ocrx_word' id='word_1_425' title='bbox 1169 4761 1202 4811; x_wconf 88' lang='grc'><strong>30</strong></span> <span class='ocrx_word' id='word_1_426' title='bbox 1220 4757 1301 4809; x_wconf 76' lang='lat' dir='ltr'><strong>forrare</strong></span> <span class='ocrx_word' id='word_1_427' title='bbox 1386 4760 1417 4809; x_wconf 90' lang='grc'><strong>31</strong></span> <span class='ocrx_word' id='word_1_428' title='bbox 1436 4757 1462 4807; x_wconf 93' lang='lat' dir='ltr'><strong>in</strong></span> <span class='ocrx_word' id='word_1_429' title='bbox 1480 4749 1564 4819; x_wconf 83' lang='lat' dir='ltr'><strong>tulum]</strong></span> <span class='ocrx_word' id='word_1_430' title='bbox 1581 4753 1599 4798; x_wconf 80' lang='lat' dir='ltr'><strong>iu</strong></span> 
     </span>
     <span class='ocr_line' id='line_1_45' title="bbox 322 4825 1498 4894; baseline -0.003 -16"><span class='ocrx_word' id='word_1_431' title='bbox 322 4827 392 4878; x_wconf 89' lang='lat' dir='ltr'><strong>iilum</strong></span> <span class='ocrx_word' id='word_1_432' title='bbox 461 4827 486 4877; x_wconf 90' lang='lat' dir='ltr'><strong>in</strong></span> <span class='ocrx_word' id='word_1_433' title='bbox 505 4825 606 4894; x_wconf 75' lang='lat' dir='ltr'><strong>nillum]</strong></span> <span class='ocrx_word' id='word_1_434' title='bbox 627 4829 652 4877; x_wconf 91' lang='lat' dir='ltr'><strong>in</strong></span> <span class='ocrx_word' id='word_1_435' title='bbox 671 4827 764 4890; x_wconf 68' lang='lat' dir='ltr'><strong>nullum</strong></span> <span class='ocrx_word' id='word_1_436' title='bbox 833 4827 1014 4894; x_wconf 71' lang='lat' dir='ltr'><strong>theophilum</strong></span> <span class='ocrx_word' id='word_1_437' title='bbox 1083 4829 1116 4878; x_wconf 89' lang='grc'><strong>33</strong></span> <span class='ocrx_word' id='word_1_438' title='bbox 1135 4827 1251 4877; x_wconf 77' lang='lat' dir='ltr'><strong>uixillum</strong></span> <span class='ocrx_word' id='word_1_439' title='bbox 1319 4827 1352 4878; x_wconf 83' lang='grc'><strong>34</strong></span> <span class='ocrx_word' id='word_1_440' title='bbox 1370 4825 1498 4893; x_wconf 81' lang='lat' dir='ltr'><strong>capitilum</strong></span> 
     </span>
    </p>
   </div>
   <div class='ocr_carea' id='block_1_4' title="bbox 0 0 1721 5444">
    <p class='ocr_par' dir='ltr' id='par_1_4' title="bbox 0 0 1721 5444">
     <span class='ocr_line' id='line_1_46' title="bbox 0 0 1721 5444; baseline 0 0"><span class='ocrx_word' id='word_1_441' title='bbox 0 0 1721 5444; x_wconf 95' lang='lat' dir='ltr'><strong> </strong></span> 
     </span>
    </p>
   </div>
  </div>
 </body>
</html>
