3420 5450
955 1059 1035 1140 II.

529 1239 658 1322 ARS
691 1239 946 1323 ASPERI
978 1238 1448 1323 GRAMMATICI.

925 1561 1008 1628 Coe.
1030 1561 1058 1627 I.

539 1775 542 1782 Ι
609 1679 667 1745 ΒΕ
690 1679 860 1747 ASPERO
883 1679 983 1747 olvs
1005 1680 1134 1798 ARTJS
1156 1679 1370 1748 AVCTORE.
1419 1735 1423 1744 .

431 1825 476 1885 De
497 1824 615 1901 Aspero
634 1825 834 1899 drammatico
855 1823 919 1884 eius
939 1825 1068 1884 nominis
1095 1825 1198 1897 tertio,
1228 1825 1314 1884 cuius
1336 1829 1433 1882 artem
1462 1824 1505 1883 ad
1524 1823 1632 1882 Donati

348 1929 518 2004 exemplum
539 1927 685 2002 scriptam
706 1927 756 1985 bic
772 1927 906 2001 primurn
922 1926 1041 2001 publici
1061 1926 1136 1986 iuris
1153 1924 1303 1999 sacimas,
1336 1926 1545 2000 disputatoria
1572 1927 1630 2002 ipso
1684 1990 1685 2014 ἢ

337 2031 530 2108 -auoestionis
552 2029 638 2088 initio
659 2043 720 2088 non
736 2043 861 2104 possum
884 2043 944 2088 non
966 2028 1059 2088 libere
1076 2027 1189 2102 soteri,
1210 2026 1296 2101 salso
1310 2044 1357 2088 me
1375 2033 1447 2086 ante
1466 2028 1520 2088 bos
1542 2043 1632 2086 annos
1684 2089 1685 2092 ,

346 2140 406 2194 tres
428 2134 460 2192 in
486 2131 668 2191 scholiorum
690 2127 889 2190 Beruensium
911 2131 954 2189 ad
982 2131 1111 2204 Verptlti
1141 2127 1286 2190 Bucolica
1313 2136 1342 2202 et
1371 2107 1520 2204 aeoptcb
1544 2131 1632 2204 pcrti-

346 2236 479 2295 nentium
496 2231 698 2310 praefatione
712 2247 748 2307 p.
775 2237 842 2306 727,
868 2238 907 2290 24
929 2233 1058 2308 Asprwn
1080 2249 1165 2306 quem
1187 2238 1300 2292 uocant
1321 2233 1474 2292 Iuniorem
1498 2226 1545 2312 (p.
1564 2237 1634 2289 1725

346 2341 466 2395 -1736
482 2335 522 2404 P;
542 2350 672 2411 pramm.
695 2332 762 2392 Lat.
794 2334 858 2392 Vol.
883 2333 958 2410 Vp.
985 2341 1150 2393 547-554
1171 2330 1217 2416 K)
1240 2335 1368 2394 mallem
1390 2350 1452 2394 esse
1473 2334 1635 2394 credidisse
1685 2358 1686 2382 t

347 2446 437 2514 atque
458 2437 552 2511 bunc,
578 2453 617 2496 ex
639 2452 697 2511 quo
711 2435 804 2496 scbol.
822 2435 914 2494 Bern.
933 2435 1042 2511 Georp.
1059 2436 1205 2497 1111233
1221 2430 1265 2516 (μ,
1282 2431 1352 2516 363)
1371 2437 1498 2513 fluxisse
1513 2436 1635 2495 ostendi.

347 2541 440 2602 Recte
470 2541 547 2599 enim
580 2539 730 2598 Henricus
757 2536 874 2598 Kellios
906 2539 938 2597 in
968 2537 1168 2614 praefatione
1197 2540 1297 2614 Aspro
1323 2539 1447 2600 Iuniori
1468 2540 1637 2615 praemissa

342 2662 377 2721 p.
395 2649 453 2702 530
475 2642 629 2715 utriusque
651 2640 785 2700 aratoris
806 2639 941 2700 babitans
964 2641 1042 2700 adeo
1063 2643 1143 2700 inter
1163 2657 1195 2702 se
1214 2643 1367 2702 diuersum
1389 2657 1452 2701 esse
1472 2641 1636 2711 contendit,

347 2752 381 2806 ut
402 2746 529 2822 alterum
555 2759 595 2803 ex
623 2744 720 2802 altero
738 2744 866 2818 fluxisse
887 2743 1006 2802 minime
1031 2744 1119 2803 credi
1139 2745 1245 2819 possit.
1290 2743 1372 2804 linos
1393 2745 1488 2818 ipitur
1509 2744 1638 2818 Asperos
1686 2783 1687 2792 .

347 2838 481 2909 iuniores
494 2851 660 2905 statuamus
675 2849 807 2920 oportet,
832 2860 958 2920 quorum
980 2847 1021 2920 is,
1046 2845 1308 2924 omnimodae,
1331 2861 1510 2921 quamquam
1530 2860 1639 2920 parcan

348 2952 380 3009 in
402 2964 437 3008 eo
459 2948 617 3007 doctrinae
639 2948 804 3021 inuenitur,
828 2954 942 3022 tamen,
967 2949 1039 3022 quia
1062 2948 1097 3008 ob
1125 2949 1262 3008 codicum
1289 2950 1531 3023 scriptoremque
1558 2948 1638 3006 barro

349 3057 444 3110 artem
471 3050 662 3109 laudantium
690 3054 866 3109 uetustatem
893 3066 953 3111 non
975 3057 1047 3127 post
1073 3052 1229 3126 septimum
1252 3047 1323 3122 sere
1349 3051 1502 3110 saeculum
1530 3051 1642 3110 uixisse

344 3151 581 3229 putandumst,
605 3150 691 3210 baud
711 3152 854 3227 indipnus
875 3153 950 3213 mibi
969 3153 1139 3224 uidebatur,
1164 3153 1218 3227 qui
1230 3169 1271 3212 ea
1292 3151 1541 3214 bibliothecarum
1563 3159 1642 3210 tenc·

348 3255 411 3314 bris
431 3260 553 3329 ereptus
573 3254 605 3313 in
625 3254 721 3313 lueern
749 3254 915 3328 aliquando
935 3256 1093 3330 prodiret,
1119 3254 1299 3330 praesertim
1326 3270 1394 3314 cum
1420 3270 1490 3314 eum
1512 3269 1532 3311 a
1553 3252 1646 3312 medii

350 3358 424 3416 aeui
442 3356 632 3431 urtiprapbis
648 3355 767 3431 passim
788 3358 820 3416 in
843 3359 991 3418 armiliam
1018 3358 1128 3418 uocari
1148 3356 1437 3417 animaduertissem.
1482 3355 1645 3414 Laudatur

349 3459 428 3519 enim
450 3458 488 3517 ab
511 3459 587 3518 artis
609 3457 773 3518 Bernensis
793 3475 965 3538 anonymae
986 3465 1112 3520 auctore
1132 3459 1176 3519 bis
1191 3476 1227 3536 p.
1254 3464 1324 3532 133,
1351 3463 1388 3516 22
1409 3464 1438 3517 et
1454 3473 1491 3534 p.
1516 3463 1582 3530 133,
1609 3461 1645 3513 32

349 3577 445 3636 neque
461 3561 559 3636 parui
573 3557 768 3635 fusionem,
793 3562 876 3636 quod
895 3562 1111 3624 ascbolioram
1127 3561 1325 3622 Bernensium
1348 3576 1466 3636 qaoque
1486 3560 1647 3618 collectore

350 3663 395 3724 ad
414 3662 650 3739 interpretanda
680 3661 808 3738 Verpilii
827 3663 921 3726 uerba
944 3665 1098 3726 adbibitus
1120 3671 1173 3724 est.

655 3979 658 3982 .
921 3915 1004 3981 Coe.
1027 3914 1073 3981 II.

712 4032 772 4099 Dte
794 4031 936 4100 LIBRIS
958 4031 1087 4098 MANV
1089 4029 1290 4099 SCRIPTIS.

436 4176 533 4251 Atque
555 4175 593 4236 de
614 4175 742 4236 nominis
763 4178 917 4252 scriptura
938 4191 1006 4236 curn
1029 4191 1089 4236 non
1113 4176 1285 4252 discrepent
1305 4175 1385 4234 inter
1399 4191 1431 4234 se
1450 4173 1524 4235 libri
1542 4190 1651 4233 mano-

351 4281 461 4354 scripti
480 4295 500 4337 a
522 4278 621 4340 Keilio
637 4296 673 4355 p.
699 4283 756 4337 ⁵29
776 4281 918 4338 recensiti
939 4277 997 4353 (cs.
1015 4277 1140 4338 Hermes
1162 4278 1182 4338 I
1203 4283 1272 4353 2p.
1290 4279 1376 4354 333),
1399 4279 1430 4336 in
1453 4277 1559 4351 quibus
1585 4279 1652 4334 ‘ars

352 4381 457 4457 Aspri’
480 4381 529 4440 uel
551 4378 681 4457 ‘Aspen'
705 4382 930 4456 scriptumest,
956 4381 1071 4441 dnobus
1094 4381 1171 4439 artis
1192 4377 1359 4438 dernensis
1381 4395 1552 4458 anonymae
1576 4381 1653 4438 Iocis

352 4499 448 4559 supra
476 4483 565 4542 dictis
592 4491 621 4542 et
649 4485 680 4542 in
707 4482 812 4543 coelice
833 4484 984 4543 Bernensi
1006 4489 1063 4540 237
1084 4481 1137 4541 sub
1159 4481 1272 4542 calcem
1300 4487 1451 4541 tractatus
1469 4485 1567 4557 ipsias
1592 4499 1653 4542 non

353 4586 485 4660 ‘Asper',
514 4585 568 4644 sed
590 4583 771 4661 ‘Asperius’
794 4585 917 4660 dicitur,
941 4583 985 4656 cf.
1004 4601 1038 4660 p.
1065 4591 1115 4658 61,
1142 4590 1177 4642 m
1199 4584 1303 4643 adnot.
1313 4577 1346 4662 *)
1392 4581 1593 4654 Quamobrem
1618 4585 1656 4642 cte

438 4769 466 4835 *)
485 4771 645 4836 ‘Asporius’
668 4782 772 4821 uocatur
799 4771 824 4820 in
850 4782 907 4821 arte
924 4771 1010 4835 aliqua
1027 4769 1123 4819 codicis
1142 4769 1251 4821 Parisioi
1271 4783 1308 4819 ns.
1328 4767 1409 4828 7560,
1437 4769 1470 4821 oi.
1490 4769 1520 4821 H.
1539 4770 1656 4820 Keiiium

354 4839 438 4892 Herm.
457 4841 588 4906 1p.331‚
608 4849 632 4889 et
650 4838 677 4896 C.
696 4839 833 4890 Tburotum
852 4839 976 4890 ‘Extraits
994 4839 1039 4889 des
1058 4839 1223 4890 manuscrits'
1242 4847 1303 4892 tom.
1324 4835 1398 4886 xxo
1416 4850 1481 4903 part.
1500 4842 1515 4890 2
1533 4855 1559 4906 p.
1576 4841 1624 4894 62.
