3412 5452
581 367 630 418 22
648 365 945 420 2222222222.
1082 377 1140 442 ⁴,
1279 381 1413 431 cxxx1x

115 555 230 616 muniri
252 553 393 616 arbitrari
415 555 586 618 adnuntiari
609 553 706 618 uideri
728 558 825 635 aptari
840 555 987 619 celebrari
1003 557 1115 637 placari
1132 565 1274 618 21221222
1295 557 1412 627 similia,

117 659 142 718 si
165 659 301 719 infinitus
322 656 427 719 arodus
449 658 555 729 luerit,
579 662 589 720 1
612 658 712 720 1111222
735 661 925 719 terminatur.

203 758 340 822 Celebrat
362 767 497 821 ceterum
520 763 632 822 cecitas
654 777 740 821 cesus
763 759 873 821 cecidit
888 760 1022 822 cerulum
1045 769 1075 822 21
1096 768 1194 822 cetera
1218 760 1327 822 similia
1349 763 1414 822 siue

115 881 132 922 a
157 863 190 922 iu
212 863 310 942 capito
332 859 524 923 scribendum
547 869 601 922 est.

204 961 325 1025 Caelum
354 961 495 1024 caelestia
524 971 555 1024 et
583 970 684 1024 cetera
712 962 749 1024 ad
776 964 890 1025 caelum
918 967 1100 1044 pertinentia
1129 983 1183 1044 per
1212 985 1228 1025 a
1255 963 1413 1026 scribenda

113 1073 197 1126 suut.
244 1063 404 1126 Sciendum
426 1082 513 1135 sane,
537 1067 607 1146 quia
630 1065 743 1126 nullum
765 1083 799 1125 ee
822 1083 876 1144 per
899 1083 914 1125 a
937 1064 1144 1135 scribendum,
1168 1069 1226 1127 uisi
1248 1065 1362 1127 caelum
1385 1073 1415 1127 et

114 1173 218 1228 cetera
241 1165 277 1229 ad
302 1183 370 1227 euru
393 1165 618 1247 pertinentia.*)

205 1268 289 1340 (inae
321 1275 416 1329 restat
448 1275 558 1345 quarto
591 1270 659 1329 loco
689 1271 788 1346 posita
820 1270 1100 1346 orticarapltia
1134 1273 1410 1344 Einsidlensis,

114 1388 184 1432 eam
200 1369 370 1432 uenerandi
385 1373 488 1431 Patris
503 1373 585 1432 02111
600 1369 721 1431 Marelii
743 1369 879 1433 amicitia
902 1381 1047 1433 docmate
1069 1372 1253 1448 descriptam
1275 1390 1291 1432 e
1312 1374 1416 1434 codice
1496 1413 1499 1420 -

116 1481 176 1532 281
202 1490 282 1534 2222.
306 1473 357 1533 IX
383 1471 459 1534 mibi
485 1470 698 1534 liberalissime
729 1475 877 1534 edendam
907 1477 1082 1536 transmisit.
1136 1476 1299 1551 0121122122
1327 1476 1415 1537 nutus

114 1577 189 1636 iibri
216 1577 402 1636 22222122
430 1581 639 1650 oruamentum
666 1573 828 1637 enarrasti!
850 1577 955 1636 Gallus
977 1578 1124 1638 Marelius
1149 1575 1270 1652 ipsein
1297 1578 1414 1653 supple·

115 1684 232 1751 menta,
258 1695 317 1752 qno
339 1677 443 1737 Caroli
458 1676 571 1736 Halmii
589 1679 768 1752 scriptorum
790 1675 1060 1738 ecelesiasticorum
1081 1677 1116 1738 in
1132 1679 1288 1739 Heluetiae
1308 1679 1415 1739 biblio-

115 1779 212 1840 titecis
245 1781 478 1840 adseruaturum
510 1780 682 1854 eataiopum
712 1781 844 1840 adauxit
871 1797 900 1839 a.
932 1787 1009 1840 1867
1039 1777 1329 1854 (Sitzuuosberielite
1360 1780 1416 1839 der

110 1879 322 1957 philos-dist.
353 1880 453 1942 Classe
481 1883 536 1940 der
563 1881 831 1942 transiliendam
860 1884 915 1972 der
939 1882 1195 1955 Wissensclrasteu
1218 1888 1283 1941 tom.
1306 1881 1364 1943 LV
1380 1898 1413 1957 p.

120 1980 313 2062 248-261),
338 1999 373 2058 p.
399 1988 466 2041 260.
493 1989 562 2057 261,
586 1982 631 2056 cs.
650 2000 683 2058 p.
710 1990 779 2042 245.
805 1989 874 2042 242.
901 1991 959 2042 247
980 2002 1002 2045 s.
1024 2001 1055 2072 u.
1078 1985 1278 2059 Aupnstinus,
1296 2001 1330 2059 p.
1355 1989 1415 2042 248

115 2104 142 2146 s.
166 2103 196 2144 u.
220 2085 418 2157 Benedictus,
437 2101 472 2160 2.
497 2091 555 2143 249
577 2103 600 2144 s.
624 2101 654 2144 a.
678 2083 855 2164 Caesarius,
877 2100 908 2160 2.
935 2091 1087 2148 25122.
1111 2085 1191 2160 Eia,
1212 2102 1246 2162 p.
1264 2073 1324 2144 222
1343 2103 1367 2146 2.
1385 2103 1415 2146 u.

118 2187 310 2262 Gennadius,
331 2203 363 2262 p.
390 2193 447 2246 223
468 2204 492 2246 2.
516 2205 545 2246 2.
570 2187 762 2261 Halitparius
782 2193 813 2247 et
833 2187 1011 2261 Heraclius,
1031 2205 1066 2264 2.
1092 2195 1149 2246 258
1171 2205 1194 2247 2.
1217 2204 1247 2246 2.
1271 2187 1413 2262 Prosper.

116 2291 229 2363 ltaque
256 2289 314 2349 troc
341 2287 479 2362 sufficiat
504 2291 666 2365 monuisse,
697 2289 948 2365 ortboorapbiam
975 2290 1075 2350 media
1103 2291 1184 2349 inter
1210 2286 1415 2350 ecclesiastico

117 2392 204 2451 nullo
230 2389 412 2465 interposito
439 2388 540 2466 spatio
567 2387 715 2450 insertam
742 2407 804 2451 esse
826 2392 889 2452 eius
909 2393 982 2452 lidri
996 2409 1031 2468 p.
1054 2398 1093 2450 53
1113 2407 1206 2452 manu
1227 2407 1305 2452 saec.
1336 2390 1417 2451 VIII

118 2492 242 2553 2211Χ
261 2477 890 2572 22212122,22222112222122222222
918 2499 1051 2574 rescipit
1076 2497 1169 2555 titudo.

683 2779 765 2843 (lar.
786 2778 849 2844 Ill.

145 2913 458 2979 2212222212
481 2911 866 2980 ORTHOGRAPHIGIS
888 2913 916 2978 E
939 2913 1141 2981 DIVERSIS
1164 2913 1393 2982 OODlGIBVS

481 3013 788 3082 BuuNuNslssvs
811 3015 1052 3083 OOLLEUPIS.

204 3176 335 3235 Praeter
361 3172 500 3251 intearas
527 3191 628 3234 rerum
652 3175 957 3250 ortltoprapdicorum
979 3176 1180 3245 collectiones,
1209 3193 1284 3252 quos
1306 3176 1336 3235 in
1358 3177 1415 3237 lroc

114 3278 194 3338 libro
222 3274 321 3351 edidi,
351 3274 491 3352 ananias
518 3294 635 3353 qnoque
656 3277 874 3352 explicationes
895 3275 923 3337 si
943 3275 1084 3338 inuenire
1107 3295 1224 3354 possem
1245 3280 1362 3355 passim
1384 3280 1415 3338 in

115 3377 206 3440 libris
232 3381 446 3456 manuscriptis
473 3379 626 3455 dispersos
655 3395 779 3454 operam
801 3379 878 3438 dans
896 3377 1057 3454 olossariis
1079 3377 1200 3441 Latinis
1216 3385 1415 3456 perscrutan-

118 3483 167 3541 dis
188 3488 317 3556 excepto
338 3483 405 3542 cod.
432 3488 484 3555 16,
510 3482 548 3540 de
569 3495 626 3556 qno
647 3497 743 3557 snpra
765 3482 846 3554 dixi,
870 3482 947 3541 uitii
968 3481 1102 3558 profeci.
1151 3481 1263 3542 Tamen
1291 3484 1323 3541 iu
1345 3483 1414 3543 cod.

121 3589 180 3642 258
202 3598 281 3643 2222.
304 3583 356 3643 IX
373 3591 464 3658 porte
485 3599 538 3660 eo,
562 3600 623 3658 quo
645 3586 754 3644 ueteris
775 3599 813 3642 22
833 3585 908 3643 noui
928 3587 1099 3645 testamenti
1116 3585 1235 3659 aiassae
1256 3584 1413 3652 labentur,

115 3685 144 3758 s.
170 3691 226 3743 17⁶
248 3687 306 3746 cot.
327 3685 346 3746 Ι
368 3685 589 3745 Cassiodori
608 3687 717 3746 mentio
739 3687 849 3746 iniecta
871 3691 915 3744 est
934 3689 1119 3761 sinaularem
1142 3688 1174 3746 in
1196 3687 1331 3747 modum:

118 3857 347 3868 ———-—.

187 3971 216 4037 ιιι)
245 3972 347 4025 Codicis
371 3971 601 4040 Sangermaneusis
625 3975 691 4024 4629
710 3989 735 4038 2.
755 3975 805 4025 220
826 3989 841 4023 u
862 3974 976 4025 Tlruroto
1000 3975 1106 4024 cultibili
1134 3974 1182 4024 222
1209 3983 1269 4024 2221
1295 3975 1415 4024 lectiones

120 4059 219 4094 uariae:

186 4127 213 4177 p.
231 4113 291 4174 299,
310 4112 342 4160 31
361 4126 408 4177 222
424 4125 451 4160 22
467 4111 472 4176 Ι
486 4112 519 4162 32
537 4125 583 4175 222
602 4125 633 4158 uu
650 4108 655 4174 Ι
670 4112 703 4161 33
720 4109 893 4160 accumulatus
912 4125 958 4177 per
975 4125 1004 4159 22
1018 4108 1022 4174 Ι
1037 4113 1096 4169 300,
1116 4111 1130 4160 1
1149 4119 1272 4175 aggestus
1291 4125 1337 4174 per
1354 4124 1390 4176 gg
1410 4111 1415 4172 Ι

118 4185 135 4231 4
153 4189 193 4230 221
209 4195 257 4231 orn.
273 4177 278 4243 Ι
294 4178 409 4247 21112222
424 4176 428 4242 Ι
444 4181 460 4230 9
477 4177 593 4228 21112222
608 4176 614 4243 Ι
630 4181 661 4229 10
678 4178 828 4242 complexus
846 4178 1018 4244 compeudeus
1034 4177 1039 4242 Ι
1056 4181 1084 4226 11
1104 4178 1216 4228 imitator
1237 4176 1242 4241 Ι
1261 4179 1292 4228 12
1310 4177 1390 4227 littera
1411 4173 1416 4242 Ι

122 4252 276 4298 1721122122
294 4263 340 4298 orn.
356 4247 361 4309 Ι
376 4258 459 4296 sartos
478 4244 529 4311 119
546 4257 651 4296 2212222
667 4243 671 4309 Ι
686 4247 720 4296 20
738 4245 850 4309 (adnot.)
869 4261 942 4298 22222
960 4261 1032 4297 meos
1051 4261 1065 4296 e
1083 4260 1134 4296 nou
1152 4247 1160 4295 i
1175 4244 1181 4310 Ι
1195 4247 1228 4296 22
1246 4246 1360 4312 preteriti
1378 4257 1418 4296 est

120 4317 243 4382 temporis
259 4313 264 4380 Ι
278 4317 312 4366 23
330 4315 452 4379 temporis
470 4325 510 4364 221
526 4313 604 4365 121221
620 4314 624 4377 Ι
639 4315 672 4364 21
690 4313 808 4379 21222211
824 4313 974 4378 1111222128
991 4328 1095 4380 ymnum
1112 4311 1117 4379 Ι
1136 4317 1200 4373 301,
1218 4316 1234 4364 2
1252 4313 1391 4379 penitentia
1410 4313 1414 4376 Ι

119 4385 244 4451 patientia
265 4384 380 4449 22122112
403 4381 407 4447 Ι
431 4382 593 4447 prouidentia
615 4382 759 4432 2222122112
782 4381 926 4444 eloquentia
949 4384 1116 4448 temperantia
1138 4382 1264 4432 22122212
1290 4383 1416 4448 sapientia

119 4453 195 4504 122112
213 4451 377 4516 inprudentia
395 4466 441 4517 per
453 4451 472 4500 11
484 4449 582 4514 syllaba
599 4450 718 4500 scribitur
732 4447 736 4513 Ι
752 4451 873 4516 iscripsi
888 4448 892 4514 Ι
909 4453 923 4501 1
937 4451 1083 4502 auxiliatrix
1101 4450 1212 4500 adiutrix
1228 4447 1232 4513 Ι
1247 4450 1395 4501 distructrix
1411 4451 1414 4512 Ι

119 4523 135 4572 8
152 4516 300 4584 2221221122]
319 4518 419 4569 corileti
436 4515 584 4585 (Titurnius,
600 4520 644 4584 qui
660 4533 705 4583 per
723 4517 730 4565 i
749 4527 774 4567 et
790 4533 807 4566 x
826 4519 958 4575 scribitur:
977 4520 1008 4570 ud
1027 4519 1195 4569 nouissimam
1213 4518 1336 4582 syllabam
1355 4533 1416 4569 con-

120 4589 167 4639 1221
184 4588 281 4652 edidit,
305 4589 420 4638 lacunam
437 4587 540 4637 subesse
556 4593 630 4636 ratus
647 4585 696 4656 est)
720 4585 726 4646 Ι
749 4587 765 4636 9
783 4601 828 4650 222
846 4602 871 4636 rr
893 4585 898 4652 Ι
921 4595 981 4652 post
1000 4589 1031 4638 10
1050 4591 1107 4654 ‘per
1126 4590 1153 4637 o'
1171 4587 1234 4637 11222
1251 4587 1342 4637 addito
1358 4594 1418 4637 2221

120 4657 255 4708 2211221212
273 4656 329 4705 eod.
347 4653 751 4721 BeruenaietSanpermanensi
768 4657 852 4705 1313:
882 4655 1014 4704 Ianuarius
1038 4653 1180 4704 1222222122
1203 4655 1308 4704 martius
1327 4654 1416 4720 aprilis

120 4725 202 4779 22122
221 4725 307 4774 122122
325 4722 403 4773 121122
421 4732 530 4787 agustus
548 4723 692 4790 september
709 4723 848 4773 nouember
865 4723 997 4773 december
1009 4724 1045 4772 sic
1058 4723 1219 4772 scribendum
1232 4731 1272 4772 est
1286 4720 1291 4785 Ι
1308 4724 1339 4772 12
1352 4723 1417 4772 2112-

121 4794 154 4842 121
168 4793 173 4856 Ι
189 4795 221 4844 13
240 4791 368 4843 (1112212112
387 4807 436 4842 om.
451 4791 456 4852 Ι
471 4790 575 4856 diligam
591 4790 596 4855 Ι
611 4791 695 4856 diligit
709 4788 713 4855 Ι
729 4789 830 4840 dilectat
848 4791 962 4858 dilegeus
981 4808 1028 4846 om.
1051 4791 1057 4858 Ι
1082 4793 1113 4841 14
1132 4791 1203 4855 peri
1221 4790 1340 4839 scribitur
1358 4789 1363 4857 Ι
1385 4793 1417 4842 12

122 4877 166 4926 222
184 4877 208 4921 2,
226 4876 273 4912 om.
291 4862 340 4910 211
359 4858 521 4909 scribendum
540 4869 586 4914 est.
