3394 5448
504 370 542 420 nr
561 371 644 422 non.
665 369 791 421 nnrnn
808 371 986 422 ninonnu.
1331 371 1392 437 217

96 575 167 618 ecce
190 559 291 620 motio.
314 592 357 605 -
380 557 477 619 Venus
499 558 652 621 deferebat
680 563 779 620 ‘arnna
802 560 973 628 radiantia’‚
1002 561 1043 620 ·i·
1067 560 1222 639 lulgentia,
1253 560 1311 622 lilio
1341 581 1393 622 suo

95 663 215 722 Aeneae
237 667 268 721 et
289 662 401 740 ‘posuit
423 661 477 722 sub
501 661 624 722 aduersa
647 665 782 742 quercu’‚
813 679 882 722 cccc
905 661 1058 725 stabilitas.
1102 662 1174 724 Nam
1199 665 1248 741 qui
1271 663 1394 742 deponi·

96 773 155 830 tur,
180 769 247 824 stat.
293 762 428 834 Quercus
451 773 495 824 est
518 763 607 824 arbor
630 762 792 843 glandifera
817 771 847 823 et
869 763 977 825 dicitur
999 783 1015 824 a
1039 765 1223 842 quaerendo,
1256 784 1291 828 eo
1314 766 1392 847 quod

96 865 212 946 antiqui
234 864 276 926 ibi
298 866 408 925 uictum
432 865 625 945 quaerebant.
670 865 703 926 D.
728 865 846 946 Super
874 884 979 945 quam
1010 868 1079 926 uim
1102 865 1233 926 babet?
1278 868 1316 928 bl.
1340 867 1393 928 Vbi
1410 887 1519 937 peona

68 967 211 1037 alocum,
235 978 268 1027 ut
288 985 378 1045 super
400 966 514 1028 caelum
537 985 627 1046 super
651 975 770 1036 terram,
793 968 947 1044 significat,
972 969 1140 1028 aecusatiuo
1154 971 1256 1030 seruit.
1294 970 1392 1030 Men·
1408 999 1429 1039 ρ.
1443 988 1517 1033 saca

94 1071 240 1158 tionem
264 1071 304 1129 ·i·
328 1067 564 1129 recordationem
581 1064 594 1150 ΙΙ
612 1065 672 1130 136
690 1065 714 1150 ll.
759 1068 952 1147 Rogitans,
977 1071 1007 1130 ·i·
1031 1070 1226 1148 interrogans.
1273 1072 1393 1150 Super
1407 1102 1428 1143 p.
1442 1090 1516 1136 scer

95 1169 122 1230 Η
130 1177 262 1231 actore
285 1169 408 1232 multa.
452 1170 574 1249 ‘Super’
592 1171 639 1231 bic
654 1190 709 1250 pro
726 1171 786 1231 ‘de'
804 1172 932 1248 ponitur.
964 1171 1058 1232 Verba
1075 1182 1144 1232 sunt
1159 1171 1297 1243 Didonis,
1314 1175 1392 1253 apud

95 1289 187 1349 quam
209 1290 276 1333 cunr
300 1282 378 1334 esset
400 1273 529 1342 Aeneas,
554 1273 700 1351 rogitabat
723 1291 790 1335 eum
813 1291 904 1352 super
926 1272 1059 1342 Priamo,
1085 1273 1141 1336 hoc
1164 1285 1208 1335 est
1223 1274 1260 1336 de
1275 1274 1393 1336 Priamo

94 1391 168 1452 rege
191 1372 388 1436 Troianorum
412 1383 441 1435 et
463 1393 553 1453 super
575 1374 704 1435 Hectore
727 1375 787 1436 illio
810 1377 882 1436 eius.
921 1373 955 1435 ll.
978 1374 1016 1436 ln
1040 1391 1145 1452 quarn
1170 1377 1240 1436 uim
1264 1376 1392 1438 habeti

56 1489 80 1528 ιο
95 1475 135 1535 Μ.
159 1475 283 1547 Quando
306 1474 497 1538 stabilitatem
520 1475 680 1554 significat,
704 1475 833 1541 ablatiuo
856 1478 963 1545 seruit,
993 1478 1069 1538 sicut
1091 1495 1181 1556 supra
1204 1478 1313 1539 dictum
1338 1487 1391 1539 εει.

95 1576 194 1638 Habet
215 1586 244 1638 et
266 1576 388 1639 alteram
413 1579 487 1648 uim,
513 1578 631 1656 qnando
654 1581 823 1641 accusatiuo
846 1582 953 1650 seruit,
978 1588 1022 1640 ut:
1046 1579 1088 1640 ‘in
1110 1579 1277 1642 adulterum
1300 1581 1394 1640 iratus

95 1687 142 1740 est
170 1680 351 1759 episcopus':
391 1679 438 1740 liic
462 1699 516 1758 pro
540 1682 666 1742 ‘contra’
690 1683 819 1760 ponitur.
864 1679 989 1743 Adulter
1011 1681 1119 1742 dicitur
1142 1681 1270 1742 alienum
1293 1691 1391 1744 torum

93 1780 220 1842 uiolaos.
266 1780 310 1841 ‘ln
332 1781 518 1842 desertorem
541 1785 636 1845 iratus
658 1794 703 1844 est
725 1786 801 1845 rex'.
848 1784 986 1845 Desertor
1010 1781 1130 1854 dicitur,
1160 1785 1210 1863 qui
1233 1801 1320 1844 suum
1344 1802 1391 1844 re-

93 1899 163 1960 gern
187 1883 299 1944 deserit
320 1891 350 1944 et
373 1883 408 1943 ad
431 1883 557 1945 alterum
581 1883 672 1946 uadit.
718 1884 798 1946 ldem
822 1893 866 1946 est
889 1893 918 1945 et
940 1883 1110 1963 transfuga,
1144 1884 1193 1945 uel
1223 1884 1393 1963 transfugas

56 1999 79 2038 ¹⁵
94 1985 223 2047 dicimus
251 1984 436 2057 desertores,
465 1987 516 2067 qui
545 1993 678 2066 tempore
702 1986 771 2048 belli
794 2004 878 2048 suam
901 1984 1037 2047 militiam
1061 1986 1212 2048 deserunt.
1258 1986 1392 2048 ‘Subter'

93 2089 219 2168 proprie
241 2090 409 2148 accusatiuo
433 2107 552 2167 semper
575 2089 716 2166 iungitur,
742 2097 774 2149 ut
796 2087 900 2150 subter
922 2087 1052 2156 caelum:
1083 2087 1213 2150 ablatiuo
1237 2107 1391 2168 nusquam,

93 2190 154 2250 nisi
177 2189 302 2268 figurate
325 2197 358 2249 ut
379 2189 580 2268 Virgilius:

452 2292 590 2354 subter
613 2293 727 2354 densa
750 2291 946 2355 testudine

92 2393 180 2454 dixit.
223 2393 352 2454 Testudo
375 2403 420 2455 est
443 2413 558 2456 camera
582 2401 744 2456 scutorum.
789 2394 945 2464 biduco,
971 2396 1001 2455 ·i·
1025 2392 1134 2456 diuidu.
1172 2394 1255 2456 Vnde
1277 2394 1516 2455 tuoe-nuso

55 2494 194 2557 annalis
217 2493 254 2556 tle
275 2494 454 2558 Hannibale:

300 2597 451 2659 Diduxit
472 2597 652 2677 scopulos
675 2607 711 2659 et
733 2606 877 2661 montes
900 2599 1004 2678 rupit
1026 2603 1148 2668 aceto,

92 2699 212 2761 diduxit
240 2700 282 2760 ·i·
311 2699 420 2763 diuisit.
465 2700 612 2779 scopulos
639 2719 730 2781 rupes
758 2700 882 2780 lapides.
934 2699 969 2760 lli
999 2718 1057 2762 non
1086 2707 1185 2781 potest
1214 2703 1348 2780 separari
1377 2721 1392 2762 a

92 2800 284 2863 dictionibus,
330 2801 424 2864 Dictio
452 2810 551 2863 antem
581 2801 699 2872 dicitur,
732 2821 768 2864 eo
791 2803 869 2884 quod
898 2801 1007 2882 aliquid
1036 2802 1195 2865 dicendum
1220 2804 1260 2862 ·i·
1284 2803 1392 2864 intelli·

91 2902 226 2981 gendum
249 2903 365 2965 babeat.
410 2903 555 2966 Diducere
579 2905 658 2965 enim
682 2911 726 2966 est
748 2904 899 2982 diuidere,
924 2912 956 2965 ut
979 2903 1100 2966 ‘diduco
1114 2904 1226 2966 iontem
1242 2907 1273 2965 in
1289 2907 1391 2974 riuos’,

53 3023 78 3060 aa
94 3007 125 3065 ·i·
150 3003 262 3066 diuido.
307 3005 500 3076 Distraho,
524 3005 638 3076 nendo:
662 3006 830 3068 distrahere
853 3009 932 3068 enim
955 3015 1000 3068 est
1023 3005 1170 3076 uendere,
1193 3007 1263 3067 inde
1286 3006 1393 3068 distra-

91 3117 160 3169 ctor
183 3106 330 3168 uenditor.
375 3107 547 3188 Recipio,
571 3110 679 3170 iterum
703 3111 797 3190 capio.
843 3107 1000 3178 Secubo,
1024 3125 1161 3170 seorsum
1184 3109 1276 3169 iaceo.
1314 3110 1393 3186 dmg

91 3210 258 3290 plector,
297 3209 451 3271 circumdo
487 3209 535 3271 uel
567 3209 734 3273 deosculor.
787 3209 1035 3288 congredior,
1074 3227 1173 3290 pugno
1208 3210 1256 3271 uel
1286 3208 1392 3272 luctor.

90 3311 197 3393 Apud
222 3319 257 3372 et
279 3330 401 3389 penes.
445 3311 507 3373 liae
530 3312 606 3374 duae
629 3315 865 3393 praepositiones
888 3329 942 3393 per
964 3314 1208 3392 compositionem
1233 3330 1393 3393 numquam
1408 3331 1427 3372 n
1441 3321 1490 3370 ³⁴³⁶,
1506 3321 1530 3360 1⁰

91 3417 270 3494 iunguntur,
294 3413 346 3474 sed
369 3431 486 3493 semper
501 3433 557 3494 per
572 3417 800 3495 appositionem.
844 3414 986 3494 Reliquae
1003 3409 1016 3498 ΙΙ
1033 3411 1092 3476 137
1108 3409 1122 3496 ΙΙ
1137 3432 1240 3475 omnes
1261 3415 1394 3493 exceptis

51 3532 77 3571 ³⁰
91 3518 123 3578 di
140 3516 186 3578 dis
200 3535 235 3577 re
250 3534 283 3578 se
298 3534 344 3577 arn
361 3534 416 3576 con
440 3534 495 3597 per
516 3518 760 3595 compositionem
784 3526 813 3578 et
834 3535 889 3598 per
911 3517 1127 3595 appositionem
1151 3517 1235 3593 iungi
1256 3522 1390 3597 possunt.

91 3617 256 3681 Sciendum
286 3626 344 3685 est.
375 3618 453 3698 quod
483 3617 560 3699 apud
590 3637 644 3679 nos
672 3618 781 3680 multae
808 3619 1044 3701 praepositiones
1072 3619 1282 3688 inueniuntur,
1315 3617 1392 3697 apud

90 3723 227 3784 Graecos
250 3739 323 3783 uero
346 3739 473 3801 paucae,
497 3722 565 3801 quia
581 3723 709 3782 maxima
726 3728 861 3801 exparte
883 3723 961 3782 inter
983 3719 1125 3782 aduerbia
1149 3727 1392 3782 annumerantur.

560 3977 608 4038 uu
630 3976 932 4040 lNTElllEC'l'lONE.

179 4129 405 4191 Interiectio
428 4129 514 4211 quid
538 4131 612 4192 estl
656 4127 866 4192 Definitionem
894 4131 1113 4192 interiectionis
1134 4129 1299 4192 secundum
1323 4128 1393 4190 sub·
1407 4151 1428 4192 r·
1443 4141 1493 4188 ³⁶⁶,
1509 4141 1533 4178 ¹³

50 4232 231 4301 astantiam
254 4233 388 4309 requirit.
433 4233 601 4294 lutarieetio
624 4235 824 4314 compositum
854 4249 965 4292 nomen
987 4241 1031 4292 est
1054 4251 1089 4292 ex
1112 4232 1190 4320 inter
1213 4239 1244 4293 et
1265 4233 1341 4294 iacio
1364 4239 1394 4292 et

89 4335 165 4395 lacit
186 4334 381 4414 praeteritum
404 4335 553 4410 interieci,
582 4337 689 4398 transit
716 4337 744 4396 ln
775 4335 963 4414 participium
992 4333 1166 4394 interiectus
1188 4335 1219 4403 ti,
1244 4334 1341 4395 addita
1365 4353 1392 4404 0,

91 4505 325 4515 ---———

163 4653 298 4724 1Venus]
318 4657 574 4722 optemperat
643 4658 813 4724 egtardttera
883 4657 995 4724 llSuper
1007 4653 1125 4724 Hectore]
1145 4656 1179 4720 es.
1195 4655 1261 4707 Dora.
1271 4672 1297 4720 p.
1309 4657 1394 4717 366st

88 4741 144 4775 eron
163 4725 253 4779 αάιιοί.
270 4723 353 4776 ltetttt
420 4725 452 4775 14
469 4725 635 4794 transfugeris
706 4728 737 4776 17
757 4722 892 4792 Virgilius]
912 4725 979 4779 Aen.
998 4723 1043 4774 tx
1060 4726 1112 4775 uu
1199 4725 1231 4775 19
1248 4719 1392 4788 quenalis]

88 4792 147 4847 Sat.
169 4791 197 4842 X
213 4794 266 4844 153
352 4794 384 4844 at
403 4793 549 4844 diducit-
568 4809 624 4844 rum
645 4793 788 4846 itIaltnt'nc
855 4803 944 4844 acceto
1034 4795 1067 4844 at
1084 4789 1193 4842 dlultlcre
1278 4793 1311 4844 26
1328 4791 1394 4842 ‘nim

88 4863 122 4913 32
142 4874 237 4928 grecos
306 4873 477 4913 annumerant
544 4863 578 4915 st
595 4862 622 4914 di
652 4862 775 4914 ditionem
