3394 5448
509 359 548 414 m
568 361 799 416 nonnarum
817 362 998 420 umonun.
1054 337 1056 342 '
1337 363 1398 429 207

96 557 196 628 perat,
229 567 317 628 quam
341 551 392 628 qui
415 559 506 631 optat.
551 549 645 611 Nemo
668 553 746 612 enirn
771 551 907 633 sibiipsi
929 553 1078 632 imperare
1101 560 1214 632 potcst;
1245 555 1275 614 in
1299 554 1398 634 plura-

97 650 180 712 litate
203 669 278 712 uero
301 651 392 712 babet
413 655 541 731 primam
563 671 731 732 personam,
754 653 806 714 sed
830 655 922 732 magis
944 653 1093 715 bortatiua
1116 663 1169 723 est.
1193 673 1282 734 quam
1306 657 1399 734 impe·

98 753 206 814 ratiua.
255 752 328 814 Nam
357 755 421 833 ipsa
449 772 518 814 cnm
546 751 610 814 aliis
632 755 733 816 iuncta
755 773 826 816 suos
849 754 945 816 socios
967 755 1107 816 admonet
1129 755 1232 816 dicens
1254 756 1399 835 ‘legamus

98 855 230 916 iratres'.
276 856 390 917 Dicitur
418 873 490 934 ergo
519 858 714 936 imperatiuus
745 856 782 917 ab
811 854 1001 936 imperando,
1023 853 1035 938 ΙΙ
1058 852 1118 917 119
1140 854 1151 938 ΙΙ
1173 875 1209 917 eo
1236 858 1313 938 quod
1345 876 1399 938 per

72 953 182 1016 rutum
211 957 409 1036 imperamus,
439 958 517 1018 siout
545 957 694 1036 optatiuus
715 956 753 1019 ab
776 957 921 1038 optando,
950 975 1004 1038 pcr
1031 975 1119 1036 quern
1149 961 1226 1019 enim
1250 967 1396 1039 optamus,

97 1057 178 1136 quod
212 1057 323 1120 babere
356 1061 495 1138 cupimus
525 1067 554 1119 ct
582 1061 670 1121 tertio
697 1061 728 1121 in
754 1059 820 1121 ioco
848 1061 983 1140 ponitur,
1018 1061 1086 1139 quia
1115 1061 1308 1140 imperfectus
1338 1070 1397 1127 est;

99 1175 168 1220 nam
197 1157 248 1220 ilio
271 1158 414 1221 aduerbio
438 1159 557 1239 optapdi
581 1170 662 1238 eget,
686 1161 764 1242 quod
794 1171 841 1223 est
862 1163 1000 1224 ‘utinam'
1024 1169 1054 1222 et
1076 1179 1129 1222 sua
1152 1170 1285 1242 tempora
1309 1160 1398 1222 babet

98 1263 266 1331 coniuncta,
290 1259 430 1322 uidelicet
450 1280 594 1340 praesens
616 1271 646 1323 et
667 1265 860 1342 praeteritum
880 1263 1096 1342 imperfectum,
1119 1265 1312 1344 praeteritum
1327 1281 1397 1342 pcr-

97 1363 211 1424 icctum
243 1371 272 1424 et
298 1363 632 1444 plusquamperfectum.
679 1365 889 1426 coniunctium
916 1366 975 1425 iam
998 1365 1029 1426 in
1051 1374 1158 1444 quanto
1180 1365 1246 1425 ioco
1275 1365 1397 1444 punitur

61 1479 133 1524 roeo
161 1463 243 1544 quod
274 1464 477 1544 imperfectior
505 1474 564 1534 est;
600 1484 658 1526 uon
687 1466 782 1527 soium
810 1469 889 1527 enim
919 1466 977 1527 alio
1004 1466 1099 1528 uerbo
1123 1476 1204 1546 eget,
1227 1466 1279 1527 sed
1308 1469 1395 1528 etiam

97 1564 244 1645 particula
269 1567 299 1626 ·i·
322 1566 465 1627 aducrbio
487 1567 640 1646 temporis,
663 1567 742 1647 quod
766 1576 811 1628 est
833 1569 922 1639 cum’,
939 1576 986 1629 ut:
1009 1570 1102 1629 ‘cum’
1117 1571 1290 1629 inuocarem
1307 1587 1394 1629 exau·

95 1666 194 1742 diuit',
218 1669 298 1728 ‘cunr
322 1665 481 1728 tribularer
504 1667 651 1729 cianraui'.
689 1668 804 1731 Dicitur
827 1687 898 1748 ergo
921 1671 1129 1731 coniunctiuus
1145 1689 1160 1731 a
1176 1671 1394 1749 coniungendo,

96 1787 132 1829 eo
155 1769 236 1849 qnod
259 1768 317 1830 sibi
340 1771 499 1848 coniungat
521 1769 599 1831 aliud
624 1770 761 1832 uerbum.
799 1769 965 1832 infinitiuus
988 1772 1096 1833 dicitur
1119 1775 1201 1852 quasi
1220 1791 1279 1832 non
1294 1771 1395 1833 finitus

97 1879 126 1931 ct
148 1872 269 1948 ponitur
291 1872 324 1930 in
346 1871 448 1950 quinto
470 1869 545 1941 ioco,
569 1871 646 1950 quod
670 1870 819 1950 prioribus
841 1874 1045 1953 imperfectior
1067 1882 1120 1936 cst.
1164 1873 1301 1936 Ostendit
1323 1891 1395 1951 ergo

61 1993 83 2034 n
97 1972 238 2042 Donatus,
263 1971 314 2033 ubi
335 1970 385 2032 iiie
409 1980 453 2034 cst
475 1973 615 2043 infinitus
639 1991 706 2034 cum
730 1972 800 2034 dicit
823 1975 968 2036 ‘numeris
991 1983 1021 2035 et
1042 1977 1202 2054 personis'.
1238 1975 1296 2036 iste
1315 1976 1394 2035 enim

97 2074 203 2136 modus
231 2082 346 2134 certum
374 2091 534 2135 numerum
561 2082 592 2135 et
620 2081 732 2136 certam
759 2093 919 2155 personam
948 2075 1059 2138 habere
1087 2094 1146 2138 non
1168 2085 1267 2156 potest
1290 2084 1319 2137 et
1341 2094 1394 2138 sua

96 2185 230 2257 tempora
264 2177 339 2236 sicut
374 2177 523 2256 optatiuus
561 2177 741 2237 coniunctim
774 2177 915 2256 possidet.
969 2178 1064 2239 Vtitur
1097 2196 1170 2257 crgo
1203 2179 1396 2239 uoluntassuis

95 2278 197 2339 uerbis
214 2277 429 2347 tantummodo,
446 2286 478 2338 ut
493 2275 606 2356 ‘legere
623 2276 691 2338 uolo
709 2279 753 2338 nis
769 2277 856 2350 uuit',
874 2278 987 2358 ‘legere
1003 2278 1144 2341 uolumus
1158 2279 1248 2341 unitis
1264 2279 1392 2341 uolunt'.

95 2377 306 2460 impersonalis
338 2388 455 2441 sextum
486 2378 602 2440 obtinet
632 2379 745 2449 iocum,
779 2377 847 2460 qbia
880 2381 1154 2460 imperfectissimus
1176 2389 1223 2442 est
1250 2383 1393 2442 omnium.

60 2503 84 2542 ro
97 2481 211 2542 Dicitur
233 2499 307 2560 crgo
329 2480 537 2562 impersonalis
559 2483 644 2562 quasi
667 2499 726 2541 non
750 2480 916 2560 personalis
932 2483 962 2542 ·i·
979 2483 1041 2543 sine
1057 2501 1195 2562 persona,
1212 2482 1266 2544 sed
1288 2484 1396 2562 recipit

95 2583 150 2644 sibi
173 2582 414 2664 supplementum
437 2602 453 2644 a
475 2585 610 2663 personis
632 2585 857 2669 pronominum,
887 2591 919 2644 ut
940 2582 1061 2662 ‘iegitur
1084 2603 1099 2645 a
1122 2603 1170 2646 mc
1192 2603 1209 2645 e
1232 2592 1261 2644 tc
1284 2583 1321 2646 ab
1344 2583 1395 2644 iiio

96 2703 111 2744 a
135 2684 221 2746 nobis
244 2703 260 2746 a
284 2685 370 2746 uobis
391 2684 430 2745 ab
452 2684 531 2746 iiiis’.
576 2684 640 2745 Hoc
662 2703 781 2766 quoque
803 2683 957 2746 sciendum
988 2693 1033 2746 cst
1055 2687 1194 2765 quoniam
1223 2704 1258 2746 ex
1282 2687 1395 2764 passini

95 2788 191 2846 tertiis
213 2787 350 2865 personis
372 2788 470 2847 oritur
490 2786 598 2847 modus
620 2785 827 2865 impersonalis
849 2796 879 2849 et
893 2786 950 2848 sub
965 2786 1128 2848 litteratura
1144 2787 1256 2869 passini
1272 2805 1393 2847 sensuro

95 2887 185 2948 babet
198 2888 303 2957 actiui,
321 2895 354 2947 ut
368 2887 489 2966 ‘iegitur
505 2907 520 2948 a
536 2892 609 2959 me',
634 2891 663 2949 ·i·
681 2905 736 2968 ego
752 2889 828 2968 lego,
851 2889 971 2968 ‘legitur
987 2909 1002 2950 a
1020 2892 1070 2960 tc',
1096 2889 1124 2950 ·i·
1149 2899 1181 2950 tu
1195 2887 1287 2967 legis,
1311 2887 1394 2966 ‘iegi-

58 2997 143 3050 otur
166 2989 206 3051 ab
227 2989 301 3058 ilio’‚
325 2989 401 3049 idest
422 2989 472 3051 iiie
494 2991 586 3051 irater
609 2990 691 3069 legit.
728 2992 762 3053 D.
781 2991 934 3053 Formae
956 2990 1154 3052 uerborum
1178 3000 1267 3070 quot
1288 2991 1451 3052 sumtus
1467 3003 1491 3040 10

95 3093 213 3162 Forma,
231 3109 306 3172 quae
323 3091 436 3152 Graece
451 3088 556 3164 τύπος
571 3101 673 3163 sonat,
691 3093 798 3154 dicitur
814 3093 852 3155 ab
867 3093 1065 3164 informando,
1082 3112 1118 3153 eo
1134 3093 1212 3172 quod
1229 3111 1285 3154 nos
1299 3093 1392 3154 infor-

96 3204 155 3255 met
172 3195 202 3252 ·i·
219 3200 301 3272 aptet
315 3191 351 3255 ad
366 3211 487 3254 sensum
505 3193 589 3255 uerbi
604 3193 846 3274 intellegendum.
884 3195 920 3256 Et
942 3193 999 3254 hoc
1021 3194 1316 3257 animacuertenrium
1340 3203 1393 3264 est,

94 3297 161 3373 quia
186 3295 259 3356 baec
282 3295 340 3355 duo
363 3313 482 3375 semper
505 3295 697 3358 inueniuntur
725 3299 755 3358 in
787 3296 883 3359 uerbo
903 3293 914 3378 ΙΙ
937 3293 1191 3377 intinctorum
1214 3299 1279 3358 sine
1301 3296 1394 3358 altero

95 3415 240 3478 nusquam
269 3399 431 3478 reperitur.
475 3397 565 3458 Verbi
586 3400 681 3476 gratia
709 3398 777 3478 lego
805 3397 985 3460 indicatiuus
1014 3398 1119 3460 modus
1147 3408 1177 3460 et
1203 3399 1298 3460 forma
1325 3415 1394 3478 per-

58 3501 188 3569 aoiecta,
218 3497 343 3560 lecturio
371 3497 551 3560 indicatione
579 3508 608 3560 et
634 3499 729 3562 iorma
752 3500 932 3562 meditatiua.
977 3499 1054 3571 Quid
1078 3509 1124 3561 est
1146 3500 1259 3562 formai
1289 3518 1395 3562 sensus

93 3601 179 3662 uerbi
202 3610 233 3662 et
254 3600 367 3662 dicitur
389 3602 560 3680 perfecta
583 3604 689 3672 forma,
714 3620 749 3662 eo
772 3600 850 3684 quod
873 3601 1036 3681 perfectam
1059 3619 1122 3663 rem
1145 3601 1338 3672 demonstrat,
1363 3612 1395 3663 nt

94 3721 149 3781 ego
173 3703 283 3766 scribo.
326 3702 551 3763 Meditatiua
575 3704 720 3765 dicituro
744 3703 914 3767 meditando
939 3705 967 3764 ·i·
984 3721 1001 3764 a
1016 3701 1182 3783 cogitando,
1204 3712 1238 3764 ut
1258 3707 1394 3783 parturio
1407 3733 1452 3780 ³59,
1468 3735 1491 3772 n

94 3807 125 3864 ·i·
149 3824 258 3886 parere
281 3806 389 3884 cogito.
435 3805 587 3867 Parturire
609 3815 653 3868 est
675 3814 743 3867 ante
766 3815 882 3886 parturn
907 3804 1025 3876 dolere,
1053 3823 1162 3884 parere
1186 3822 1258 3866 uero
1280 3805 1392 3867 foetum

95 3910 242 3969 emittere.
265 3907 372 3968 Esurio
386 3907 416 3965 ·i·
439 3923 505 3968 esse
529 3908 642 3986 cogito:
666 3911 717 3988 qui
740 3910 818 3970 enim
842 3909 953 3990 esurit,¹
968 3925 1087 3986 semper
1109 3909 1229 3986 cogitat,
1252 3916 1286 3969 ut
1308 3926 1392 3968 man-

58 4029 81 4068 n
95 4009 192 4071 (lueet.
217 4007 517 4086 Frequentatiua
541 4005 681 4071 dicitur'a
697 4009 914 4091 frequentando
931 4007 959 4069 ·i·
977 4027 993 4070 a
1010 4025 1099 4086 saepe
1114 4008 1230 4088 agendo
1246 4019 1278 4072 ut
1293 4009 1393 4071 lectito

94 4112 136 4170 ·i·
161 4129 250 4190 saepe
273 4109 348 4188 lego.
393 4109 621 4173 Iuolroatiua
643 4111 753 4173 dicitur
775 4110 813 4172 ab
835 4108 1003 4172 inchoando
1027 4111 1068 4170 ·i·
1091 4110 1129 4172 ab
1152 4112 1338 4190 incipiendo,
1363 4121 1394 4174 ut

94 4211 210 4274 calesco
239 4213 270 4272 -i-
300 4212 399 4273 calere
426 4213 549 4291 incipio.
593 4212 703 4274 inchoo
725 4232 758 4274 as
781 4211 936 4274 inchoatus
957 4212 1089 4274 inchoati
1112 4211 1209 4274 addita
1232 4231 1270 4274 ua
1293 4214 1325 4273 flt
1347 4215 1392 4274 in·

95 4314 240 4374 choatiua.
287 4313 447 4374 Sciendum
476 4322 536 4388 est,
566 4315 634 4391 quia
663 4314 720 4374 boc
747 4313 873 4375 uerbum
896 4314 1043 4376 Graccum
1072 4321 1125 4376 est.
1170 4313 1290 4377 Nullum
1314 4317 1393 4377 enirn

95 4415 223 4476 uerbum
245 4415 322 4495 apud
346 4414 465 4476 Latinos
487 4415 577 4476 irabet
599 4435 616 4476 o
639 4425 707 4477 autc
731 4436 758 4485 c,
786 4423 816 4476 ct
837 4417 920 4477 uenit
941 4435 958 4477 a
980 4417 1101 4477 nomine
1123 4413 1202 4494 quod
1225 4424 1270 4476 est
1292 4417 1392 4476 cbaos

58 4535 82 4574 ro
96 4516 192 4578 Chaos
214 4523 313 4578 autem
335 4525 380 4578 est
401 4515 601 4596 primordialis
624 4519 758 4579 confusio
775 4520 804 4579 ·i·
822 4519 992 4580 commixtio
1016 4527 1154 4596 quattuor
1176 4516 1392 4580 elementorum

162 4773 179 4822 b
197 4787 242 4838 per
260 4787 335 4835 quem
354 4769 434 4839 enirn]
455 4773 552 4823 ‘enim'
570 4774 658 4822 delere
680 4789 730 4824 noa
752 4789 829 4824 cucur
850 4789 917 4839 curn,
941 4775 1002 4840 quia
1019 4779 1045 4823 et
1062 4774 1114 4823 alic
1132 4773 1260 4823 neoterica
1278 4773 1348 4823 dicto
1366 4774 1392 4822 t'u

95 4839 142 4890 hoc
159 4847 270 4891 tractatu
288 4841 464 4892 coemebant.
533 4841 645 4890 (itcrcio
733 4843 764 4892 tt
783 4841 957 4894 uolrrntotiuus
1043 4843 1076 4890 26
1094 4857 1168 4906 grece
1236 4841 1270 4891 38
1288 4855 1390 4906 grecum
