3412 5452
333 349 391 398 ew
636 333 687 384 DE
706 331 883 386 VERGILIO
902 331 1054 384 MARONE
1074 329 1324 384 GRAMMATICO.

212 566 216 575 ·
332 528 488 600 terroqari
514 525 669 602 potuerint
701 521 831 595 difficile
863 522 945 582 dictu
973 527 1026 582 cst.
1076 522 1212 582 Ceterum
1243 522 1274 580 in
1309 521 1399 582 ltuiits
1435 522 1494 580 loci
1527 523 1613 584 uerbis

331 627 522 688 recensendis
553 623 626 687 libri
660 625 788 698 uestiqia
817 620 1012 686 ΥΡΟΡΑΝΤΙ
1052 625 1190 698 quamuis
1222 631 1369 700 corrupte
1404 625 1491 697 sequi
1520 627 1612 698 melai,
1687 631 1688 636 ’

216 757 218 762 ’
333 746 423 805 quam
438 720 629 805 -ὑπάντησις
655 728 706 785 uel
730 717 930 797 ὑπαντίασις
957 728 1109 801 conicere,
1139 727 1221 800 quod
1247 727 1343 801 ipsum
1371 727 1483 785 additis
1511 725 1613 786 ‘obuia-

332 833 431 892 tionis'
460 833 510 890 uel
538 829 704 904 ‘decursus'
735 827 1034 903 interpretationibus
1061 829 1233 903 siqnificari
1258 829 1389 888 uidetur.
1444 827 1499 886 Est
1528 836 1615 888 autem
1687 897 1688 900 Ἴ

333 935 419 1008 apud
440 933 572 992 Graecos
594 947 700 991 nomen
723 931 784 990 diei
805 928 882 1002 sesti
903 930 1053 1004 postridie
1076 931 1235 990 Kalendas
1257 929 1445 990 Februarias
1471 930 1613 1004 celebrati,
1687 997 1688 1000 Ἴ

335 1038 387 1095 cui
399 1036 485 1110 apud
499 1034 651 1094 Romanos
666 1033 869 1092 Candelariae
889 1048 995 1092 momen
1011 1039 1068 1105 est,
1092 1033 1141 1091 uel
1155 1032 1298 1108 Hyponte
1313 1031 1361 1090 uel
1375 1029 1557 1108 Ilqpapante
1576 1037 1617 1091 uel
1687 1077 1688 1108 ,

259 1145 262 1155 “
335 1138 495 1212 lipopamti
507 1137 590 1210 dieti,
616 1136 698 1210 quod
718 1137 814 1209 ipsum
837 1133 993 1194 ‘obuiatio’
1017 1135 1130 1194 dicitur
1151 1136 1323 1208 siqnidcare
1339 1134 1425 1212 apud
1436 1133 1615 1193 Dillimarum
1687 1113 1688 1128 ¹

334 1238 609 1314 Merseburpemsem
637 1238 795 1310 (leibnitii
814 1235 927 1311 Script.
956 1234 1034 1295 Tam.
1059 1237 1080 1295 I
1100 1253 1136 1311 p.
1161 1240 1250 1310 375).·
1280 1237 1403 1310 ‘quarto
1430 1235 1512 1294 Nori.
1535 1235 1615 1294 Febr.

333 1343 352 1400 i.
376 1359 401 1400 e.
420 1341 565 1418 liqpemtq
580 1341 700 1400 llomint'
712 1355 765 1399 seu
779 1339 950 1398 obviatione
971 1339 1042 1398 iusti
1056 1338 1227 1411 Simeonis’,
1252 1337 1296 1412 es.
1313 1338 1446 1398 Haltuus
1462 1337 1615 1396 Calendor.

332 1446 425 1504 medii
445 1445 515 1502 aeui
535 1459 555 1500 a
577 1442 735 1518 Sebeffero
757 1457 878 1515 reeoqn.
906 1445 979 1498 1797
995 1457 1031 1515 p.
1056 1445 1104 1499 87.

453 2254 529 2338 DE
551 2253 824 2338 VERGILIO
847 2252 1089 2338 MARONE
1111 2249 1507 2334 GRAMMATICO.

906 2427 1017 2435 ——-

425 2563 553 2639 l'erqilii
574 2563 714 2624 Maronis
733 2565 942 2641 qrammalici,
966 2579 1052 2639 quem
1074 2567 1161 2622 sento
1183 2561 1231 2620 uel
1251 2562 1377 2636 septimo
1396 2567 1465 2635 post
1481 2559 1625 2618 Christum

331 2651 566 2728 saeculonotum
578 2673 743 2741 essentque
756 2668 783 2726 si
793 2667 846 2726 liis
856 2669 961 2742 placet
973 2666 1113 2741 floruisse
1124 2665 1185 2723 iem
1198 2679 1258 2722 unm
1270 2669 1314 2721 est
1326 2664 1461 2722 uirorum
1472 2662 1625 2721 doctorum

332 2787 404 2842 uon,
429 2769 511 2844 quod
523 2770 604 2828 locos
620 2770 749 2843 aliquot,
770 2785 897 2843 quorum
915 2776 968 2828 aul
987 2768 1102 2828 nnllam
1119 2767 1238 2826 omnino
1255 2769 1309 2824 aut
1327 2770 1444 2824 tenuem
1462 2769 1556 2838 atque
1570 2779 1626 2822 non

332 2888 406 2931 raro
431 2872 492 2940 tide
519 2871 692 2930 destitutam
719 2871 920 2931 habueramus
942 2871 1095 2942 molitiem,
1124 2885 1163 2928 ere
1184 2868 1277 2927 medii
1298 2867 1369 2926 aeid
1389 2866 1506 2925 artibus
1527 2881 1625 2940 prout-

332 2974 450 3033 melicis
476 2973 617 3032 collectos
645 2973 716 3032 leuia
744 2973 891 3032 uolumini
916 2973 1043 3044 inserui,
1079 2987 1139 3030 nom
1168 2970 1304 3044 equidem
1332 2983 1455 3041 uereor,
1489 2983 1529 3026 ne
1558 2967 1628 3041 ipsu

333 3076 490 3148 nuqatoris
512 3076 685 3148 nequissimi
705 3075 936 3141 ariolationibus
954 3072 1067 3145 saitae
1089 3073 1188 3132 dicar.
1225 3069 1305 3128 Nam
1320 3070 1391 3130 dum
1405 3075 1510 3129 cetero
1524 3085 1625 3143 pram.

332 3178 509 3236 malleorum
531 3177 624 3235 medii
644 3178 716 3237 aeui
735 3177 870 3236 uirorum
892 3175 1000 3235 colors
1026 3175 1104 3234 bona
1127 3175 1308 3250 plerumque
1332 3172 1394 3244 fide
1421 3173 1470 3231 usi
1494 3177 1626 3231 ueterum

327 3284 498 3354 praecepta
519 3285 662 3338 secuntur
682 3280 817 3352 satisque
838 3277 947 3336 babent
969 3279 1125 3336 collectum
1148 3276 1279 3350 undique
1297 3275 1456 3349 puluerem
1476 3287 1626 3347 qrammo-

333 3382 423 3440 ticum
445 3380 506 3440 suis
528 3382 660 3455 ipsorum
682 3381 842 3454 inqeniolis
867 3380 1057 3439 mediocriter
1084 3379 1262 3454 aspersisse,
1293 3393 1371 3436 nemus
1399 3377 1478 3436 iuter
1505 3391 1557 3450 eas
1578 3390 1626 3433 en-

333 3483 392 3542 titit
422 3483 573 3555 Verqilius
595 3481 701 3554 Maro,
733 3483 786 3556 qui
812 3482 854 3540 ad
886 3482 1002 3540 ultimos
1033 3481 1184 3540 audaciae
1212 3486 1303 3553 atquc
1330 3478 1530 3553 inpudentiae
1554 3479 1628 3549 finos

328 3591 491 3662 prouectus
518 3601 578 3644 mon
606 3586 699 3643 solum
722 3584 954 3659 peruersissima
983 3583 1020 3641 de
1046 3582 1133 3641 rebus
1164 3597 1183 3638 a
1210 3580 1317 3639 celeris
1338 3579 1436 3654 probe
1462 3579 1628 3638 absentatis
1687 3579 1688 3630 t

332 3689 446 3748 indicia
464 3683 575 3759 ferret,
600 3687 654 3745 sed
675 3687 799 3761 insuper
820 3686 1006 3759 sinqnlarem
1028 3685 1113 3743 istam
1142 3683 1293 3742 insoniam
1314 3681 1543 3740 mendaciorum
1561 3679 1626 3752 foe-

333 3791 521 3848 dissimorum
544 3789 716 3848 inuentione
738 3789 827 3861 quasi
847 3788 926 3846 tueri
947 3802 986 3845 ac
1007 3785 1182 3845 commanire
1203 3784 1344 3856 auderet,
1367 3798 1478 3842 reuera
1499 3783 1552 3841 ille
1567 3783 1628 3856 qui·

333 3893 399 3950 dem
427 3907 486 3949 non
514 3891 609 3950 lucem
638 3905 678 3949 ex
701 3886 805 3964 fumo,
833 3888 887 3948 sed
913 3903 953 3946 eu
971 3884 1100 3960 fulqore
1117 3883 1237 3958 fumum
1264 3885 1341 3944 darc
1361 3885 1475 3944 solitus.
1521 3883 1628 3944 Nonne

333 3995 484 4058 notissimo
506 3993 557 4052 illo
588 3993 714 4066 Verqilii
734 4007 825 4051 uersu
847 3993 902 4050 ecl.
927 3989 996 4063 Ill,
1021 3993 1073 4046 90:
1103 3987 1175 4058 ‘Qui
1196 3987 1328 4046 Bauium
1356 4002 1417 4045 uon
1440 3987 1518 4060 odit,
1551 3993 1628 4044 nmel

333 4103 385 4155 tua
407 4096 558 4170 earmina,
582 4093 696 4153 Moeui'
720 4095 856 4166 nequiter
878 4091 988 4151 abusus
1004 4091 1158 4168 blaeuium
1181 4091 1279 4148 uirum
1302 4089 1333 4147 iu
1355 4088 1542 4147 eorntinibus
1565 4089 1629 4147 dul·

333 4199 482 4257 cissimum
501 4196 600 4269 fuisse
621 4202 753 4270 nuqatus
774 4196 838 4253 est?
883 4193 1003 4252 Etenim
1031 4193 1108 4251 naec
1129 4193 1254 4265 ieqimus
1274 4207 1305 4264 p.
1332 4195 1367 4248 ib
1391 4189 1474 4248 Mai:
1495 4189 1628 4265 ‘Astipu-
1687 4191 1688 4268 l

332 4302 411 4358 letur
432 4298 506 4357 milti
531 4299 562 4357 in
584 4299 641 4358 ltoc
664 4297 804 4356 Maeuius
831 4297 881 4355 uir
907 4297 939 4355 in
961 4294 1148 4372 carminibus
1171 4293 1372 4364 dulcissimus,
1403 4292 1442 4350 de
1468 4309 1526 4366 quo
1552 4292 1630 4352 illud

332 4418 390 4477 pro
412 4407 529 4460 centum
552 4407 609 4459 est:
634 4397 849 4473 quisauum
871 4399 992 4457 mellis
1014 4395 1195 4469 (Bauiumi)
1219 4411 1291 4454 mom
1314 4400 1429 4466 enat,
1462 4395 1542 4452 odil
1566 4403 1628 4453 tuo
1687 4391 1688 4456 3

334 4499 509 4563 carmina
534 4501 568 4558 M
572 4503 666 4560 aeui.
713 4501 773 4559 Hic
795 4501 1064 4573 eloquentissimum
1086 4515 1209 4558 carmen
1232 4500 1263 4556 in
1280 4505 1348 4556 octo
1358 4504 1466 4571 partes
1481 4497 1629 4556 orationis

334 4605 438 4676 edidit,
463 4605 495 4662 in
517 4619 575 4676 quo
596 4603 672 4662 boec
695 4603 755 4660 oit'
779 4617 804 4660 e.
829 4619 858 4675 q.
881 4619 904 4660 s.
952 4601 1040 4661 lilitto
1062 4609 1181 4674 celero,
1210 4615 1288 4676 quae
1316 4601 1376 4659 ium
1404 4599 1442 4658 ab
1470 4600 1538 4657 aliis
1568 4598 1628 4656 col·
1687 4599 1688 4606 ’

334 4709 412 4766 lecto
435 4711 513 4777 sunt,
538 4703 581 4776 cf.
605 4706 699 4764 Keilii
720 4721 831 4778 propr.
856 4701 985 4778 Erlnnq.
1013 4709 1088 4761 isos
1107 4720 1139 4778 p.
1166 4711 1193 4761 5.
1239 4702 1300 4760 Seu
1329 4709 1372 4760 est
1400 4703 1482 4774 quod
1509 4701 1629 4760 ueniam
1687 4745 1688 4798 ἡ

335 4808 437 4868 demin
461 4807 554 4878 llloio,
579 4814 612 4866 ut
633 4809 696 4882 ipse
717 4813 846 4864 testatur
867 4813 948 4866 auct.
981 4806 1048 4864 Vol.
1073 4811 1142 4864 tom.
1172 4802 1323 4880 Vpraes.
1348 4819 1382 4878 p.
1415 4802 1471 4877 Vl,
1502 4802 1632 4875 Verqilii
1687 4831 1688 4880 ,
