3390 5444
376 336 390 372 1

511 328 513 334 ’
535 357 585 412 on
605 358 743 414 nouem
761 357 967 414 peroremus.
1340 356 1401 424 145

184 521 402 631 Conparatiuus
431 551 478 610 cui
509 551 589 611 casui
617 551 728 611 seruit?
771 547 908 610 dblatiuo
945 549 1009 609 sine
1045 549 1276 628 praepositione.
1321 548 1400 610 Raro

100 653 149 712 hic
171 653 338 714 Donatus
361 652 507 713 tractauit.
551 652 629 713 Dicit
652 653 730 712 enim
754 652 981 732 conparatiuum
1004 658 1065 711 tres
1087 669 1173 712 casus
1196 649 1322 712 trabere:
1351 659 1402 712 aut

100 753 264 816 ablatiuum
287 762 338 814 aut
360 754 518 832 septimum
534 772 634 815 casum
651 761 702 815 aot
718 752 948 820 dommartinum:
973 759 1023 813 aut
1040 751 1215 823 ablatiuum,
1240 761 1273 814 ut
1287 754 1402 814 doctior

101 855 137 916 ab
160 853 227 925 illo;
252 863 306 917 unt
327 857 504 934 septimum,
528 863 560 917 at
583 855 699 916 doctior
721 853 781 915 illo.
827 853 907 914 inter
929 853 1090 914 abiaticum
1114 862 1143 914 et
1164 856 1322 933 septimam
1346 855 1402 916 hoc

75 959 241 1027 sirrterest,
270 955 350 1038 quod
378 955 524 1018 ablatiuus
554 955 644 1018 habet
672 957 937 1036 praepositionem,
973 957 1117 1032 septimus
1145 975 1203 1017 non
1232 956 1338 1027 habet,
1368 947 1405 1018 ut¹

101 1058 251 1119 ‘meliora
267 1060 309 1119 te'
326 1056 487 1128 ablatiuus,
506 1043 625 1119 ‘melior
640 1060 681 1119 te’
698 1059 850 1138 septimus.
878 1060 936 1119 dut
951 1058 1164 1118 nominatinum
1189 1058 1237 1118 cui
1258 1076 1401 1138 conpare·

102 1162 182 1221 tiuus
204 1177 264 1220 non
286 1161 428 1238 iungitur,
452 1162 510 1222 uisi
533 1162 708 1240 interposita
732 1161 845 1238 ‘quam’
868 1156 1021 1239 particulo,
1044 1169 1077 1221 ut
1092 1159 1220 1220 ‘doctior
1242 1160 1290 1222 hic
1312 1179 1401 1241 quam

101 1261 171 1332 ille',
188 1261 316 1323 ‘doctior
331 1262 436 1324 Cicero
460 1281 546 1342 quam
571 1262 739 1341 Vergilius'.
771 1261 829 1323 Sed
846 1262 902 1322 nisi
917 1263 1088 1341 interponas
1103 1263 1225 1341 ‘quam',
1241 1281 1301 1324 oon
1318 1272 1403 1342 potes

96 1365 225 1442 iungere
255 1365 448 1448 nominatiuo.
500 1364 579 1424 llaec
609 1370 653 1424 est
681 1364 754 1424 mira
784 1363 932 1440 loquutio,
962 1369 995 1422 ut
1022 1365 1245 1442 conparatiuum
1275 1367 1402 1445 septimo

65 1481 90 1520 ro
103 1483 172 1526 casu
194 1483 356 1545 ponamus,
382 1475 413 1526 ut
435 1465 550 1526 doctior
572 1464 633 1526 illo.

187 1565 394 1645 Superlstiuus
409 1563 423 1650 ll
439 1567 457 1628 1.
478 1563 556 1627 141³
573 1563 584 1648 ΙΙ
601 1568 649 1626 cui
671 1566 823 1644 iungitur?
868 1565 1012 1626 Genetiuo
1040 1574 1153 1626 tantum
1181 1565 1298 1646 plurali.
1343 1568 1402 1629 Sed

103 1669 126 1728 si
149 1671 243 1747 possit
264 1670 403 1747 genetiuo
428 1666 571 1746 singulari
598 1669 695 1745 iungi,
720 1685 756 1728 ao
780 1684 854 1736 non,
879 1667 1107 1728 insecundo
1131 1676 1210 1729 arte
1232 1669 1402 1731 considera·

105 1769 208 1830 bimus

188 1871 304 1932 Genera
328 1873 480 1932 nominum
504 1878 577 1952 quot
598 1871 686 1932 suntl
731 1869 890 1940 Quattuor,
915 1867 1109 1931 masculinum
1132 1870 1307 1934 femininum
1330 1891 1403 1934 neu·

69 1981 184 2033 rstrum
207 1989 379 2042 commune,
403 1979 437 2034 ut
457 1972 505 2032 lric
527 1974 668 2051 magister
690 1970 766 2032 lraec
787 1971 870 2031 ldusa
893 1969 950 2030 lroc
972 1988 1135 2031 scamnum.
1170 1973 1332 2035 Commune
1349 1982 1402 2046 est,

106 2075 222 2150 quoties
244 2074 439 2136 masculinum
463 2082 493 2134 et
515 2073 692 2144 lemininum
710 2091 801 2134 unum
819 2089 921 2133 casum
936 2070 1062 2142 habent,
1087 2074 1163 2134 idest
1176 2075 1402 2143 nominetiuum,

107 2174 244 2237 similem.
288 2174 382 2237 Omne
404 2186 499 2254 genus
522 2183 581 2246 est,
610 2177 733 2251 qnando
762 2175 963 2235 nominatione
990 2192 1076 2235 casus
1098 2176 1155 2236 tria
1177 2193 1286 2254 genera
1310 2179 1403 2238 susci·

106 2277 162 2355 pit,
192 2285 226 2338 ut
253 2276 300 2337 hic
323 2278 447 2339 ethaeo
470 2276 578 2338 etheo
606 2276 685 2338 ielis.
731 2277 903 2356 Epicoenon
932 2284 991 2346 est,
1020 2276 1096 2336 idest
1125 2278 1342 2355 promiscuum,
1371 2259 1405 2339 ut

106 2379 203 2456 aquila
225 2397 349 2449 cornus,
373 2379 452 2458 quod
476 2377 603 2440 duorum
619 2396 763 2457 generum
780 2385 833 2438 est.
872 2376 1008 2438 ‘Carnem'
1025 2393 1143 2456 quoque
1159 2379 1183 2437 si
1199 2378 1323 2441 dixerim
1340 2398 1404 2441 esse

69 2497 94 2536 eo
107 2480 234 2541 duorum
256 2497 415 2559 generum,
439 2483 559 2559 generis
581 2488 680 2542 tamen
696 2481 861 2541 communis
878 2487 936 2548 est,
961 2479 1040 2558 quod
1056 2476 1173 2539 articuli
1189 2479 1402 2543 demonstrant.

106 2581 181 2653 Quid
206 2600 278 2661 crgo
301 2583 438 2643 intererit
459 2583 537 2643 inter
560 2599 719 2644 commune
742 2589 771 2640 et
794 2581 976 2659 epicoenon?
1000 2580 1062 2640 Hoc
1084 2582 1221 2642 interest:
1246 2600 1403 2644 commune

105 2683 133 2742 id
157 2683 228 2752 erit,
253 2682 303 2743 ubi
327 2684 393 2745 uisu
416 2683 629 2746 discernuntur
657 2701 760 2753 sexus,
790 2690 822 2741 nt
844 2681 892 2742 hic
915 2687 944 2741 et
966 2680 1041 2742 haec
1069 2684 1162 2744 canis:
1188 2701 1242 2761 pro
1265 2682 1405 2763 qualitate

106 2785 226 2860 generis
254 2784 381 2862 adiungo
409 2784 459 2846 illa
487 2786 677 2864 pronomina,
708 2801 796 2863 quam
826 2785 891 2844 uisu
920 2781 1065 2862 discerno.
1111 2783 1283 2862 Epicoenoo
1306 2795 1404 2847 antem

50 2899 53 2902 ·
107 2886 175 2957 erit,
212 2885 292 2965 quod
325 2887 390 2946 uisu
426 2886 557 2948 discerni
587 2905 647 2948 non
675 2893 782 2965 potest.
828 2884 902 2946 Nam
924 2886 949 2944 si
972 2885 1090 2946 uideam
1119 2893 1170 2945 aut
1198 2886 1325 2962 aquilam
1356 2896 1406 2948 aut

69 3005 232 3048 mcoruum
260 2995 310 3048 aut
338 2988 450 3067 piscem
479 2996 529 3048 aut
556 2987 743 3056 mustelam,
760 2984 933 3047 discernere
963 3005 1022 3048 non
1051 3005 1188 3066 possum:
1220 2987 1332 3050 idcirco
1354 2987 1406 3050 ubi

107 3089 172 3150 uisu
194 3107 255 3150 non
279 3088 476 3150 discernimus
497 3108 615 3159 sexum,
639 3090 803 3168 epicoenon
826 3089 959 3149 dicimus.

192 3188 349 3251 Praeterea
373 3196 402 3250 et
423 3189 495 3251 illud
519 3199 564 3252 est
585 3191 788 3260 discretionis,
812 3189 906 3270 quod,
931 3189 955 3250 si
971 3188 1082 3251 luerint
1097 3191 1215 3252 nomina
1240 3195 1406 3255 communis

106 3292 240 3370 generis,
269 3291 406 3352 diuersos
434 3290 546 3353 habent
573 3291 726 3359 articulos;
759 3295 785 3352 si
808 3292 943 3371 epicoeni
965 3291 1098 3368 generis,
1128 3309 1220 3353 unrrm
1248 3294 1405 3356 articulum

107 3402 229 3464 tantum,
255 3400 287 3454 ut
309 3391 357 3452 hic
380 3401 410 3454 et
430 3392 504 3453 haec
527 3395 623 3453 canis:
654 3396 817 3472 epicoenon
841 3410 899 3453 noo
922 3409 1042 3471 possum
1067 3391 1176 3463 dicere,
1201 3396 1358 3471 quomodo,
1382 3399 1406 3456 si

69 3493 232 3574 eo‘aquila'
255 3501 307 3555 aut
329 3493 484 3555 masculini
507 3501 557 3554 aut
579 3495 714 3554 lentinini
730 3494 819 3554 luerit
833 3495 962 3572 generis,
985 3501 1098 3554 tantum
1114 3493 1212 3556 ‘haec’
1229 3497 1325 3574 aquila
1341 3497 1407 3558 dico

108 3605 136 3656 et
169 3614 229 3656 non
264 3593 334 3657 licet
366 3595 439 3656 mihi
469 3603 586 3657 mutare
624 3593 790 3662 articulum.
845 3595 917 3656 liam
949 3596 974 3654 si
1006 3602 1176 3668 mutauero,
1205 3599 1312 3678 incipit
1341 3617 1406 3660 esse
1467 3620 1469 3624 ·

108 3715 274 3758 cornmune.

176 3971 190 4018 1
210 3967 278 4017 Raro
296 3967 338 4018 hic
356 3963 482 4033 Donatus]
505 3969 554 4018 His
571 3969 656 4019 uerbis
674 3975 764 4019 auctor
781 3970 927 4032 significare
939 3972 999 4027 uait,
1013 3967 1139 4018 Donatum
1156 3970 1231 4019 marito
1241 3970 1318 4033 plura
1328 3985 1407 4032 prae-

109 4039 220 4100 cepisse,
238 4051 312 4102 quarn
330 4053 394 4102 qaue
412 4039 476 4101 ipsis
492 4037 543 4087 illis
561 4037 646 4087 uerbis
664 4035 701 4100 (p.
723 4040 787 4098 355,
808 4037 851 4098 12)
870 4037 996 4087 cononem·
1018 4037 1167 4092 uideantur,·
1193 4039 1274 4100 primo
1292 4039 1357 4088 enim
1375 4041 1407 4088 de

109 4105 220 4156 adlatiuo
237 4107 296 4169 ipso
312 4110 367 4154 sine
383 4105 585 4170 praepositione,
604 4105 652 4155 doc
669 4111 707 4154 est
725 4107 890 4168 deceptiosa,
909 4120 962 4154 eam
980 4106 1115 4168 cogitasse,
1132 4121 1159 4168 p.
1175 4107 1296 4167 355,12,·
1314 4107 1407 4156 deinde

111 4173 140 4221 de
157 4173 270 4223 adlatiao
288 4187 342 4222 eran
358 4174 551 4236 praepositione
569 4175 664 4238 innato,
682 4173 730 4223 lloe
747 4181 786 4223 est
804 4175 836 4222 de
854 4188 883 4222 eo
902 4188 971 4235 casu,
986 4178 1030 4237 put
1038 4175 1147 4236 proprie
1160 4174 1261 4222 dicatur
1272 4173 1406 4232 abietinas,

111 4256 162 4290 eam
180 4241 271 4306 egesse,
290 4257 317 4303 p.
332 4243 392 4299 375,
406 4243 436 4296 4;
455 4243 562 4307 denique
581 4243 613 4291 de
631 4243 792 4304 renouatum,
809 4257 837 4303 p.
852 4243 965 4303 375,11.
1035 4239 1155 4290 edoctor·
1222 4243 1408 4292 destructoria·

176 4321 203 4357 ut
221 4309 313 4358 addidi
379 4307 524 4358 deblatiuo
594 4320 638 4358 out
656 4306 852 4371 nominatiuum]
870 4306 974 4356 orrtnr'n
1035 4307 1193 4357 9Haecest
1211 4310 1406 4372 miroloquutio

112 4379 168 4436 ete]
186 4377 302 4427 Miratur
319 4382 417 4439 auctor,
436 4377 463 4425 ni
476 4377 565 4439 fallor,
593 4377 720 4426 Donatum
737 4379 764 4426 in
781 4383 838 4426 arte
856 4375 874 4422 I
891 4377 923 4424 de
941 4376 1060 4439 septimo,
1088 4379 1132 4441 qui
1148 4377 1249 4440 dieitur,
1273 4393 1334 4427 cusu
1351 4381 1406 4429 solo

111 4460 198 4508 apere,
217 4459 272 4493 eum
288 4445 314 4493 in
332 4450 390 4492 arte
407 4443 442 4492 II
459 4443 565 4494 oblatiui
581 4445 729 4508 insaporet
746 4443 893 4493 nominatiai
909 4445 1002 4493 mentio
1015 4443 1073 4505 fiat.
1161 4447 1191 4494 11
1208 4441 1298 4511 gutluri
1375 4449 1406 4495 12

113 4513 254 4575 genetiuum
273 4511 430 4580 singplorem
501 4511 721 4562 considerauimus
803 4513 835 4560 15
852 4523 972 4570 comune,
991 4512 1029 4560 sic
1045 4511 1104 4569 fere
1121 4527 1222 4576 semper
1291 4513 1322 4562 16
1341 4513 1407 4563 idest

113 4581 198 4630 addidi
284 4581 316 4629 17
334 4579 438 4641 quaudo
456 4581 548 4630 addidi
615 4579 790 4629 nominatione
808 4574 895 4643 casus]
915 4593 1009 4627 nomen
1025 4579 1054 4628 id
1071 4575 1115 4629 cai
1202 4583 1232 4631 18
1251 4595 1405 4646 epoeceuon,

112 4712 229 4762 seraper¹
275 4698 343 4748 idest
360 4699 451 4750 addidi
520 4699 551 4749 19
570 4695 665 4762 tamen]
685 4695 720 4746 trit
798 4645 928 4762 sellogo
982 4692 1070 4762 qurum]
1090 4713 1155 4760 quse
1239 4700 1272 4750 21
1291 4709 1406 4764 pretereo

165 4767 278 4897 leomuui
364 4762 564 4817 adoraremus
617 4766 734 4816 crisenon
790 4765 816 4815 id
835 4780 912 4816 unum
982 4767 1016 4815 29
1034 4761 1177 4834 quomodo]
1197 4763 1239 4828 qrir
1300 4770 1333 4819 30
1352 4778 1406 4818 tsn-

116 4842 164 4880 tom
196 4845 222 4884 ut

138 4931 228 4976 daun.
240 4944 294 4976 nar.
307 4933 390 4978 Sarra.
1174 4924 1206 4972 10
