3394 5448
278 349 342 414 280
645 364 648 370 ·
672 351 950 401 mrrnnnu'rran
969 349 1182 402 salamonem

365 537 446 598 lnter
468 535 580 616 pullum
603 544 633 597 et
656 539 775 615 nigrum
798 536 855 598 hoo
882 537 1021 606 interest,
1051 537 1129 616 quod
1160 537 1270 617 pullum
1300 535 1368 598 albo
1397 539 1568 600 contrarium

282 648 341 711 esi,
366 641 482 717 nigrum
506 637 605 699 colore
629 640 798 718 accipimus.

364 742 445 802 Inter
467 747 550 820 putat
573 747 602 799 et
624 741 787 810 existimat,
815 740 953 818 opinatur
982 740 1145 801 arbitratur
1173 743 1341 820 suspicatur
1363 740 1421 802 hoc
1442 743 1567 812 interest,

280 843 357 924 quod
381 849 478 922 putat,
503 841 554 917 qui
577 840 708 910 dubitat,
733 843 896 912 existimat,
921 842 972 920 qui
995 839 1059 922 †er
1081 849 1198 903 maturo
1222 859 1296 920 quae
1319 850 1383 903 acta
1407 850 1476 905 sunt
1496 843 1568 912 dicit,

281 947 428 1024 opinatur,
452 944 503 1023 qui
526 943 659 1021 opinioni
682 950 732 1003 aut
754 961 825 1004 suae
849 951 900 1003 aut
921 943 1043 1003 alterins
1065 942 1176 1014 eredit,
1200 943 1373 1013 arbitratur,
1397 946 1446 1022 qui
1470 944 1588 1007 dubiaes

281 1048 325 1106 rei
348 1047 436 1106 finem
459 1045 589 1123 inponit,
614 1045 789 1123 suspicatur,
813 1047 864 1124 qui
886 1044 1007 1105 latentis
1029 1045 1073 1105 rei
1097 1045 1241 1124 prospicit
1262 1047 1397 1106 lormam.

367 1146 446 1206 inter
469 1144 629 1225 prohibere
652 1153 682 1206 et
704 1145 841 1207 inhibere
864 1146 921 1206 hoc
943 1148 1083 1217 interest,
1113 1146 1192 1225 quod
1221 1146 1384 1226 prohibere
1414 1157 1459 1207 est
1484 1164 1567 1225 porro

281 1247 402 1316 hahere,
425 1245 561 1307 inhibere
585 1248 614 1307 ui
627 1247 744 1316 dicitur,
770 1257 799 1307 et
822 1247 900 1324 qirod
924 1231 1116 1326 probibemus
1138 1249 1219 1319 iure,
1243 1248 1414 1309 inhibemus
1437 1249 1565 1328 imperio.

366 1350 447 1409 lnter
469 1357 616 1410 ostentum
641 1356 670 1409 et
691 1347 859 1427 prodigium
883 1355 912 1408 et
935 1356 1098 1410 monstrum
1122 1348 1178 1410 hoc
1201 1351 1341 1421 interest,
1372 1349 1450 1427 quod
1473 1358 1565 1412 osten·

281 1461 342 1513 turn
366 1452 430 1512 sine
453 1468 579 1530 corpore
601 1448 697 1511 solido
720 1450 804 1510 nobis
827 1470 859 1510 se
882 1449 1010 1511 ostendit
1033 1451 1064 1510 in
1081 1450 1174 1510 oculis
1196 1461 1224 1512 et
1245 1451 1382 1521 auribus,
1406 1450 1565 1531 prodigium
1577 1472 1596 1508 n

281 1573 369 1625 uero,
394 1552 472 1633 quod
496 1551 597 1612 solidis
620 1551 795 1632 corporibus
818 1554 1006 1632 prospicitur,
1032 1561 1063 1612 ut
1085 1554 1115 1612 in
1139 1550 1221 1612 caelo
1244 1559 1374 1614 cometes
1396 1548 1480 1614 stella
1496 1560 1525 1612 et
1539 1554 1565 1612 in

282 1663 368 1717 nocte
392 1655 456 1725 lux,
486 1655 515 1713 in
539 1652 586 1714 die
610 1653 764 1722 tenebram
795 1663 960 1714 monstrum
984 1672 1056 1714 uero
1085 1660 1220 1715 naturam
1244 1656 1390 1732 cognitam
1414 1655 1564 1733 egreditur,

283 1767 314 1817 ut
336 1773 461 1836 serpens
482 1774 549 1817 cum
572 1754 698 1833 pedibus
720 1762 771 1816 aut
793 1774 860 1816 cum
883 1763 1021 1834 quattuor
1044 1755 1120 1830 olis„

366 1859 447 1919 lnter
474 1859 659 1925 conticuere,
688 1856 855 1924 obticuere,
885 1859 1032 1917 reticuere
1055 1856 1111 1918 hoc
1134 1858 1269 1933 interest,
1299 1857 1379 1939 qnod
1408 1861 1457 1939 qui
1479 1861 1565 1920 eonti-

281 1965 357 2030 cuit,
381 1960 511 2040 undique
526 1958 674 2019 silentium
690 1959 846 2038 praestitit,
865 1965 896 2018 ut
911 1959 1038 2037 antiqui:
1063 1959 1267 2022 ‘conticuit
1290 1959 1436 2020 tandem
1460 1961 1564 2021 laoto-
1576 1979 1594 2020 u

282 2081 350 2142 que
379 2061 437 2123 hic
466 2060 479 2120 i
484 2061 541 2121 ino
570 2061 739 2139 quieuit!
783 2058 928 2130 Obticuit,
957 2062 1008 2139 qui
1038 2058 1147 2121 nullam
1177 2079 1260 2140 spem
1284 2061 1423 2142 loquendi
1446 2061 1564 2140 reliquit

282 2164 416 2232 reticuit,
441 2164 492 2240 qui
515 2161 632 2222 silentio
655 2179 797 2241 responsa
821 2161 925 2222 iinluit.

367 2265 446 2325 lnter
474 2262 665 2343 sepulchrum
688 2262 833 2323 tumulum
857 2270 1081 2324 monumentum
1107 2262 1225 2324 bustum
1255 2263 1310 2326 hoc
1332 2267 1470 2342 interest,
1494 2265 1564 2346 quod

282 2365 474 2446 sepulchrum
507 2365 603 2434 locus,
637 2366 668 2424 in
700 2383 759 2445 quo
788 2381 914 2443 corpora
942 2366 1126 2444 sepeliuntur
1155 2372 1183 2425 et
1211 2384 1226 2425 a
1254 2365 1426 2445 sepeliendo
1454 2367 1564 2435 dicitur,

180 2498 183 2504 ·
284 2469 429 2538 tumulus,
456 2467 508 2548 qui
535 2468 652 2527 cineres
680 2468 766 2544 tegit,
802 2474 1041 2535 monumentum,
1070 2467 1147 2547 quod
1176 2467 1334 2546 sepulchro
1363 2468 1596 2539 circumdaturos

282 2571 392 2632 dictum
416 2588 432 2630 a
455 2567 680 2639 monitionibus,
706 2567 841 2637 bustum,
864 2569 894 2629 in
917 2587 975 2648 quo
998 2587 1063 2629 ossa
1085 2577 1169 2638 sunt,
1192 2571 1275 2649 quasi
1298 2569 1387 2630 ‘bene
1411 2575 1527 2632 ustum'.

366 2671 447 2731 lntor
476 2679 553 2730 astra
582 2677 611 2730 et
637 2669 733 2730 sidera
763 2669 819 2730 hou
846 2671 984 2739 interest,
1020 2669 1099 2747 quod
1132 2677 1211 2732 astra
1239 2671 1304 2732 sine
1335 2671 1481 2733 sideribus
1506 2691 1565 2733 esse

283 2781 420 2852 possunt,
445 2771 542 2832 sidera
565 2773 629 2832 sine
652 2773 741 2832 astris
764 2789 823 2832 non
846 2779 978 2851 possunt,
1001 2773 1069 2851 quia
1091 2779 1170 2832 astra
1193 2771 1249 2832 lixa
1272 2757 1340 2833 s‘unt
1362 2776 1455 2850 caelo,
1477 2773 1565 2834 sidera

283 2882 452 2936 mouentur.

367 2976 447 3037 lnter
470 2975 607 3053 deripere
630 2983 659 3035 et
681 2974 811 3054 diripere
826 2976 882 3036 hoc
898 2977 1039 3046 interest,
1063 2974 1143 3055 quod
1159 2976 1310 3056 deripere,
1334 2995 1402 3038 curn
1424 2996 1463 3039 ex
1484 2991 1595 3057 supe-²⁵

283 3079 363 3139 riore
384 3086 469 3155 parte
492 3079 523 3136 in
545 3077 719 3137 inferiorern
743 3078 890 3156 rapimus,
915 3075 1070 3155 diripimus
1093 3084 1208 3147 autem,
1232 3097 1300 3139 cum
1324 3079 1469 3141 laniamus
1489 3089 1517 3141 et
1536 3081 1562 3139 in

283 3180 418 3240 diuersas
439 3187 539 3258 partes
561 3177 735 3239 diducimus.
1559 3233 1561 3236 .

367 3280 448 3341 lnter
464 3298 582 3342 oausam
599 3289 628 3340 et
643 3281 788 3340 rationem
805 3279 862 3340 hoc
877 3282 1010 3350 interest,
1027 3279 1105 3360 quod
1122 3299 1208 3342 eausa
1224 3281 1329 3343 multas
1344 3282 1434 3344 habet
1448 3285 1563 3363 speeies,

283 3384 358 3443 ratio
381 3382 570 3461 paucissimas
586 3378 599 3465 ΙΙ
615 3380 634 3442 i.
653 3377 728 3442 115·
745 3379 756 3463 ΙΙ
772 3387 802 3442 et
823 3381 902 3458 quod
926 3384 1003 3444 ratio
1024 3382 1162 3453 eflicitur,
1186 3401 1272 3444 causa
1295 3383 1487 3446 desideratur.

287 3553 508 3560 --——--—-.....

351 3671 481 3737 lpullum
500 3657 690 3736 -docipimus
711 3671 998 3737 Goidofredusp.103
1067 3671 1241 3721 3axestimat
1291 3674 1379 3722 iterest
1444 3674 1563 3722 raesu-

283 3750 335 3790 mot
352 3740 396 3802 qui
414 3753 447 3788 cx
466 3749 591 3801 maturoq;
611 3751 701 3788 exacta
717 3752 785 3789 sunt.
822 3739 875 3789 Pro
894 3754 926 3788 ex
944 3749 1044 3787 maturo
1061 3738 1176 3800 sortasse
1199 3741 1387 3790 existimatione
1408 3741 1564 3791 scribendum.

282 3812 297 3859 b
317 3808 438 3873 opinione
456 3817 500 3855 ant
517 3821 571 3856 suae
640 3807 710 3868 quod
726 3807 810 3856 dnbiee
829 3817 902 3872 putat
919 3807 963 3869 qui
981 3806 1080 3856 dubitat
1097 3807 1227 3858 existimet
1243 3811 1287 3870 qui
1305 3824 1337 3857 ex
1355 3809 1486 3858 immaturo
1505 3823 1564 3871 quse

282 3885 338 3925 acts
356 3885 417 3924 sunt
434 3900 465 3910 -
484 3874 593 3940 inponit,
612 3875 758 3939 suspicatur
775 3876 819 3936 qni
838 3875 954 3924 latentem
974 3874 1010 3922 rei
1029 3875 1153 3939 prospicit
1169 3873 1276 3924 iormem
1291 3877 1460 3934 Gotdofredar
1469 3894 1496 3940 p.
1509 3879 1563 3938 103,

283 3944 317 4007 es.
334 3943 410 4008 Reiff.
428 3960 456 4008 p.
474 3944 525 3992 287
593 3944 673 4007 'ipro
692 3942 785 3992 habere
853 3942 1002 3992 Binhibere
1021 3943 1053 3990 lll
1071 3942 1164 3991 dicitur
1216 3944 1336 3994 inibimus
1388 3945 1564 4010 prohibere-

282 4011 396 4060 inhibere
414 4012 513 4060 uidetur
531 4009 600 4072 quod
618 4035 651 4044 -
669 4009 776 4074 imperio
796 4009 1084 4074 Gothofrerluap.103,
1102 4011 1136 4073 cf.
1147 4011 1222 4076 nens.
1239 4028 1267 4076 p.
1279 4014 1330 4063 287
1399 4016 1430 4064 10
1447 4014 1470 4061 in
1489 4012 1563 4062 oculis

282 4079 386 4128 auribus
457 4079 487 4127 11
506 4079 605 4126 comitis
675 4080 706 4126 12
724 4079 825 4127 tenebre
870 4078 1000 4142 cognitum
1014 4086 1140 4126 ostentum
1159 4081 1215 4128 siue
1227 4094 1334 4144 corpore
1345 4081 1454 4130 solidum
1467 4081 1562 4130 nouisse

283 4155 394 4196 ostentat
411 4157 435 4194 et
453 4146 532 4196 oculis
551 4157 575 4194 et
592 4145 696 4194 auribus
715 4172 748 4180 —
766 4146 790 4194 in
809 4145 878 4195 coelo
896 4146 996 4194 comitis
1015 4145 1089 4196 stella
1107 4172 1139 4181 -
1158 4148 1268 4197 interdiu
1285 4147 1410 4211 tenebrae,
1430 4158 1562 4198 monstrum

284 4228 343 4262 nero
362 4223 450 4262 contra
468 4223 584 4263 naturam
602 4214 832 4278 cognitum—elis
852 4214 1024 4274 Gotdofredue
1040 4217 1140 4279 p.103,
1159 4215 1193 4278 cs.
1213 4215 1287 4281 lleiff.
1304 4219 1392 4280 puer
1461 4219 1490 4267 lb
1507 4231 1562 4265 con·

283 4277 365 4348 tionit]
389 4280 467 4348 Very.
485 4283 552 4332 Aeo.
570 4281 689 4332 111718
740 4281 834 4344 iaetoq;
854 4282 894 4330 hio
913 4281 987 4330 ilnem
1058 4281 1089 4330 16
1107 4282 1210 4345 loquedi
1293 4287 1322 4334 li
1342 4285 1386 4349 qui
1404 4286 1562 4334 conticuit-

281 4349 368 4398 finiuit
387 4348 559 4412 Gothofredas
573 4366 601 4412 p.
622 4352 673 4399 103
743 4351 774 4400 18
792 4349 954 4414 sepulchrum
1037 4351 1071 4402 ,10
1089 4351 1246 4416 sepeliuntur
1263 4364 1307 4401 aut
1324 4351 1471 4416 sepeliendo
1533 4353 1562 4400 20

282 4419 325 4481 qni
345 4426 373 4467 ut
389 4417 486 4466 cineres
505 4418 580 4482 tergit
647 4419 679 4466 21
698 4432 773 4480 quam
793 4419 815 4466 ai
867 4416 1031 4482 sepulchrum
1049 4419 1252 4483 -sepeliuntur
1269 4433 1284 4468 a
1301 4419 1449 4485 sepeliendo
1467 4433 1562 4468 -mo

281 4487 421 4536 nimentum
439 4485 509 4548 quod
526 4484 687 4550 sepulchrum
710 4485 932 4534 circumdatur-
950 4495 1034 4534 ustum
1054 4485 1226 4549 Gotbofredue
1243 4505 1270 4552 p.
1287 4490 1339 4538 103
1442 4491 1473 4538 22
1493 4499 1561 4550 quom

281 4564 350 4603 astra
403 4565 470 4602 astra
488 4553 544 4602 siue
561 4553 654 4616 sydera
671 4567 729 4604 esse
746 4563 857 4618 possunt
874 4553 932 4615 quia
951 4562 1020 4603 astra
1039 4551 1089 4601 lixa
1102 4579 1135 4588 ·-
1148 4565 1282 4604 mouentur
1301 4556 1473 4619 Gorbefredus
1483 4573 1508 4620 p.
1517 4556 1562 4603 101

281 4623 314 4672 25
332 4635 389 4670 oum
408 4622 541 4686 superlore
608 4621 642 4671 26
659 4620 795 4686 diripimus
813 4624 829 4674 li
897 4622 931 4670 27
948 4621 1097 4670 deducimus
1150 4623 1216 4672 luter
1233 4624 1344 4689 diripere
1355 4625 1505 4690 etderipere
1519 4623 1562 4670 hoc

282 4691 398 4754 interest,
422 4689 491 4751 quod
514 4689 662 4754 diripimus,
686 4703 742 4738 cum
765 4705 798 4738 ex
820 4690 954 4755 superiore
972 4699 1043 4754 parte
1061 4716 1093 4724 -
1111 4689 1252 4756 deripimus
1270 4703 1353 4741 antem
1372 4719 1405 4728 -
1423 4693 1561 4742 deducimus

283 4757 455 4820 Gothosreduc
471 4774 497 4820 p.
509 4760 559 4806 103
627 4759 660 4807 28
679 4757 745 4807 lnter
762 4754 825 4809 edati
875 4759 970 4822 species
1016 4759 1049 4807 22
1062 4758 1229 4809 desideretur.
1247 4775 1320 4810 orcus
1339 4761 1432 4810 dicitur
1449 4763 1482 4810 ito
1500 4759 1562 4816 illud,

282 4825 317 4888 rs.
336 4829 466 4890 sequentia
518 4839 595 4874 carisa
614 4850 646 4859 -
664 4827 823 4876 desideratur
842 4827 1013 4890 Gothofrudus
1029 4841 1056 4891 p.
1078 4830 1125 4876 101
