3390 5444
628 384 839 446 pseustius,
1036 433 1043 446 ,
1322 383 1383 448 115

82 573 216 655 obliquis
239 573 357 636 casibus
380 574 549 652 corripitur.
595 575 767 636 Communia
790 574 915 637 datorum
939 592 1082 652 generum
1104 575 1135 634 in
1158 592 1202 640 or.
1232 581 1264 634 ut
1286 573 1335 634 bic
1357 581 1386 634 et

82 676 157 738 baec
182 686 300 747 auctor,
328 675 376 736 bic
399 685 428 736 et
451 675 523 736 baec
546 675 689 746 discolor,
712 675 761 739 bic
784 686 814 738 et
836 676 909 740 baec
931 676 1082 745 concolor,
1104 675 1153 735 hie
1175 682 1204 737 et
1227 675 1300 736 haec
1323 694 1385 736 me·

82 799 159 848 mor,
184 779 233 840 hic
255 777 379 840 ethaeo
401 779 559 839 inmemor.
610 777 690 838 llaec
712 785 811 839 autem
835 780 954 840 nomina
977 797 1012 840 or
1026 777 1108 838 finita
1124 779 1167 838 sic
1182 775 1383 839 declinantur:

83 880 133 940 bic
157 883 246 942 timor
267 880 356 942 huius
378 879 493 940 timoris
515 877 584 941 huic
606 881 707 940 timori
730 878 809 942 hunc
831 882 970 942 timorem
993 898 1011 940 o
1033 881 1121 941 timor
1143 879 1180 940 ab
1196 879 1251 940 boc
1267 881 1384 948 timore,

43 997 57 1036 s
84 989 114 1042 et
136 980 243 1061 plurali
266 981 296 1042 hi
317 983 440 1042 timores
462 980 569 1044 borum
592 983 731 1042 timorum
752 980 799 1042 his
821 982 977 1044 timoribus
999 981 1055 1043 bos
1077 983 1200 1043 timores
1222 1001 1239 1042 o
1261 983 1386 1042 timores

84 1083 123 1144 ab
145 1082 193 1143 bis
215 1081 381 1144 timoribus.
428 1083 618 1163 Cenparatiui
640 1101 744 1144 omnes
766 1083 921 1146 masculini
945 1092 974 1145 et
995 1084 1144 1153 feminini;
1175 1083 1244 1146 inde
1267 1084 1384 1145 liona-

84 1195 145 1247 tus
174 1184 258 1246 dicit:
288 1185 559 1264 conparatiuas
585 1185 725 1263 gradus
746 1188 899 1264 generis
922 1194 978 1247 est
999 1204 1143 1266 semper
1165 1184 1384 1254 communis,

84 1296 116 1348 ut
137 1287 187 1349 hic
210 1295 239 1348 et
260 1286 334 1347 haec
356 1286 470 1347 doctior
494 1286 542 1360 bic
564 1296 593 1348 et
616 1287 688 1350 haec
715 1288 848 1358 felicior,
876 1289 919 1349 sic
947 1287 1067 1350 mollior
1092 1286 1207 1349 melior.
1255 1287 1290 1348 Et
1312 1285 1386 1347 baec

84 1391 205 1450 nomina
240 1388 402 1450 masculina
434 1390 465 1448 in
499 1406 534 1448 ar
570 1387 734 1451 desinentia
769 1389 910 1450 feminina
938 1390 970 1449 in
997 1391 1027 1450 ix
1054 1391 1181 1459 iaciant,
1217 1397 1249 1449 ut
1281 1388 1385 1449 doctor

44 1490 217 1560 ¹⁰dectrix,
245 1492 345 1552 uiator.
369 1490 491 1559 uiatrix,
522 1489 714 1552 inluminator
742 1489 954 1554 inluminatrix.
998 1491 1071 1552 ltern
1100 1499 1204 1552 neutra
1227 1492 1325 1560 inlr,
1354 1496 1386 1550 at

83 1593 191 1654 ductor
212 1593 343 1663 ductrix,
366 1599 398 1653 ut
422 1598 467 1652 est
489 1591 546 1653 hoc
569 1592 751 1672 exemplum:
781 1592 885 1656 sidus
908 1610 1095 1672 magorum
1118 1593 1279 1654 ductrix.
1325 1591 1384 1652 Sed

84 1697 159 1758 baec
180 1696 256 1756 ratio
278 1696 309 1754 in
333 1692 517 1755 uerbialibus
539 1693 710 1756 nominibus
731 1695 891 1757 inuenitur.
1178 1706 1179 1710 ’

171 1797 203 1860 Ιιι
225 1816 262 1858 ur
284 1796 340 1856 dua
363 1797 482 1857 nomina
506 1795 668 1857 masculina
690 1798 897 1872 terminantur,
921 1805 953 1859 ut
967 1797 1017 1858 bic
1036 1797 1086 1858 tur
1100 1797 1190 1866 luris;
1214 1795 1293 1858 aliud
1317 1813 1383 1857 cor·

84 1908 219 1979 raptum,
249 1907 281 1959 at
308 1897 357 1958 hic
386 1897 433 1959 uel
461 1896 535 1959 haec
558 1904 669 1958 turtur:
700 1908 746 1960 est
768 1900 846 1962 enim
871 1900 1084 1976 promiscuum.
1128 1899 1202 1961 Item
1226 1907 1330 1960 neutra
1353 1899 1383 1960 in

46 2009 70 2047 ¹⁵
84 2019 120 2062 ur
143 2001 348 2070 inueniuntur,
370 2007 403 2061 ut
424 1998 480 2062 boc
503 2018 654 2061 murmur:
679 2000 731 2062 sed
754 1999 812 2061 bec
833 2017 941 2061 namen
964 2007 995 2061 et
1009 1999 1205 2063 masculinum
1221 2002 1386 2068 inuenitur,

83 2105 161 2164 sicut
182 2103 214 2164 ia
242 2099 390 2163 actibus
418 2099 672 2182 apostolorum
701 2099 823 2180 legitur:
853 2103 977 2164 iactus
1004 2111 1059 2165 est
1080 2119 1246 2164 murmur
1268 2104 1383 2164 Grae·

83 2221 221 2264 corum.
267 2203 340 2264 ltem
361 2202 487 2282 sulphur
510 2201 662 2282 sulphuris
685 2210 715 2264 et
736 2202 793 2266 hoc
815 2204 908 2266 robur
930 2205 1059 2267 rebaris.
1084 2268 1086 2272 ,

170 2306 203 2367 Ιιι
232 2323 264 2366 as
293 2312 364 2382 quot
385 2321 494 2383 genera
517 2306 731 2367 inueniuntur?
774 2305 933 2378 Quattuor,
959 2306 1038 2368 idest
1058 2304 1220 2368 masculina
1243 2305 1384 2367 feminina

84 2413 192 2468 neutra
216 2407 384 2469 communia
409 2403 597 2490 lll.105'll;
632 2406 794 2469 masculina
823 2409 951 2479 Graeca,
979 2415 1011 2469 ut
1040 2407 1088 2469 hic
1117 2407 1212 2471 Pallas
1233 2405 1383 2478 Pallantis,
1441 2484 1446 2492 .

45 2519 71 2558 2⁰
85 2509 142 2568 lrac
165 2517 210 2569 est
232 2507 310 2570 illius
331 2507 478 2576 Euandri,
508 2516 538 2568 et
559 2510 642 2587 gigas
665 2510 804 2587 gigantis,
832 2510 910 2590 qaod
934 2519 963 2572 et
985 2511 1102 2588 giganS,
1127 2517 1160 2570 ut
1182 2508 1230 2568 bic
1253 2507 1384 2570 dodrans
1457 2503 1458 2507 ’

85 2609 255 2679 dodrantis,
285 2607 394 2670 dicitur
422 2627 476 2689 per
504 2628 600 2672 usum.
644 2609 716 2670 ltem
746 2610 905 2672 masculina
928 2610 1046 2682 Latina,
1070 2618 1101 2672 ut
1124 2608 1173 2672 hic
1195 2627 1259 2671 mas
1282 2611 1383 2680 maris,

85 2711 166 2773 unde
188 2712 313 2773 maritas
335 2709 490 2773 diriuatur.
534 2711 608 2773 ltem
630 2710 687 2781 las,
719 2711 797 2791 quad
821 2719 851 2774 et
873 2711 917 2774 lar
940 2712 1063 2786 dicitur,
1092 2711 1170 2772 idest
1192 2713 1286 2790 ignis,
1315 2709 1385 2772 laris
1484 2767 1486 2772 .

87 2816 163 2875 lacit.
209 2811 363 2874 Feminina
390 2815 421 2873 in
448 2832 495 2884 as,
527 2822 558 2874 ut
583 2813 656 2874 bace
679 2815 791 2875 ueritas
812 2814 939 2893 dignitas
961 2816 1100 2890 sanctitas
1122 2813 1240 2874 bonitas
1262 2810 1384 2873 libertas

83 2915 211 2976 felicitas
232 2917 357 2977 castitas.
395 2914 555 2977 Sciendum
578 2923 630 2986 est,
655 2915 734 2992 quod
750 2915 824 2976 baec
839 2916 959 2976 nomina
974 2916 1078 2978 Latina
1100 2922 1145 2975 tas
1167 2914 1280 2996 syllaba
1302 2914 1383 2974 linita

46 3027 71 3067 ²⁵
85 3016 194 3083 multas
216 3016 334 3095 regulas
356 3019 509 3078 continere
533 3016 682 3078 uideatur.
719 3017 817 3080 Prima
840 3016 941 3096 regula
965 3025 1017 3088 est,
1041 3017 1120 3098 qued
1142 3035 1263 3098 semper
1277 3018 1384 3078 tertiae

84 3118 292 3180 declinationis
322 3127 406 3189 sunt;
434 3117 564 3180 secunda
592 3119 710 3198 regula,
740 3118 820 3200 quad
848 3136 967 3198 semper
993 3118 1136 3182 feminina
1159 3125 1236 3180 stant.
1284 3119 1383 3180 Tertia

14 3285 15 3290 ,
83 3220 188 3300 regula
212 3227 265 3290 est,
289 3219 367 3300 pred
390 3218 622 3299 incorporalium
644 3237 745 3282 rerum
769 3218 913 3282 uocabula
929 3227 1006 3282 sunt.
1044 3219 1154 3292 Quarta
1169 3219 1281 3299 regula,
1305 3217 1383 3297 quod

14 3401 15 3404 Ἴ
84 3322 231 3400 quaedam
260 3341 296 3384 ex
323 3321 369 3383 bis
398 3320 556 3400 aliquanda
584 3323 734 3402 primitiae
762 3328 845 3392 sunt,
880 3331 911 3383 ut
939 3321 1012 3383 baec
1040 3321 1191 3394 uoluntas,
1224 3320 1384 3398 aliquando

14 3409 15 3424 ¹
85 3425 260 3494 diriaatiua,
290 3432 322 3485 ut
345 3424 449 3502 dignus
472 3424 554 3502 digni
576 3423 718 3502 dignitas;
747 3422 799 3485 sed
822 3443 856 3486 ea
879 3425 1013 3492 nemina,
1037 3441 1112 3502 quae
1134 3422 1294 3484 diriuatiaa
1317 3429 1385 3482 sunt

48 3529 115 3587 ein
139 3535 184 3588 tas
207 3527 385 3595 desinentia,
413 3534 552 3606 quattuor
575 3526 672 3587 modis
694 3527 876 3595 diriuantur,
900 3527 956 3588 boc
980 3534 1037 3596 ast,
1068 3525 1225 3606 aliquande
1247 3543 1263 3584 a
1287 3525 1383 3585 nomi·

84 3629 187 3690 natiuo
211 3627 359 3689 secandae
379 3626 582 3689 declinationis
604 3627 701 3689 addita
719 3636 764 3690 tas
779 3627 900 3707 syllaba,
923 3635 955 3689 ut
970 3626 1047 3688 liber
1061 3625 1200 3696 libertam
1224 3624 1383 3704 aliquando

84 3749 99 3791 a
122 3731 263 3808 genetiuo
285 3730 433 3791 secandae
456 3729 663 3790 declinationis
685 3731 824 3801 ueniunt,
848 3738 881 3791 at
902 3737 1022 3792 sanctus
1043 3731 1138 3792 sancti
1159 3729 1308 3799 sanctitas,
1332 3727 1383 3790 ad·

85 3831 144 3893 dita
168 3838 214 3892 tas
236 3829 346 3911 syllaba
370 3831 406 3892 ad
428 3832 616 3909 genetiuum;
640 3815 685 3892 sic
706 3849 797 3893 aerus
818 3833 884 3893 ueri
907 3835 1027 3902 ueritas,
1050 3830 1147 3892 bonus
1168 3830 1239 3892 boni
1255 3830 1382 3900 bonitas,

86 3951 181 3994 nouus
209 3935 280 3995 noui
308 3934 438 4002 nouitas,
468 3929 577 4010 abique
605 3931 785 4011 paenultima
809 3935 818 3993 i
842 3942 988 4012 correpta.
1033 3933 1070 3994 lit
1097 3932 1275 4003 natandum,
1304 3931 1382 4012 quod

49 4043 73 4082 ³5
86 4053 160 4115 qaae
175 4036 205 4094 in
222 4035 361 4113 genetiuo
384 4032 570 4114 duplicanti,
595 4042 756 4096 extremam
780 4053 881 4096 earum
896 4036 1055 4097 mutantia
1072 4053 1088 4094 e
1104 4033 1270 4113 euphoniae
1285 4051 1383 4104 causa,

86 4145 118 4197 ut
139 4138 208 4216 pius
229 4137 269 4216 pii
292 4136 402 4212 pietas,
431 4135 548 4196 medius
574 4135 664 4196 medii
690 4135 849 4217 medietas,
880 4139 986 4198 anxius
1008 4137 1088 4198 anxii
1111 4137 1256 4206 anxietas,
1285 4135 1384 4196 socius

85 4240 157 4300 socii
189 4239 324 4299 societas.
369 4236 534 4316 Aliquando
557 4255 572 4297 a
596 4237 779 4300 nominatiao
807 4237 951 4317 singulari
979 4239 1082 4300 tertiae
1105 4237 1310 4300 declinationis
1333 4255 1384 4298 ue·

154 4425 324 4473 lcommuna
358 4422 385 4470 in
398 4421 445 4472 har
508 4399 645 4474 Slllenror
690 4421 773 4490 linita]
792 4423 899 4486 sermea,
918 4439 1008 4475 rarae.
1061 4407 1222 4489 ananelus]
1238 4439 1268 4488 p.
1280 4425 1340 4482 art,
1352 4425 1385 4474 17

14 4541 15 4544 ,
86 4487 212 4542 8leli⁶lor
229 4489 371 4541 simonior
451 4491 584 4542 edoctior
653 4494 685 4543 10
703 4492 868 4542 inluminatur
920 4491 1177 4542 nonannoeane
1229 4491 1278 4541 hac
1296 4505 1384 4540 exem·

14 4573 15 4600 2
86 4556 167 4625 ptam]
187 4560 221 4610 In
238 4559 328 4626 dymno
347 4559 462 4625 qaedam,
481 4575 530 4626 qua
548 4561 580 4610 de
597 4575 725 4625 naugerum
741 4563 816 4610 atella
828 4561 935 4611 ducente
947 4561 1059 4611 educatu
1070 4560 1203 4625 agebatur.
1258 4561 1291 4608 22
1303 4555 1381 4624 ratio]

14 4637 15 4640 ’
86 4629 207 4678 Fortunae
225 4637 324 4678 unium
341 4635 401 4690 port
419 4629 482 4678 ratio
501 4629 616 4682 exscidia
661 4629 694 4678 14
711 4631 737 4678 in
755 4645 785 4678 ur
832 4629 863 4679 16
882 4629 907 4677 in
925 4627 1023 4679 actibus
1040 4623 1383 4694 apostolorum]cap.V11

87 4731 115 4780 17
134 4729 243 4796 sadplrur
260 4701 391 4795 salplrlaris
461 4732 540 4780 rubar
557 4729 658 4780 rebaris
727 4731 761 4781 20
779 4743 804 4779 et
821 4729 862 4780 hie
929 4733 963 4781 24
979 4743 1024 4780 aec
1092 4729 1183 4780 Latina
1200 4727 1253 4795 tus]
1271 4728 1383 4779 latinitas

86 4799 117 4848 26
133 4794 260 4863 secunda]
278 4799 347 4850 sicut
413 4800 446 4849 27
465 4797 679 4864 incorporalium
748 4800 779 4850 31
798 4807 838 4848 tas
856 4797 968 4864 syllabas
1038 4801 1071 4850 85
1088 4798 1229 4864 duplicanti
1285 4813 1384 4861 eoram,

87 4880 151 4916 corr.
170 4881 258 4916 earum
309 4875 409 4917 metant
477 4867 610 4916 illisaciae
629 4866 686 4917 sotii
705 4867 812 4916 satietas

1138 4951 1178 5002 8*
