3390 5444
317 355 379 419 114
556 319 559 326 ’
835 357 903 410 aas
921 356 1095 411 aronam

314 545 440 607 ethaeo
462 547 555 625 paria,
579 564 596 605 o
619 563 708 625 pares
730 554 760 607 et
782 565 799 606 o
822 547 913 626 paria,
937 545 973 608 ab
997 547 1043 608 bis
1065 546 1195 626 paribus.
1233 547 1282 608 Sic
1297 546 1486 608 declinantur
1500 546 1539 608 ab
1557 546 1611 607 boc

315 649 435 708 nomine
458 649 610 727 conposita
634 646 682 708 blo
705 655 736 708 et
757 646 830 708 baec
853 656 882 708 et
904 647 960 709 boc
983 666 1103 729 conpar,
1127 652 1170 710 sie
1192 648 1292 729 dispar
1315 652 1411 728 inpar.

400 751 433 810 ln
462 769 496 810 er
523 746 684 810 masquina
711 749 852 811 feminiae
881 758 985 811 neutra
1009 752 1177 813 communIa
1199 753 1408 821 Inueniuntur;
1437 751 1611 820 masculina,

311 861 342 912 ut
372 851 419 910 bic
447 858 531 931 pater
553 850 646 913 frater
668 849 764 912 imber
786 860 941 931 sequester
963 869 1067 914 uomer
1089 853 1164 914 later
1185 871 1289 915 carcer
1311 871 1427 934 passer;
1455 855 1610 922 feminina,

310 965 342 1015 ut
369 954 443 1014 baec
468 961 565 1013 mater
593 950 677 1012 baec¹
694 952 816 1024 mulier;
844 961 964 1024 neutra,
993 961 1026 1015 ut
1053 953 1109 1014 boc
1137 954 1265 1016 cadauer
1288 956 1344 1016 boo
1366 958 1424 1017 iter
1446 954 1494 1016 uel
1519 956 1631 1015 itinera

310 1055 398 1116 tuber
425 1073 478 1116 uer
506 1055 581 1114 uber
608 1072 739 1134 papauer
766 1053 844 1116 laser
871 1054 956 1125 siler;
986 1075 1036 1116 aer·
1065 1058 1142 1117 enlm
1167 1063 1196 1116 et
1217 1057 1320 1118 aether
1342 1055 1507 1118 masculina
1532 1065 1609 1124 sunt,

310 1175 488 1236 quamquam
501 1159 611 1217 ‘aera'
624 1162 655 1216 et
666 1155 843 1217 ‘aetlrera'
860 1159 975 1234 poetice
990 1157 1108 1234 legitur.
1133 1157 1295 1219 Commune
1310 1159 1438 1220 duorum
1453 1177 1610 1238 generum,

308 1267 340 1319 ut
374 1257 421 1318 lric
451 1269 479 1342 ct
507 1257 580 1318 baec
608 1275 735 1336 pauper.
770 1259 854 1319 cuius
881 1258 1057 1320 lemininum
1087 1261 1117 1319 in
1147 1277 1163 1320 a
1191 1262 1384 1323 uetustissimi
1414 1259 1611 1340 proferebant

308 1364 478 1440 ‘paupera’.
514 1359 585 1420 lnde
601 1359 756 1420 Plautus
771 1358 857 1446 dlxit:
881 1377 1045 1438 paupera
1069 1361 1159 1421 haec
1181 1379 1241 1422 res
1264 1369 1329 1422 est.
1370 1362 1485 1442 Pauper
1508 1373 1610 1424 autem

250 1497 255 1512 ·
308 1465 350 1522 sic
372 1461 551 1522 declinatur:
574 1460 624 1521 hic
648 1471 678 1521 et
699 1460 771 1521 baec
793 1479 916 1540 pauper,
944 1459 1031 1522 huius
1053 1464 1202 1541 pauperis.
1226 1463 1295 1525 bulo
1317 1465 1451 1544 pauperi,
1474 1463 1560 1524 bunc
1583 1472 1610 1523 ct
1623 1477 1642 1514 10

307 1565 383 1625 bauo
406 1579 577 1644 pauperem,
601 1581 619 1622 o
641 1579 764 1642 pauper,
787 1561 824 1622 ab
846 1561 904 1623 hoc
927 1570 956 1624 et
978 1561 1015 1624 ab
1038 1565 1093 1625 bac
1115 1582 1256 1644 paupere,
1281 1573 1311 1625 et
1331 1563 1442 1644 plurali
1461 1565 1491 1624 bi
1508 1573 1540 1625 et
1555 1565 1610 1626 bae

251 1663 257 1671 '
307 1683 461 1746 pauperes,
484 1665 590 1725 borum
614 1672 644 1724 et
665 1661 770 1725 harum
791 1681 966 1743 pauperum,
991 1664 1035 1724 bis
1050 1664 1242 1746 pauperibus,
1266 1665 1321 1727 bos
1337 1675 1367 1726 et
1381 1665 1434 1726 bas
1448 1683 1608 1745 pauperes,

308 1787 325 1828 o
349 1784 504 1848 pauperes,
529 1764 566 1826 ab
589 1763 636 1825 his
658 1763 848 1844 pauperibus
886 1765 960 1827 Item
983 1783 1139 1828 commune
1162 1769 1251 1829 trium
1274 1785 1426 1846 generum,
1451 1775 1482 1828 ut
1505 1767 1558 1828 hic
1581 1777 1610 1828 ot

308 1870 381 1931 baec
404 1878 433 1930 et
456 1868 512 1928 boc
535 1864 632 1935 tuber,
655 1865 732 1926 idest
753 1865 909 1946 superbus,
934 1877 963 1929 et
986 1869 1042 1929 alio
1058 1885 1147 1929 sensu
1164 1868 1270 1929 dicitur
1285 1869 1382 1940 tuber,
1406 1869 1481 1930 idest
1495 1887 1609 1948 corpus

306 1969 409 2031 dolore
440 1978 566 2031 tumens.
614 1967 692 2029 Vber
720 1975 818 2029 autem
849 1977 987 2030 nanuum
1017 1977 1062 2031 est
1090 1978 1120 2030 et
1147 1969 1185 2030 de
1213 1972 1348 2031 mammis
1371 1971 1489 2040 dicitur,
1513 1980 1548 2031 ot
1576 1973 1643 2030 inu

306 2072 454 2132 cantico
481 2069 715 2130 canticorum
743 2069 867 2147 legitur:
887 2070 1053 2152 meliora
1080 2078 1167 2132 sunt
1193 2068 1240 2152 lli.
1266 2068 1372 2153 104iq
1400 2071 1515 2133 ubera
1546 2079 1606 2132 tua

305 2175 402 2234 uino.
447 2172 521 2233 Item
551 2169 686 2240 mobilia,
714 2180 746 2231 ut
774 2171 823 2232 hir.
846 2171 943 2232 alacer
965 2172 1039 2232 hacc
1062 2170 1169 2234 alacris
1191 2181 1221 2233 et
1244 2171 1300 2234 hoc
1322 2172 1435 2244 alacre,
1464 2174 1513 2234 bic
1537 2192 1607 2234 acer

305 2282 335 2334 et
358 2275 432 2335 haec
454 2274 531 2334 acris
554 2279 583 2332 et
604 2272 661 2334 hoc
683 2290 762 2333 acre.
801 2274 960 2335 Sciendum
984 2284 1028 2334 ast
1050 2282 1157 2343 antem,
1181 2272 1259 2353 quod
1282 2273 1356 2335 haec
1379 2275 1501 2335 nomina
1523 2277 1555 2335 in
1575 2294 1606 2334 er

305 2376 469 2437 desinentia
493 2375 522 2433 in
546 2377 629 2434 tertia
647 2371 844 2436 declinatione
868 2373 1027 2456 aIIquando
1050 2375 1211 2436 obseruant
1233 2393 1249 2436 a
1271 2377 1300 2435 in
1324 2374 1453 2454 obliquis
1476 2377 1605 2446 casibus,

306 2487 338 2538 ot
359 2493 462 2556 passer
484 2476 611 2558 passeris
633 2479 712 2538 luter
733 2474 834 2538 lateris
855 2494 959 2538 carcer
979 2479 1109 2538 carceris
1122 2494 1238 2556 pauper
1253 2477 1400 2556 pauperis.
1437 2477 1641 2559 aliquanao
1675 2523 1676 2540 ι

305 2587 404 2640 autem
434 2596 492 2638 non
522 2576 681 2638 obseruant
704 2578 772 2637 ein
796 2575 923 2659 obliquis
945 2578 1077 2649 casibus,
1108 2586 1140 2639 ut
1161 2587 1247 2655 pater
1268 2579 1361 2657 patris
1389 2578 1482 2641 irater
1503 2582 1605 2642 iratris

304 2689 399 2742 mater
420 2681 534 2742 matris.
1403 2733 1409 2742 ,
1675 2669 1676 2736 l

388 2781 421 2842 ln
451 2783 477 2841 ir
506 2799 596 2842 unum
625 2799 734 2842 nomen
757 2781 904 2843 Graecum
932 2779 1126 2843 masculinum
1154 2781 1321 2857 inuenitur,
1351 2789 1383 2842 nt
1407 2782 1457 2843 bic
1479 2791 1601 2863 martyr,

303 2884 380 2944 idest
404 2885 501 2953 testis,
529 2883 608 2964 quod
630 2900 739 2943 nomen
762 2883 935 2944 lemIninum
958 2882 988 2944 in
1012 2902 1028 2942 a
1051 2883 1152 2952 mittit,
1182 2889 1215 2943 ut
1236 2882 1310 2958 baec
1331 2892 1471 2964 martyra.
1516 2884 1601 2945 Inue·

304 2987 383 3046 nitor
406 2992 504 3046 autem
528 2992 557 3044 et
580 3003 670 3046 unum
694 3001 803 3045 nomen
829 2985 955 3046 ciuitatis
976 2987 1007 3045 in
1029 2986 1065 3054 ir,
1089 2983 1207 3045 otbaec
1222 2985 1332 3048 Gaddir
1348 2995 1377 3046 et
1391 2985 1465 3047 illud
1481 3005 1599 3054 nomen,
1614 3001 1638 3040 25

304 3087 382 3166 qood
406 3104 508 3147 arcum
531 3085 604 3147 caeli
627 3087 780 3165 significat,
803 3094 836 3147 ut
851 3088 876 3146 ir
891 3087 953 3156 iris,
977 3088 1054 3147 sicut
1068 3083 1191 3163 legitur:
1213 3087 1246 3145 ir
1268 3085 1363 3147 caeli
1387 3086 1602 3158 colorosus,
1675 3143 1676 3156 ,

205 3184 209 3190 '
302 3190 337 3246 in
360 3205 431 3268 quo
453 3204 560 3248 arcos
583 3186 774 3248 nimbosus
798 3187 1058 3265 distinguitur.

387 3289 419 3350 ln
448 3308 482 3350 or
504 3297 577 3368 quot
598 3305 708 3366 genera
729 3290 942 3350 inueniuntur?
986 3287 1145 3359 Quattuor,
1175 3289 1252 3349 idest
1273 3289 1435 3352 masculina
1458 3292 1601 3353 feminina

303 3398 409 3452 neutra
431 3393 615 3460 eommunia;
647 3390 823 3460 masculina,
852 3399 884 3452 ut
906 3389 955 3450 hic
976 3389 1060 3470 lalpor
1083 3390 1131 3450 hic
1153 3389 1252 3458 dolor;
1284 3391 1441 3462 feminina,
1471 3401 1506 3452 ut
1526 3392 1602 3453 baec

227 3511 231 3516 ·
303 3511 378 3553 uror
400 3492 473 3553 baec
495 3510 581 3555 soror
602 3492 676 3553 baec
698 3491 805 3561 arbor;
829 3499 942 3566 neutra,
966 3500 999 3552 ut
1021 3491 1077 3552 boc
1100 3510 1232 3552 marmor
1250 3492 1306 3553 hoc
1321 3493 1412 3555 robor
1427 3492 1486 3555 boc
1500 3502 1636 3572 gutturae
1675 3563 1676 3578 χ

300 3594 357 3654 boc
387 3593 460 3654 ebor
489 3595 545 3656 boc
574 3612 686 3673 aequor
713 3594 781 3654 boc·
798 3611 850 3654 cor
872 3593 928 3653 boc
952 3591 1063 3672 lulgor;
1092 3591 1188 3671 fulgor
1210 3602 1307 3655 autem
1332 3597 1412 3667 etin
1436 3596 1601 3656 masculino
1675 3583 1676 3656 l

300 3702 329 3754 et
344 3697 375 3755 in
390 3703 496 3756 neutro
518 3697 685 3757 inuenitur:
708 3693 914 3763 mascoIInom,
937 3697 1007 3775 quia
1028 3697 1229 3756 accusatiuum
1244 3695 1425 3773 singularem
1441 3697 1601 3775 aliquando

299 3799 329 3856 in
353 3813 399 3856 em
424 3797 527 3867 mittit,
558 3805 590 3858 ut
618 3795 697 3858 bunc
725 3795 886 3873 lolgorem;
915 3797 945 3856 in
970 3795 1078 3875 plurali
1106 3805 1204 3858 autem
1234 3814 1358 3858 numero
1379 3799 1496 3878 fulgora
1518 3800 1599 3869 lacit,
1675 3825 1676 3880 3

298 3900 375 3960 sicut
397 3899 429 3958 ln
451 3897 512 3960 lob
536 3896 657 3977 legitor:
687 3897 861 3977 numquid
889 3899 1019 3958 mittes
1046 3898 1196 3976 fulgora
1225 3908 1254 3959 et
1281 3907 1390 3960 cetera.
1435 3901 1598 3962 Sciendum
1675 3897 1676 3990 l

299 4007 346 4060 est
372 4007 487 4069 autem,
516 4001 595 4078 qood
625 4002 722 4061 omnia
750 3999 868 4059 nomina
891 4017 909 4058 o
933 3998 979 4061 uel
1002 4018 1037 4060 or
1059 4001 1139 4060 linita
1164 3998 1325 4061 masculina
1349 4008 1379 4061 ct
1401 4002 1546 4063 feminina
1568 4004 1597 4062 in
1611 4015 1632 4053 ιι
1675 4021 1676 4102 p

298 4100 428 4179 obliquis
450 4101 570 4163 casibus
592 4122 609 4163 o
632 4101 808 4182 producunt,
832 4103 862 4161 in
885 4107 993 4162 neutro
1016 4119 1088 4162 uero
1104 4102 1266 4180 corripitur
1282 4121 1299 4162 o
1315 4105 1448 4182 exeeptis
1463 4103 1598 4183 qulnque
1675 4105 1676 4184 ξ

299 4202 484 4274 nominibus,
514 4203 593 4266 idest
620 4220 735 4266 memor
762 4205 910 4265 inmemor
938 4203 1028 4265 decor
1056 4203 1178 4264 indecor
1206 4203 1311 4274 arbor,
1339 4205 1371 4264 iu
1393 4203 1502 4284 quibus
1527 4225 1546 4265 o
1568 4207 1597 4264 in

297 4389 525 4400 ------.

366 4492 539 4543 ldecliuatur
606 4492 745 4543 aseetster
805 4502 886 4543 certer
954 4493 1057 4541 daeter
1124 4491 1244 4542 'letlrera
1296 4493 1396 4558 poetice
1413 4489 1519 4560 legitur]
1540 4505 1598 4560 poet

295 4559 337 4609 bic
355 4559 463 4625 elegitur
531 4557 683 4628 llPlautus]
706 4561 743 4625 cI.
760 4559 882 4612 Prisc.1
899 4577 926 4624 p.
946 4562 1005 4622 152,
1025 4562 1057 4609 10
1143 4559 1321 4610 athilardo
1390 4561 1421 4611 15
1439 4561 1465 4609 iu
1484 4559 1596 4626 cantico]

295 4644 353 4693 cap.
372 4629 419 4678 IV
436 4633 468 4679 10
538 4630 570 4680 18
587 4631 657 4694 agris
709 4645 772 4694 agre
829 4631 861 4680 19
879 4628 1023 4690 obliquibus
1092 4629 1126 4678 20
1143 4628 1205 4677 lotar
1222 4644 1268 4678 om.
1337 4630 1372 4679 24
1388 4627 1513 4678 lominum
1566 4633 1596 4680 25

296 4697 394 4760 gradiir
462 4699 495 4746 26
513 4697 553 4746 hic
570 4696 633 4746 biris
702 4699 768 4747 sient
785 4695 889 4764 legitur]
909 4697 945 4760 cf.
962 4711 1043 4760 stupra
1058 4711 1086 4760 p.
1107 4699 1170 4759 101,
1190 4699 1224 4746 31
1292 4697 1333 4746 lrlr
1350 4696 1398 4746 celi
1484 4700 1518 4748 27
1536 4713 1596 4762 ager

296 4763 428 4814 ulmboeus
497 4765 618 4826 nequod
703 4768 737 4816 30
754 4765 816 4814 hoec
833 4778 946 4814 marmor
1025 4765 1058 4814 34
1075 4765 1101 4812 iu
1120 4761 1177 4828 lob]
1199 4781 1258 4829 cap.
1277 4763 1441 4814 XXXVIII
1458 4768 1495 4815 35
1548 4765 1596 4815 Iol·
1675 4763 1676 4818 Ῠ

294 4827 461 4896 gomerih?
999 4857 1005 4878 .·
