3386 5442
414 349 420 364 '
516 373 804 427 1111111111
822 373 1004 426 unionem.
1350 372 1413 438 235

118 562 187 622 boc
221 579 414 623 scamnum.
461 561 620 623 Scamnum
653 562 762 623 dicitur
790 582 806 624 a
834 561 1004 623 scandendo
1032 561 1110 638 quod
1145 561 1300 623 altioribus
1328 562 1413 623 lectis

119 663 323 743 apponebatur
345 673 375 724 et
397 662 434 731 de
456 681 577 725 scamno
600 663 762 725 iniectum
785 663 1009 725 ascendebatur.
1047 663 1256 732 Commune,
1280 683 1304 724 s.
1319 681 1413 741 genus
1442 686 1445 692 ·

119 773 178 833 est;
202 764 296 843 quod
320 763 445 834 simul,
469 765 546 825 idest
560 763 617 826 sub
633 783 690 826 una
707 763 871 826 litteratura
894 763 1120 845 comprehendit
1141 783 1252 826 marem
1277 772 1306 824 et
1328 766 1411 826 ienii·

118 885 200 934 nam,
226 874 263 927 ut
285 865 344 926 bic
367 874 401 926 et
423 867 512 928 baec
534 865 723 926 sacerdos.
768 867 913 928 Sacerdos
935 884 951 926 a
971 867 1064 927 sacris
1078 865 1184 926 dandis
1200 865 1304 927 dictus
1344 866 1411 928 Sed

91 984 159 1027 sex
183 966 256 1036 his,
279 987 303 1026 s.
327 966 488 1044 generibus
510 966 569 1028 duo
583 977 652 1028 sunt
667 967 842 1047 principalia
865 969 943 1030 idest
964 969 1162 1048 principatum
1178 968 1318 1028 tenentia.
1347 966 1411 1027 Vel
1425 983 1473 1030 aas,
1489 983 1514 1024 io

118 1067 215 1138 sola,
239 1071 258 1128 i.
282 1068 442 1136 naturalia;
466 1068 508 1130 de
531 1076 708 1148 utroque,
731 1069 808 1130 idest
829 1068 866 1129 de
889 1069 1050 1130 masculino
1072 1077 1101 1130 ct
1121 1069 1263 1130 feminino
1287 1087 1412 1130 nascun-

118 1179 175 1230 tur.
223 1170 446 1239 Praeterea,
470 1172 488 1230 i.
513 1178 632 1250 praeter
661 1171 714 1231 ista
745 1187 964 1248 genera-casus
987 1173 1075 1231 triuru
1098 1187 1251 1249 generum.
1291 1170 1331 1227 Vt
1352 1169 1513 1234 inicium

117 1282 152 1332 et
180 1272 270 1332 baec
293 1280 329 1330 et
350 1271 418 1331 hoc
456 1271 558 1332 ielix.
603 1270 685 1332 Felix
714 1270 823 1333 dicitur
845 1272 949 1333 beatus
971 1270 1018 1332 uel
1042 1272 1202 1351 propitius,
1226 1273 1277 1349 qui
1299 1271 1411 1332 Graece

117 1366 258 1453 εὐτυχής
286 1371 408 1448 dicitur,
439 1383 469 1433 et
496 1372 572 1452 apud
601 1391 656 1433 uos
684 1381 729 1433 est
755 1371 895 1452 simplex,
926 1371 1003 1452 apud
1032 1372 1164 1434 Graecos
1194 1389 1266 1434 uero
1293 1391 1411 1452 semper

81 1489 103 1528 1⁰
116 1475 333 1554 compositum,
356 1479 389 1534 ut
410 1473 607 1553 Virgilius:

600 1575 625 1637 O
649 1576 816 1656 ieliiquc
839 1577 913 1636 tuis

114 1679 139 1736 i.
165 1678 318 1756 propitius.
370 1677 587 1757 Epikoenon
617 1682 642 1740 i.
673 1679 933 1758 promiscuum.
984 1677 1158 1757 Epilioeuon
1187 1677 1410 1758 periretoe

116 1777 322 1857 diphthongon
346 1777 489 1839 debemus
511 1779 657 1848 scribere;
681 1780 760 1858 quod
784 1786 881 1840 autern
904 1779 977 1840 dixit
992 1781 1122 1841 Donatus
1138 1779 1317 1858 epilicenom
1333 1778 1410 1860 apud

115 1881 247 1940 Graecos
262 1879 369 1940 dicitur
382 1898 646 1960 supercommune:
663 1880 736 1960 ‘epi’
753 1883 830 1942 enim
844 1897 942 1958 super,
960 1881 1103 1942 ‘koenon’
1120 1899 1277 1942 commune
1292 1881 1410 1942 dicitur.

81 1981 276 2053 uQuaeritur
309 1983 402 2049 enim,
438 1981 507 2060 quid
536 1981 625 2044 distat
651 1985 729 2043 inter
758 1983 924 2062 epikoenon
954 1991 983 2042 ei
1010 1999 1168 2043 commune
1200 2000 1309 2060 genus,
1343 1999 1410 2042 cum

115 2092 276 2161 utrumque
299 2083 357 2144 duo
378 2102 488 2162 genera
512 2083 758 2162 comprehendat,
782 2084 977 2146 masculinum
1008 2082 1146 2145 uidelicet
1173 2091 1204 2144 et
1225 2084 1410 2145 femininum.

115 2184 175 2246 Sed
198 2183 367 2255 sciendum,
390 2188 460 2262 quia
484 2202 641 2245 commune
663 2202 757 2262 genua
779 2185 896 2248 duobus
917 2184 1050 2246 articulis
1071 2182 1266 2247 masculinum
1282 2184 1411 2244 1111111-

115 2288 219 2347 ninum
243 2275 484 2366 comprehendit,
508 2295 542 2346 11
563 2286 626 2346 ‘bic
649 2293 679 2347 et
702 2285 774 2348 baec
796 2287 963 2362 sacerdos’,
988 2285 1155 2366 epilioenon
1178 2305 1251 2347 uero
1274 2284 1330 2348 sub
1351 2303 1412 2346 uno

114 2387 242 2449 articulo
269 2387 406 2450 similiter
434 2405 546 2448 maroni
571 2395 600 2448 et
622 2388 762 2450 seminem
792 2387 1021 2469 comprehendit
1042 2396 1075 2448 ut
1098 2387 1158 2448 ‘hic
1180 2387 1301 2449 miluus'
1324 2385 1410 2448 ‘baec

78 2504 102 2544 2⁰
115 2491 237 2569 aquila'.
276 2491 348 2552 Cum
366 2491 444 2550 euim
467 2489 542 2550 dicis
565 2489 577 2570 11
598 2485 686 2570 15711
711 2488 771 2550 ‘bic
787 2489 917 2559 miluus’,
940 2488 1080 2567 intelligis
1102 2487 1266 2550 masculum
1281 2496 1311 2549 et
1325 2486 1410 2547 lemi-

114 2609 194 2653 nam.
239 2592 302 2652 Alio
324 2591 412 2652 modo
434 2591 588 2661 diiierunt,
611 2592 678 2671 quia
702 2609 860 2652 commuue
882 2608 977 2669 genus
998 2593 1028 2651 in
1051 2590 1214 2652 maioribus
1236 2587 1412 2652 animalibus

112 2695 159 2764 iit,
184 2695 264 2754 sicut
285 2695 316 2753 in
339 2691 508 2752 bominibus
531 2694 611 2753 etin
636 2691 893 2773 quadrupedibus,
917 2693 1084 2774 epilioenon
1100 2710 1173 2753 uero
1188 2692 1218 2752 in
1236 2688 1409 2758 minoribus,

113 2798 191 2855 sicut
213 2796 244 2855 in
269 2792 438 2855 uolatilibus
460 2801 490 2853 et
511 2793 676 2880 reptilibus.
724 2794 825 2854 Tertio
855 2795 942 2855 modo
971 2793 1127 2864 differunt,
1156 2793 1223 2873 quia
1252 2808 1410 2852 commune

111 2915 209 2974 genus
232 2897 297 2956 uisu
319 2893 472 2957 oculorum
494 2903 592 2974 potest
613 2894 756 2969 discerni,
780 2895 945 2974 epilioenon
968 2913 1041 2956 uero
1063 2913 1123 2956 non
1139 2901 1245 2975 potest.
1283 2895 1315 2954 Si
1331 2895 1410 2954 enim

75 3009 100 3050 ²⁵
114 2997 231 3059 uideris
253 2996 378 3078 aquilam
402 2996 552 3058 uolantem
576 3005 626 3058 aut
648 3015 762 3057 murem
786 3006 970 3067 currentem,
995 2999 1092 3058 neseis
1114 3004 1212 3058 utrum
1236 2996 1274 3056 sit
1295 3013 1410 3056 mascu-

112 3098 206 3160 linum
237 3115 274 3158 an
303 3099 486 3158 femininum.
532 3096 642 3158 lterum
671 3100 824 3176 quaeritur
852 3116 906 3158 cur
934 3096 1043 3160 miluus
1066 3109 1095 3160 et
1116 3115 1218 3178 passer
1247 3095 1411 3158 masculino

113 3219 226 3279 genere
248 3199 447 3278 proiciantur,
472 3197 567 3277 aquila
592 3217 665 3259 uero
688 3207 717 3260 et
738 3198 870 3261 mustela
886 3200 1038 3261 feminino.
1081 3199 1124 3262 td
1148 3198 1204 3259 hoe
1227 3197 1410 3277 responden·

112 3301 197 3370 dum,
223 3302 291 3380 quia
315 3308 455 3380 quattuor
479 3300 575 3361 modis
597 3317 706 3378 genera
729 3299 935 3362 dinoscuntur:
966 3309 1086 3369 natura,
1112 3302 1188 3361 sicut
1203 3300 1365 3362 ‘masculus
1380 3309 1411 3362 et

111 3403 247 3470 lemina';
271 3399 410 3470 articulis,
427 3403 502 3462 sieut
516 3401 577 3461 ‘liic
593 3410 623 3461 et
638 3401 737 3463 baee’:
762 3420 827 3462 curn
845 3403 922 3462 enim
939 3401 1013 3480 legis
1029 3401 1076 3462 ucl
1093 3402 1176 3462 audis
1192 3401 1253 3461 ‘hic
1269 3408 1298 3461 et
1313 3400 1408 3470 baec'.

74 3502 271 3581 ainreiiigis,
301 3511 400 3564 utrum
424 3504 462 3564 sit
484 3503 631 3565 masculus
660 3522 696 3564 an
725 3505 850 3572 lemina;
878 3506 1067 3572 auctoritate,
1097 3505 1174 3564 sicut
1196 3504 1224 3562 iu
1248 3502 1294 3562 his
1316 3504 1410 3563 uomi-

113 3605 218 3674 nibus,
249 3621 325 3681 quae
353 3605 460 3664 incerti
489 3614 559 3666 sunt
586 3607 722 3683 generis,
756 3613 788 3665 ut
816 3613 884 3664 sunt
912 3603 984 3665 silex
1015 3612 1045 3663 et
1072 3611 1188 3673 cortex,
1223 3589 1431 3683 quaeapud·

111 3705 258 3784 quosdam
287 3703 450 3766 masculino
477 3723 587 3784 genere
615 3708 856 3784 pronuntiantur,
879 3705 956 3784 apud
986 3703 1061 3766 alins
1089 3723 1163 3765 uero
1193 3705 1348 3776 feminino,
1378 3715 1410 3766 11

106 3777 313 3886 birgilias:

404 3890 452 3952 lli
475 3892 583 3954 silice
607 3893 641 3952 in
659 3891 758 3972 nuda
783 3893 913 3951 conixa
935 3890 1095 3971 reliquit

73 4010 258 4071 ⁸⁵ieminino
281 4027 353 4069 uero
375 4026 486 4086 genere
509 4009 644 4088 protulit,
669 4010 752 4070 cuius
774 4013 980 4072 auctoritatem
997 4009 1027 4068 in
1043 4009 1100 4070 boc
1116 4011 1279 4087 sequimur.
1324 4010 1408 4072 Glau-

110 4111 186 4173 sulis
209 4109 408 4171 dinoscuntur
429 4128 554 4188 genera,
579 4112 647 4188 quia
671 4111 868 4172 decreuerunt
889 4120 1040 4179 auctores,
1065 4120 1096 4171 ut
1118 4129 1151 4170 ea
1175 4112 1310 4181 nomina,
1334 4130 1409 4191 quae

109 4215 141 4272 in
165 4231 202 4274 us
225 4210 273 4271 uel
299 4213 328 4271 in
352 4229 366 4270 r
390 4221 513 4280 exeunt,
544 4213 638 4292 magis
665 4211 830 4273 masculino
858 4230 968 4290 genere
997 4213 1238 4292 pronuntientur,
1269 4231 1303 4274 ea
1327 4232 1408 4282 uero,

179 4432 292 4482 8rece
360 4428 544 4483 9ΕΥΤΙΚΗ(
647 4432 680 4482 10
698 4428 834 4498 Virgilius]
857 4431 888 4480 Ε.
911 4433 937 4481 V
953 4433 986 4481 05
1089 4427 1410 4493 11εΠΙΚΟΕΝοΝ,11

112 4501 143 4548 13
161 4445 328 4562 aipdiongon
416 4501 449 4549 14
466 4513 556 4564 grecos
641 4501 675 4548 at
692 4509 778 4564 potest
794 4496 917 4564 discerni]
941 4499 975 4548 In
992 4513 1072 4563 marp.
1090 4500 1163 4564 signo
1180 4501 1301 4564 apposito
1319 4500 1410 4550 addita

109 4573 168 4616 runt
187 4567 266 4616 baec:
286 4576 313 4614 ut
331 4566 419 4616 iridens
439 4567 568 4616 bominem
586 4576 660 4633 potes
678 4566 743 4616 scire
761 4577 844 4616 utrum
863 4567 898 4616 sit
915 4566 1043 4616 masculus
1061 4581 1093 4614 eu
1111 4565 1221 4632 femina,
1244 4563 1360 4616 similiter
1377 4567 1410 4616 de

111 4650 178 4697 equo
199 4644 225 4682 er
244 4647 316 4695 equa.
388 4637 853 4698 2111111111111111111111111
873 4636 965 4684 lineum
1043 4636 1076 4684 27
1095 4633 1203 4684 mustela
1220 4629 1356 4702 feminino]
1375 4634 1410 4684 In

110 4718 190 4767 merp.
214 4701 289 4763 dpno
312 4703 441 4765 apposito:
470 4703 555 4763 aquila
577 4701 609 4752 ab
631 4701 748 4751 acumine
771 4702 900 4751 oculorum
923 4701 1027 4760 dicitur,
1051 4713 1142 4767 passer
1166 4716 1227 4751 uero
1250 4703 1410 4767 aparuitate

111 4769 240 4835 corporis.
328 4771 361 4819 33
379 4767 515 4834 Virgilius]
535 4770 568 4824 ld.
587 4769 604 4819 1
621 4773 654 4820 15
730 4771 763 4820 37
783 4767 866 4818 uel¹⁸r
934 4766 1140 4836 pronuntiantur]
1160 4769 1220 4820 0111
1236 4769 1284 4820 doc
1300 4772 1356 4821 1111
1375 4769 1409 4832 (a.

113 4837 234 4901 27-37)
260 4837 382 4900 conseres
403 4839 461 4900 ilia,
485 4853 550 4903 quae
566 4855 594 4903 p.
614 4840 677 4900 237,
696 4839 729 4889 ic
747 4839 806 4888 adn.
824 4853 860 4888 eac
877 4839 965 4890 codice
982 4837 1112 4888 Berncnar'
1128 4839 1181 4889 380
1197 4843 1325 4904 excerpta
1341 4845 1407 4889 eunt.
