<?xml version="1.0" encoding="UTF-8"?>
<!DOCTYPE html PUBLIC "-//W3C//DTD XHTML 1.0 Transitional//EN"
    "http://www.w3.org/TR/xhtml1/DTD/xhtml1-transitional.dtd">
<html xmlns="http://www.w3.org/1999/xhtml" xml:lang="en" lang="en">
 <head>
  <title>
</title>
<meta http-equiv="Content-Type" content="text/html;charset=utf-8" />
  <meta name='ocr-system' content='tesseract 3.04.00' />
  <meta name='ocr-capabilities' content='ocr_page ocr_carea ocr_par ocr_line ocrx_word'/>
</head>
<body>
  <div class='ocr_page' id='page_1' title='image "./grammaticilatin00hagagoog_0192.png"; bbox 0 0 3394 5448; ppageno 0'>
   <div class='ocr_carea' id='block_1_1' title="bbox 282 344 1021 406">
    <p class='ocr_par' dir='ltr' id='par_1_1' title="bbox 282 344 1021 406">
     <span class='ocr_line' id='line_1_1' title="bbox 282 344 1021 406; baseline -0.015 -1"><span class='ocrx_word' id='word_1_1' title='bbox 282 356 378 406; x_wconf 73' lang='lat' dir='ltr'><strong>cnon</strong></span> <span class='ocrx_word' id='word_1_2' title='bbox 829 344 1021 398; x_wconf 79' lang='lat' dir='ltr'>SERGIANA.</span> 
     </span>
    </p>
   </div>
   <div class='ocr_carea' id='block_1_2' title="bbox 279 529 1575 1832">
    <p class='ocr_par' dir='ltr' id='par_1_2' title="bbox 281 529 1570 716">
     <span class='ocr_line' id='line_1_2' title="bbox 281 529 1570 614; baseline 0 -22"><span class='ocrx_word' id='word_1_3' title='bbox 281 550 336 610; x_wconf 80' lang='lat' dir='ltr'><strong>ega</strong></span> <span class='ocrx_word' id='word_1_4' title='bbox 385 529 527 610; x_wconf 71' lang='lat' dir='ltr'><strong>blegere</strong></span> <span class='ocrx_word' id='word_1_5' title='bbox 549 534 635 592; x_wconf 82' lang='lat' dir='ltr'><strong>stiam</strong></span> <span class='ocrx_word' id='word_1_6' title='bbox 702 533 783 610; x_wconf 91' lang='lat' dir='ltr'><strong>potui</strong></span> <span class='ocrx_word' id='word_1_7' title='bbox 806 551 872 594; x_wconf 88' lang='lat' dir='ltr'><strong>cras</strong></span> <span class='ocrx_word' id='word_1_8' title='bbox 893 541 991 613; x_wconf 91' lang='lat' dir='ltr'><strong>potam</strong></span> <span class='ocrx_word' id='word_1_9' title='bbox 1040 529 1180 613; x_wconf 75' lang='lat' dir='ltr'><strong>fineque</strong></span> <span class='ocrx_word' id='word_1_10' title='bbox 1208 533 1277 594; x_wconf 81' lang='lat' dir='ltr'><strong>narii</strong></span> <span class='ocrx_word' id='word_1_11' title='bbox 1297 549 1395 612; x_wconf 81' lang='lat' dir='ltr'><strong>neque</strong></span> <span class='ocrx_word' id='word_1_12' title='bbox 1417 549 1570 614; x_wconf 73' lang='lat' dir='ltr'><strong>personam</strong></span> 
     </span>
     <span class='ocr_line' id='line_1_3' title="bbox 282 632 1539 716; baseline -0.002 -21"><span class='ocrx_word' id='word_1_13' title='bbox 282 653 379 715; x_wconf 82' lang='lat' dir='ltr'><strong>noque</strong></span> <span class='ocrx_word' id='word_1_14' title='bbox 401 642 515 694; x_wconf 83' lang='lat' dir='ltr'><strong>certum</strong></span> <span class='ocrx_word' id='word_1_15' title='bbox 538 641 655 712; x_wconf 88' lang='lat' dir='ltr'><strong>tempus</strong></span> <span class='ocrx_word' id='word_1_16' title='bbox 677 632 814 695; x_wconf 86' lang='lat' dir='ltr'><strong>‹liliniunt</strong></span> <span class='ocrx_word' id='word_1_17' title='bbox 879 632 897 697; x_wconf 79' lang='lat' dir='ltr'><strong>l</strong></span> <span class='ocrx_word' id='word_1_18' title='bbox 921 634 1025 696; x_wconf 86' lang='lat' dir='ltr'><strong>eodem</strong></span> <span class='ocrx_word' id='word_1_19' title='bbox 1050 634 1137 695; x_wconf 91' lang='lat' dir='ltr'><strong>modo</strong></span> <span class='ocrx_word' id='word_1_20' title='bbox 1159 635 1207 696; x_wconf 88' lang='lat' dir='ltr'><strong>uel</strong></span> <span class='ocrx_word' id='word_1_21' title='bbox 1230 634 1324 698; x_wconf 84' lang='lat' dir='ltr'><strong>uerbo</strong></span> <span class='ocrx_word' id='word_1_22' title='bbox 1346 634 1539 716; x_wconf 81' lang='lat' dir='ltr'><strong>respondent</strong></span> 
     </span>
    </p>

    <p class='ocr_par' dir='ltr' id='par_1_3' title="bbox 280 733 1574 1012">
     <span class='ocr_line' id='line_1_4' title="bbox 366 733 1574 814; baseline 0 -19"><span class='ocrx_word' id='word_1_23' title='bbox 366 737 498 809; x_wconf 79' lang='lat' dir='ltr'><strong>Aditum,</strong></span> <span class='ocrx_word' id='word_1_24' title='bbox 528 737 611 811; x_wconf 81' lang='lat' dir='ltr'><strong>quod</strong></span> <span class='ocrx_word' id='word_1_25' title='bbox 636 735 795 798; x_wconf 71' lang='lat' dir='ltr'><strong>comantia</strong></span> <span class='ocrx_word' id='word_1_26' title='bbox 823 735 1018 814; x_wconf 71' lang='lat' dir='ltr'><strong>Remipius</strong></span> <span class='ocrx_word' id='word_1_27' title='bbox 1047 735 1442 798; x_wconf 72' lang='lat' dir='ltr'><strong>antisiodorensium</strong></span> <span class='ocrx_word' id='word_1_28' title='bbox 1465 733 1574 800; x_wconf 87' lang='lat' dir='ltr'><strong>Donati</strong></span> 
     </span>
     <span class='ocr_line' id='line_1_5' title="bbox 280 835 1574 929; baseline 0 -33"><span class='ocrx_word' id='word_1_29' title='bbox 280 845 348 898; x_wconf 85' lang='lat' dir='ltr'><strong>arte</strong></span> <span class='ocrx_word' id='word_1_30' title='bbox 368 839 502 898; x_wconf 77' lang='lat' dir='ltr'><strong>sectanda</strong></span> <span class='ocrx_word' id='word_1_31' title='bbox 523 835 713 924; x_wconf 83' lang='lat' dir='ltr'><strong>explicapilu</strong></span> <span class='ocrx_word' id='word_1_32' title='bbox 734 837 920 912; x_wconf 76' lang='lat' dir='ltr'><strong>sirtpularem</strong></span> <span class='ocrx_word' id='word_1_33' title='bbox 941 837 975 898; x_wconf 88' lang='lat' dir='ltr'><strong>in</strong></span> <span class='ocrx_word' id='word_1_34' title='bbox 998 840 1117 929; x_wconf 77' lang='lat' dir='ltr'><strong>mpetum</strong></span> <span class='ocrx_word' id='word_1_35' title='bbox 1139 857 1209 900; x_wconf 79' lang='lat' dir='ltr'><strong>usias</strong></span> <span class='ocrx_word' id='word_1_36' title='bbox 1230 847 1274 900; x_wconf 91' lang='lat' dir='ltr'><strong>est</strong></span> <span class='ocrx_word' id='word_1_37' title='bbox 1296 837 1403 901; x_wconf 81' lang='lat' dir='ltr'><strong>codice</strong></span> <span class='ocrx_word' id='word_1_38' title='bbox 1425 835 1574 899; x_wconf 81' lang='lat' dir='ltr'><strong>Berneasi</strong></span> 
     </span>
     <span class='ocr_line' id='line_1_6' title="bbox 282 939 765 1012; baseline 0.002 -14"><span class='ocrx_word' id='word_1_39' title='bbox 282 946 341 998; x_wconf 75' lang='lat'><strong>386</strong></span> <span class='ocrx_word' id='word_1_40' title='bbox 368 939 545 1012; x_wconf 87' lang='lat' dir='ltr'><strong>auctores.</strong></span> <span class='ocrx_word' id='word_1_41' title='bbox 573 945 629 998; x_wconf 82' lang='lat'><strong>25⁰</strong></span> <span class='ocrx_word' id='word_1_42' title='bbox 651 943 707 1000; x_wconf 89' lang='lat' dir='ltr'><strong>col.</strong></span> <span class='ocrx_word' id='word_1_43' title='bbox 732 940 765 1001; x_wconf 91' lang='lat' dir='ltr'><strong>I:</strong></span> 
     </span>
    </p>

    <p class='ocr_par' dir='ltr' id='par_1_4' title="bbox 279 1039 1575 1832">
     <span class='ocr_line' id='line_1_7' title="bbox 363 1039 1575 1132; baseline -0.003 -31"><span class='ocrx_word' id='word_1_44' title='bbox 363 1040 412 1101; x_wconf 82' lang='lat' dir='ltr'><strong>Ex</strong></span> <span class='ocrx_word' id='word_1_45' title='bbox 440 1040 515 1101; x_wconf 90' lang='lat' dir='ltr'><strong>hiis</strong></span> <span class='ocrx_word' id='word_1_46' title='bbox 543 1050 628 1103; x_wconf 90' lang='lat' dir='ltr'><strong>sunt</strong></span> <span class='ocrx_word' id='word_1_47' title='bbox 662 1041 730 1102; x_wconf 86' lang='lat' dir='ltr'><strong>due</strong></span> <span class='ocrx_word' id='word_1_48' title='bbox 768 1041 1006 1122; x_wconf 78' lang='lat' dir='ltr'><strong>principales</strong></span> <span class='ocrx_word' id='word_1_49' title='bbox 1039 1051 1167 1123; x_wconf 85' lang='lat' dir='ltr'><strong>partos</strong></span> <span class='ocrx_word' id='word_1_50' title='bbox 1202 1044 1390 1104; x_wconf 85' lang='lat' dir='ltr'><strong>orationis</strong></span> <span class='ocrx_word' id='word_1_51' title='bbox 1421 1039 1575 1132; x_wconf 76' lang='lat' dir='ltr'><strong>scilicet</strong></span> 
     </span>
     <span class='ocr_line' id='line_1_8' title="bbox 279 1143 1575 1226; baseline -0.002 -23"><span class='ocrx_word' id='word_1_52' title='bbox 279 1161 407 1204; x_wconf 85' lang='lat' dir='ltr'><strong>noman</strong></span> <span class='ocrx_word' id='word_1_53' title='bbox 445 1152 481 1204; x_wconf 84' lang='lat' dir='ltr'><strong>et</strong></span> <span class='ocrx_word' id='word_1_54' title='bbox 517 1143 673 1204; x_wconf 88' lang='lat' dir='ltr'><strong>uerbum</strong></span> <span class='ocrx_word' id='word_1_55' title='bbox 702 1146 793 1218; x_wconf 85' lang='lat' dir='ltr'><strong>(Dan.</strong></span> <span class='ocrx_word' id='word_1_56' title='bbox 822 1162 857 1220; x_wconf 87' lang='lat' dir='ltr'><strong>p.</strong></span> <span class='ocrx_word' id='word_1_57' title='bbox 888 1150 960 1214; x_wconf 85' lang='lat'><strong><em>372,</em></strong></span> <span class='ocrx_word' id='word_1_58' title='bbox 991 1150 1053 1220; x_wconf 79' lang='lat'><em>26).</em></span> <span class='ocrx_word' id='word_1_59' title='bbox 1113 1145 1294 1226; x_wconf 82' lang='lat' dir='ltr'><strong>Principales</strong></span> <span class='ocrx_word' id='word_1_60' title='bbox 1330 1151 1430 1225; x_wconf 85' lang='lat' dir='ltr'><strong>partes</strong></span> <span class='ocrx_word' id='word_1_61' title='bbox 1471 1144 1575 1203; x_wconf 86' lang='lat' dir='ltr'><strong>merito</strong></span> 
     </span>
     <span class='ocr_line' id='line_1_9' title="bbox 281 1243 1574 1326; baseline -0.002 -22"><span class='ocrx_word' id='word_1_62' title='bbox 281 1243 407 1306; x_wconf 80' lang='lat' dir='ltr'>&#39;dicende</span> <span class='ocrx_word' id='word_1_63' title='bbox 429 1253 499 1306; x_wconf 86' lang='lat' dir='ltr'><strong>sunt</strong></span> <span class='ocrx_word' id='word_1_64' title='bbox 521 1262 631 1305; x_wconf 87' lang='lat' dir='ltr'><strong>nornen</strong></span> <span class='ocrx_word' id='word_1_65' title='bbox 654 1255 683 1306; x_wconf 87' lang='lat' dir='ltr'><strong>ct</strong></span> <span class='ocrx_word' id='word_1_66' title='bbox 707 1245 831 1306; x_wconf 88' lang='lat' dir='ltr'><strong>uerbum</strong></span> <span class='ocrx_word' id='word_1_67' title='bbox 849 1246 915 1323; x_wconf 87' lang='lat' dir='ltr'><strong>quia</strong></span> <span class='ocrx_word' id='word_1_68' title='bbox 940 1247 969 1306; x_wconf 94' lang='lat' dir='ltr'><strong>in</strong></span> <span class='ocrx_word' id='word_1_69' title='bbox 986 1245 1042 1306; x_wconf 88' lang='lat' dir='ltr'><strong>hiis</strong></span> <span class='ocrx_word' id='word_1_70' title='bbox 1058 1254 1116 1308; x_wconf 89' lang='lat' dir='ltr'><strong>totu</strong></span> <span class='ocrx_word' id='word_1_71' title='bbox 1133 1257 1232 1308; x_wconf 87' lang='lat' dir='ltr'><strong>nostra</strong></span> <span class='ocrx_word' id='word_1_72' title='bbox 1255 1245 1366 1308; x_wconf 89' lang='lat' dir='ltr'><strong>locutio</strong></span> <span class='ocrx_word' id='word_1_73' title='bbox 1389 1264 1485 1326; x_wconf 83' lang='lat' dir='ltr'><strong>prope</strong></span> <span class='ocrx_word' id='word_1_74' title='bbox 1508 1261 1574 1304; x_wconf 91' lang='lat' dir='ltr'><strong>con·</strong></span> 
     </span>
     <span class='ocr_line' id='line_1_10' title="bbox 282 1345 1574 1425; baseline -0.002 -19"><span class='ocrx_word' id='word_1_75' title='bbox 282 1347 368 1407; x_wconf 84' lang='lat' dir='ltr'><strong>sistit.</strong></span> <span class='ocrx_word' id='word_1_76' title='bbox 413 1346 485 1409; x_wconf 88' lang='lat' dir='ltr'><strong>Nam</strong></span> <span class='ocrx_word' id='word_1_77' title='bbox 510 1345 566 1406; x_wconf 85' lang='lat' dir='ltr'><strong>hec</strong></span> <span class='ocrx_word' id='word_1_78' title='bbox 589 1345 646 1406; x_wconf 80' lang='lat' dir='ltr'><strong>dire</strong></span> <span class='ocrx_word' id='word_1_79' title='bbox 668 1349 732 1407; x_wconf 88' lang='lat' dir='ltr'><strong>sinc</strong></span> <span class='ocrx_word' id='word_1_80' title='bbox 752 1347 818 1408; x_wconf 87' lang='lat' dir='ltr'><strong>aliis</strong></span> <span class='ocrx_word' id='word_1_81' title='bbox 839 1345 956 1424; x_wconf 81' lang='lat' dir='ltr'><strong>plenam</strong></span> <span class='ocrx_word' id='word_1_82' title='bbox 978 1347 1091 1410; x_wconf 84' lang='lat' dir='ltr'><strong>tactum</strong></span> <span class='ocrx_word' id='word_1_83' title='bbox 1113 1351 1287 1418; x_wconf 90' lang='lat' dir='ltr'><strong>orationem,</strong></span> <span class='ocrx_word' id='word_1_84' title='bbox 1313 1357 1344 1408; x_wconf 89' lang='lat' dir='ltr'><strong>ut</strong></span> <span class='ocrx_word' id='word_1_85' title='bbox 1366 1348 1457 1409; x_wconf 90' lang='lat' dir='ltr'><strong>homo</strong></span> <span class='ocrx_word' id='word_1_86' title='bbox 1482 1346 1574 1425; x_wconf 87' lang='lat' dir='ltr'><strong>loqui·</strong></span> 
     </span>
     <span class='ocr_line' id='line_1_11' title="bbox 281 1446 1575 1530; baseline -0.002 -22"><span class='ocrx_word' id='word_1_87' title='bbox 281 1457 332 1509; x_wconf 87' lang='lat' dir='ltr'><strong>tur</strong></span> <span class='ocrx_word' id='word_1_88' title='bbox 355 1466 450 1527; x_wconf 80' lang='lat' dir='ltr'><strong>equus</strong></span> <span class='ocrx_word' id='word_1_89' title='bbox 473 1451 577 1509; x_wconf 90' lang='lat' dir='ltr'><strong>currit.</strong></span> <span class='ocrx_word' id='word_1_90' title='bbox 622 1448 697 1510; x_wconf 86' lang='lat' dir='ltr'><strong>ilinc</strong></span> <span class='ocrx_word' id='word_1_91' title='bbox 719 1449 838 1530; x_wconf 89' lang='lat' dir='ltr'><strong>quidem</strong></span> <span class='ocrx_word' id='word_1_92' title='bbox 862 1446 914 1528; x_wconf 87' lang='lat' dir='ltr'><strong>(an</strong></span> <span class='ocrx_word' id='word_1_93' title='bbox 936 1448 1081 1529; x_wconf 87' lang='lat' dir='ltr'><strong>quidaml)</strong></span> <span class='ocrx_word' id='word_1_94' title='bbox 1111 1450 1206 1512; x_wconf 89' lang='lat' dir='ltr'><strong>haud</strong></span> <span class='ocrx_word' id='word_1_95' title='bbox 1236 1449 1362 1512; x_wconf 89' lang='lat' dir='ltr'><strong>lacilis</strong></span> <span class='ocrx_word' id='word_1_96' title='bbox 1384 1449 1497 1510; x_wconf 89' lang='lat' dir='ltr'><strong>huius</strong></span> <span class='ocrx_word' id='word_1_97' title='bbox 1521 1466 1575 1508; x_wconf 86' lang='lat' dir='ltr'><strong>ar·</strong></span> 
     </span>
     <span class='ocr_line' id='line_1_12' title="bbox 279 1549 1574 1633; baseline -0.002 -23"><span class='ocrx_word' id='word_1_98' title='bbox 279 1554 328 1612; x_wconf 90' lang='lat' dir='ltr'><strong>tis</strong></span> <span class='ocrx_word' id='word_1_99' title='bbox 351 1559 483 1612; x_wconf 78' lang='lat' dir='ltr'><strong>auctor</strong></span> <span class='ocrx_word' id='word_1_100' title='bbox 505 1549 611 1611; x_wconf 87' lang='lat' dir='ltr'><strong>harum</strong></span> <span class='ocrx_word' id='word_1_101' title='bbox 634 1551 758 1612; x_wconf 88' lang='lat' dir='ltr'><strong>duarum</strong></span> <span class='ocrx_word' id='word_1_102' title='bbox 782 1553 909 1630; x_wconf 90' lang='lat' dir='ltr'><strong>partium</strong></span> <span class='ocrx_word' id='word_1_103' title='bbox 931 1553 1060 1614; x_wconf 86' lang='lat' dir='ltr'><strong>sentiens</strong></span> <span class='ocrx_word' id='word_1_104' title='bbox 1089 1551 1334 1633; x_wconf 76' lang='lat' dir='ltr'><strong>principalitatem</strong></span> <span class='ocrx_word' id='word_1_105' title='bbox 1357 1553 1435 1613; x_wconf 85' lang='lat' dir='ltr'><strong>inter</strong></span> <span class='ocrx_word' id='word_1_106' title='bbox 1458 1559 1574 1610; x_wconf 79' lang='lat' dir='ltr'><strong>ceteras</strong></span> 
     </span>
     <span class='ocr_line' id='line_1_13' title="bbox 279 1649 1572 1734; baseline 0.001 -22"><span class='ocrx_word' id='word_1_107' title='bbox 279 1653 321 1712; x_wconf 92' lang='lat' dir='ltr'><strong>sic</strong></span> <span class='ocrx_word' id='word_1_108' title='bbox 343 1653 398 1714; x_wconf 89' lang='lat' dir='ltr'><strong>ait:</strong></span> <span class='ocrx_word' id='word_1_109' title='bbox 427 1651 540 1714; x_wconf 82' lang='lat' dir='ltr'><strong>‘Omne</strong></span> <span class='ocrx_word' id='word_1_110' title='bbox 562 1651 640 1732; x_wconf 90' lang='lat' dir='ltr'><strong>quod</strong></span> <span class='ocrx_word' id='word_1_111' title='bbox 664 1661 761 1713; x_wconf 84' lang='lat' dir='ltr'><strong>mente</strong></span> <span class='ocrx_word' id='word_1_112' title='bbox 785 1655 985 1732; x_wconf 85' lang='lat' dir='ltr'><strong>concipimus,</strong></span> <span class='ocrx_word' id='word_1_113' title='bbox 1011 1662 1109 1715; x_wconf 83' lang='lat' dir='ltr'><strong>menta</strong></span> <span class='ocrx_word' id='word_1_114' title='bbox 1132 1663 1162 1717; x_wconf 80' lang='lat' dir='ltr'><strong>et</strong></span> <span class='ocrx_word' id='word_1_115' title='bbox 1183 1652 1277 1715; x_wconf 87' lang='lat' dir='ltr'><strong>uerba</strong></span> <span class='ocrx_word' id='word_1_116' title='bbox 1300 1653 1505 1734; x_wconf 84' lang='lat' dir='ltr'><strong>explicamus’,</strong></span> <span class='ocrx_word' id='word_1_117' title='bbox 1529 1649 1572 1724; x_wconf 82' lang='lat' dir='ltr'><strong>ef.</strong></span> 
     </span>
     <span class='ocr_line' id='line_1_14' title="bbox 280 1755 617 1832; baseline 0 -18"><span class='ocrx_word' id='word_1_118' title='bbox 280 1755 368 1816; x_wconf 81' lang='lat' dir='ltr'><strong>Cous.</strong></span> <span class='ocrx_word' id='word_1_119' title='bbox 386 1772 421 1832; x_wconf 90' lang='lat' dir='ltr'><strong>p.</strong></span> <span class='ocrx_word' id='word_1_120' title='bbox 446 1761 517 1824; x_wconf 72' lang='lat'><strong><em>333,</em></strong></span> <span class='ocrx_word' id='word_1_121' title='bbox 538 1762 554 1812; x_wconf 85' lang='lat'><em>7</em></span> <span class='ocrx_word' id='word_1_122' title='bbox 577 1757 617 1816; x_wconf 83' lang='lat' dir='ltr'><strong>II.</strong></span> 
     </span>
    </p>
   </div>
   <div class='ocr_carea' id='block_1_3' title="bbox 725 2256 1123 2520">
    <p class='ocr_par' dir='ltr' id='par_1_5' title="bbox 725 2256 1123 2520">
     <span class='ocr_line' id='line_1_15' title="bbox 869 2256 980 2337; baseline 0 0"><span class='ocrx_word' id='word_1_123' title='bbox 869 2256 980 2337; x_wconf 89' lang='lat' dir='ltr'><strong>VI.</strong></span> 
     </span>
     <span class='ocr_line' id='line_1_16' title="bbox 725 2435 1123 2520; baseline 0.003 -4"><span class='ocrx_word' id='word_1_124' title='bbox 725 2435 1123 2520; x_wconf 78' lang='lat' dir='ltr'><strong>SERGIANA.</strong></span> 
     </span>
    </p>
   </div>
   <div class='ocr_carea' id='block_1_4' title="bbox 309 2776 1536 2978">
    <p class='ocr_par' dir='ltr' id='par_1_6' title="bbox 309 2776 1536 2978">
     <span class='ocr_line' id='line_1_17' title="bbox 859 2776 991 2840; baseline -0.015 0"><span class='ocrx_word' id='word_1_125' title='bbox 859 2776 940 2840; x_wconf 81' lang='lat' dir='ltr'><strong>Can.</strong></span> <span class='ocrx_word' id='word_1_126' title='bbox 959 2777 991 2840; x_wconf 83' lang='lat' dir='ltr'><strong>J.</strong></span> 
     </span>
     <span class='ocr_line' id='line_1_18' title="bbox 309 2906 1536 2978; baseline -0.006 0"><span class='ocrx_word' id='word_1_127' title='bbox 309 2910 520 2978; x_wconf 82' lang='lat' dir='ltr'><strong>SERGIANI</strong></span> <span class='ocrx_word' id='word_1_128' title='bbox 543 2909 768 2976; x_wconf 83' lang='lat' dir='ltr'><strong>CVIVSDAM</strong></span> <span class='ocrx_word' id='word_1_129' title='bbox 791 2909 1024 2976; x_wconf 81' lang='lat' dir='ltr'>COMMEN&#39;H</span> <span class='ocrx_word' id='word_1_130' title='bbox 1046 2909 1320 2976; x_wconf 78' lang='lat' dir='ltr'><strong>FRAGMENTA</strong></span> <span class='ocrx_word' id='word_1_131' title='bbox 1343 2906 1536 2973; x_wconf 78' lang='lat' dir='ltr'><strong>INEDITA.</strong></span> 
     </span>
    </p>
   </div>
   <div class='ocr_carea' id='block_1_5' title="bbox 273 3063 1568 4572">
    <p class='ocr_par' dir='ltr' id='par_1_7' title="bbox 273 3063 1568 4572">
     <span class='ocr_line' id='line_1_19' title="bbox 361 3063 1563 3144; baseline -0.006 -15"><span class='ocrx_word' id='word_1_132' title='bbox 361 3071 480 3130; x_wconf 84' lang='lat' dir='ltr'><strong>Citatur</strong></span> <span class='ocrx_word' id='word_1_133' title='bbox 501 3067 535 3128; x_wconf 90' lang='lat' dir='ltr'><strong>in</strong></span> <span class='ocrx_word' id='word_1_134' title='bbox 553 3071 658 3144; x_wconf 85' lang='lat' dir='ltr'><strong>primu</strong></span> <span class='ocrx_word' id='word_1_135' title='bbox 680 3075 748 3129; x_wconf 87' lang='lat' dir='ltr'><strong>arte</strong></span> <span class='ocrx_word' id='word_1_136' title='bbox 775 3071 888 3129; x_wconf 84' lang='lat' dir='ltr'><strong>codicis</strong></span> <span class='ocrx_word' id='word_1_137' title='bbox 910 3068 1074 3128; x_wconf 76' lang='lat' dir='ltr'><strong>Baniensis</strong></span> <span class='ocrx_word' id='word_1_138' title='bbox 1099 3075 1176 3143; x_wconf 62' lang='lat' dir='ltr'><strong>12ss</strong></span> <span class='ocrx_word' id='word_1_139' title='bbox 1197 3085 1275 3143; x_wconf 78' lang='lat' dir='ltr'><strong>quae</strong></span> <span class='ocrx_word' id='word_1_140' title='bbox 1305 3063 1464 3126; x_wconf 84' lang='lat' dir='ltr'><strong>Clementis</strong></span> <span class='ocrx_word' id='word_1_141' title='bbox 1490 3065 1563 3125; x_wconf 87' lang='lat' dir='ltr'><strong>Scat</strong></span> 
     </span>
     <span class='ocr_line' id='line_1_20' title="bbox 275 3167 1567 3246; baseline -0.005 -15"><span class='ocrx_word' id='word_1_142' title='bbox 275 3173 393 3232; x_wconf 85' lang='lat' dir='ltr'><strong>nomine</strong></span> <span class='ocrx_word' id='word_1_143' title='bbox 414 3173 505 3246; x_wconf 74' lang='lat' dir='ltr'><strong>uulpa</strong></span> <span class='ocrx_word' id='word_1_144' title='bbox 526 3167 719 3238; x_wconf 76' lang='lat' dir='ltr'><strong>inscribitur,</strong></span> <span class='ocrx_word' id='word_1_145' title='bbox 747 3173 848 3232; x_wconf 88' lang='lat' dir='ltr'><strong>multis</strong></span> <span class='ocrx_word' id='word_1_146' title='bbox 873 3168 949 3230; x_wconf 88' lang='lat' dir='ltr'><strong>locis</strong></span> <span class='ocrx_word' id='word_1_147' title='bbox 976 3170 1132 3244; x_wconf 77' lang='lat' dir='ltr'><strong>Serpius</strong></span> <span class='ocrx_word' id='word_1_148' title='bbox 1159 3170 1283 3244; x_wconf 81' lang='lat' dir='ltr'><strong>quidam</strong></span> <span class='ocrx_word' id='word_1_149' title='bbox 1312 3171 1361 3229; x_wconf 93' lang='lat' dir='ltr'><strong>uel</strong></span> <span class='ocrx_word' id='word_1_150' title='bbox 1385 3167 1567 3241; x_wconf 79' lang='lat' dir='ltr'><strong>Serepius</strong></span> 
     </span>
     <span class='ocr_line' id='line_1_21' title="bbox 275 3269 1567 3348; baseline -0.005 -14"><span class='ocrx_word' id='word_1_151' title='bbox 275 3276 325 3334; x_wconf 89' lang='lat' dir='ltr'><strong>uel</strong></span> <span class='ocrx_word' id='word_1_152' title='bbox 344 3273 408 3334; x_wconf 71' lang='lat' dir='ltr'><strong>ser*</strong></span> <span class='ocrx_word' id='word_1_153' title='bbox 428 3275 646 3348; x_wconf 76' lang='lat' dir='ltr'><strong>prammaticus</strong></span> <span class='ocrx_word' id='word_1_154' title='bbox 667 3273 812 3332; x_wconf 75' lang='lat' dir='ltr'><strong>hactenus</strong></span> <span class='ocrx_word' id='word_1_155' title='bbox 833 3274 1018 3346; x_wconf 73' lang='lat' dir='ltr'><strong>incoquitur:</strong></span> <span class='ocrx_word' id='word_1_156' title='bbox 1040 3288 1110 3330; x_wconf 90' lang='lat' dir='ltr'><strong>nam</strong></span> <span class='ocrx_word' id='word_1_157' title='bbox 1133 3288 1212 3346; x_wconf 84' lang='lat' dir='ltr'><strong>puae</strong></span> <span class='ocrx_word' id='word_1_158' title='bbox 1232 3271 1286 3331; x_wconf 81' lang='lat' dir='ltr'><strong>suh</strong></span> <span class='ocrx_word' id='word_1_159' title='bbox 1308 3269 1412 3344; x_wconf 78' lang='lat' dir='ltr'><strong>Serpii</strong></span> <span class='ocrx_word' id='word_1_160' title='bbox 1431 3272 1481 3330; x_wconf 89' lang='lat' dir='ltr'><strong>uel</strong></span> <span class='ocrx_word' id='word_1_161' title='bbox 1500 3269 1567 3328; x_wconf 86' lang='lat' dir='ltr'><strong>Ser-</strong></span> 
     </span>
     <span class='ocr_line' id='line_1_22' title="bbox 275 3373 1566 3448; baseline -0.005 -13"><span class='ocrx_word' id='word_1_162' title='bbox 275 3377 321 3436; x_wconf 89' lang='lat' dir='ltr'><strong>uii</strong></span> <span class='ocrx_word' id='word_1_163' title='bbox 340 3373 508 3435; x_wconf 85' lang='lat' dir='ltr'><strong>nominibus</strong></span> <span class='ocrx_word' id='word_1_164' title='bbox 529 3375 572 3433; x_wconf 84' lang='lat' dir='ltr'><strong>ait</strong></span> <span class='ocrx_word' id='word_1_165' title='bbox 586 3373 737 3434; x_wconf 80' lang='lat' dir='ltr'><strong>Donatum</strong></span> <span class='ocrx_word' id='word_1_166' title='bbox 752 3384 917 3436; x_wconf 88' lang='lat' dir='ltr'><strong>commenta</strong></span> <span class='ocrx_word' id='word_1_167' title='bbox 939 3381 968 3432; x_wconf 89' lang='lat' dir='ltr'><strong>et</strong></span> <span class='ocrx_word' id='word_1_168' title='bbox 989 3374 1221 3448; x_wconf 80' lang='lat' dir='ltr'><strong>explanationes</strong></span> <span class='ocrx_word' id='word_1_169' title='bbox 1243 3373 1286 3432; x_wconf 86' lang='lat' dir='ltr'><strong>ad</strong></span> <span class='ocrx_word' id='word_1_170' title='bbox 1305 3379 1409 3431; x_wconf 87' lang='lat' dir='ltr'><strong>nostra</strong></span> <span class='ocrx_word' id='word_1_171' title='bbox 1431 3379 1566 3446; x_wconf 86' lang='lat' dir='ltr'><strong>tempora</strong></span> 
     </span>
     <span class='ocr_line' id='line_1_23' title="bbox 275 3471 1568 3549; baseline -0.005 -11"><span class='ocrx_word' id='word_1_172' title='bbox 275 3479 436 3547; x_wconf 83' lang='lat' dir='ltr'><strong>eleuenere,</strong></span> <span class='ocrx_word' id='word_1_173' title='bbox 464 3477 579 3536; x_wconf 88' lang='lat' dir='ltr'><strong>nullam</strong></span> <span class='ocrx_word' id='word_1_174' title='bbox 600 3492 668 3535; x_wconf 89' lang='lat' dir='ltr'><strong>cum</strong></span> <span class='ocrx_word' id='word_1_175' title='bbox 689 3473 772 3536; x_wconf 84' lang='lat' dir='ltr'><strong>Irisee</strong></span> <span class='ocrx_word' id='word_1_176' title='bbox 792 3477 867 3536; x_wconf 88' lang='lat' dir='ltr'><strong>locis</strong></span> <span class='ocrx_word' id='word_1_177' title='bbox 887 3477 1095 3549; x_wconf 79' lang='lat' dir='ltr'><strong>cnpnationem</strong></span> <span class='ocrx_word' id='word_1_178' title='bbox 1118 3475 1246 3542; x_wconf 80' lang='lat' dir='ltr'><strong>liabent,</strong></span> <span class='ocrx_word' id='word_1_179' title='bbox 1275 3475 1336 3533; x_wconf 90' lang='lat' dir='ltr'><strong>uisi</strong></span> <span class='ocrx_word' id='word_1_180' title='bbox 1356 3471 1442 3545; x_wconf 81' lang='lat' dir='ltr'><strong>farte</strong></span> <span class='ocrx_word' id='word_1_181' title='bbox 1471 3488 1568 3532; x_wconf 86' lang='lat' dir='ltr'><strong>rerum</strong></span> 
     </span>
     <span class='ocr_line' id='line_1_24' title="bbox 274 3573 1567 3647; baseline -0.004 -9"><span class='ocrx_word' id='word_1_182' title='bbox 274 3580 494 3639; x_wconf 82' lang='lat' dir='ltr'><strong>tantummodo:</strong></span> <span class='ocrx_word' id='word_1_183' title='bbox 517 3578 616 3637; x_wconf 85' lang='lat' dir='ltr'><strong>uerbis</strong></span> <span class='ocrx_word' id='word_1_184' title='bbox 637 3583 718 3636; x_wconf 86' lang='lat' dir='ltr'><strong>certe</strong></span> <span class='ocrx_word' id='word_1_185' title='bbox 739 3580 861 3637; x_wconf 86' lang='lat' dir='ltr'><strong>multum</strong></span> <span class='ocrx_word' id='word_1_186' title='bbox 885 3595 905 3636; x_wconf 90' lang='lat' dir='ltr'><strong>a</strong></span> <span class='ocrx_word' id='word_1_187' title='bbox 926 3593 958 3637; x_wconf 87' lang='lat' dir='ltr'><strong>se</strong></span> <span class='ocrx_word' id='word_1_188' title='bbox 980 3575 1108 3637; x_wconf 86' lang='lat' dir='ltr'><strong>inuicem</strong></span> <span class='ocrx_word' id='word_1_189' title='bbox 1131 3577 1307 3636; x_wconf 73' lang='lat' dir='ltr'><strong>abhorrent.</strong></span> <span class='ocrx_word' id='word_1_190' title='bbox 1348 3573 1567 3647; x_wconf 82' lang='lat' dir='ltr'><strong>Difficultutem</strong></span> 
     </span>
     <span class='ocr_line' id='line_1_25' title="bbox 275 3679 1560 3754; baseline -0.003 -16"><span class='ocrx_word' id='word_1_191' title='bbox 275 3687 372 3741; x_wconf 89' lang='lat' dir='ltr'><strong>autem</strong></span> <span class='ocrx_word' id='word_1_192' title='bbox 395 3688 427 3740; x_wconf 89' lang='lat' dir='ltr'><strong>ut</strong></span> <span class='ocrx_word' id='word_1_193' title='bbox 448 3683 492 3740; x_wconf 88' lang='lat' dir='ltr'><strong>ita</strong></span> <span class='ocrx_word' id='word_1_194' title='bbox 515 3681 614 3739; x_wconf 81' lang='lat' dir='ltr'><strong>alicam</strong></span> <span class='ocrx_word' id='word_1_195' title='bbox 636 3681 832 3753; x_wconf 71' lang='lat' dir='ltr'><strong>litterariam,</strong></span> <span class='ocrx_word' id='word_1_196' title='bbox 861 3696 940 3754; x_wconf 82' lang='lat' dir='ltr'><strong>quac</strong></span> <span class='ocrx_word' id='word_1_197' title='bbox 966 3679 1036 3738; x_wconf 79' lang='lat' dir='ltr'><strong>hiric</strong></span> <span class='ocrx_word' id='word_1_198' title='bbox 1066 3681 1144 3738; x_wconf 88' lang='lat' dir='ltr'><strong>oriri</strong></span> <span class='ocrx_word' id='word_1_199' title='bbox 1164 3679 1317 3750; x_wconf 79' lang='lat' dir='ltr'><strong>uideatur,</strong></span> <span class='ocrx_word' id='word_1_200' title='bbox 1341 3679 1385 3735; x_wconf 89' lang='lat' dir='ltr'><strong>ita</strong></span> <span class='ocrx_word' id='word_1_201' title='bbox 1407 3679 1560 3753; x_wconf 77' lang='lat' dir='ltr'><strong>expertius,</strong></span> 
     </span>
     <span class='ocr_line' id='line_1_26' title="bbox 274 3777 1563 3856; baseline -0.005 -14"><span class='ocrx_word' id='word_1_202' title='bbox 274 3790 308 3842; x_wconf 90' lang='lat' dir='ltr'><strong>ut</strong></span> <span class='ocrx_word' id='word_1_203' title='bbox 334 3782 496 3856; x_wconf 80' lang='lat' dir='ltr'><strong>conplures</strong></span> <span class='ocrx_word' id='word_1_204' title='bbox 522 3781 639 3841; x_wconf 81' lang='lat' dir='ltr'><strong>Donati</strong></span> <span class='ocrx_word' id='word_1_205' title='bbox 665 3779 899 3855; x_wconf 78' lang='lat' dir='ltr'><strong>explanationes</strong></span> <span class='ocrx_word' id='word_1_206' title='bbox 935 3783 1015 3840; x_wconf 88' lang='lat' dir='ltr'><strong>inter</strong></span> <span class='ocrx_word' id='word_1_207' title='bbox 1047 3798 1078 3839; x_wconf 84' lang='lat' dir='ltr'><strong>se</strong></span> <span class='ocrx_word' id='word_1_208' title='bbox 1109 3781 1276 3840; x_wconf 79' lang='lat' dir='ltr'><strong>consimiles</strong></span> <span class='ocrx_word' id='word_1_209' title='bbox 1308 3777 1446 3840; x_wconf 77' lang='lat' dir='ltr'><strong>extitisse</strong></span> <span class='ocrx_word' id='word_1_210' title='bbox 1472 3779 1563 3848; x_wconf 81' lang='lat' dir='ltr'><strong>dicas,</strong></span> 
     </span>
     <span class='ocr_line' id='line_1_27' title="bbox 274 3879 1564 3960; baseline -0.005 -17"><span class='ocrx_word' id='word_1_211' title='bbox 274 3901 353 3960; x_wconf 83' lang='lat' dir='ltr'><strong>quae</strong></span> <span class='ocrx_word' id='word_1_212' title='bbox 373 3901 413 3943; x_wconf 84' lang='lat' dir='ltr'><strong>ex</strong></span> <span class='ocrx_word' id='word_1_213' title='bbox 435 3885 537 3943; x_wconf 83' lang='lat' dir='ltr'><strong>eadem</strong></span> <span class='ocrx_word' id='word_1_214' title='bbox 556 3882 628 3955; x_wconf 87' lang='lat' dir='ltr'><strong>sere</strong></span> <span class='ocrx_word' id='word_1_215' title='bbox 650 3900 749 3943; x_wconf 88' lang='lat' dir='ltr'><strong>omnes</strong></span> <span class='ocrx_word' id='word_1_216' title='bbox 766 3881 856 3955; x_wconf 87' lang='lat' dir='ltr'><strong>sonte</strong></span> <span class='ocrx_word' id='word_1_217' title='bbox 876 3879 1042 3955; x_wconf 83' lang='lat' dir='ltr'><strong>manarint,</strong></span> <span class='ocrx_word' id='word_1_218' title='bbox 1067 3899 1108 3942; x_wconf 88' lang='lat' dir='ltr'><strong>ex</strong></span> <span class='ocrx_word' id='word_1_219' title='bbox 1130 3879 1340 3957; x_wconf 80' lang='lat' dir='ltr'><strong>antiquissimo</strong></span> <span class='ocrx_word' id='word_1_220' title='bbox 1361 3882 1477 3941; x_wconf 87' lang='lat' dir='ltr'><strong>scilicet</strong></span> <span class='ocrx_word' id='word_1_221' title='bbox 1499 3880 1564 3938; x_wconf 84' lang='lat' dir='ltr'><strong>Ser·-</strong></span> 
     </span>
     <span class='ocr_line' id='line_1_28' title="bbox 273 3980 1567 4060; baseline -0.004 -15"><span class='ocrx_word' id='word_1_222' title='bbox 273 3983 320 4045; x_wconf 86' lang='lat' dir='ltr'><strong>uii</strong></span> <span class='ocrx_word' id='word_1_223' title='bbox 346 3987 587 4045; x_wconf 71' lang='lat' dir='ltr'><strong>nomenculatoris</strong></span> <span class='ocrx_word' id='word_1_224' title='bbox 617 3992 708 4060; x_wconf 78' lang='lat' dir='ltr'><strong>atque</strong></span> <span class='ocrx_word' id='word_1_225' title='bbox 733 3987 930 4058; x_wconf 82' lang='lat' dir='ltr'><strong>prummatici</strong></span> <span class='ocrx_word' id='word_1_226' title='bbox 960 3983 992 4044; x_wconf 91' lang='lat' dir='ltr'><strong>in</strong></span> <span class='ocrx_word' id='word_1_227' title='bbox 1021 3985 1174 4044; x_wconf 82' lang='lat' dir='ltr'><strong>Donatum</strong></span> <span class='ocrx_word' id='word_1_228' title='bbox 1206 3980 1431 4044; x_wconf 86' lang='lat' dir='ltr'><strong>commentario.</strong></span> <span class='ocrx_word' id='word_1_229' title='bbox 1486 3982 1567 4054; x_wconf 54' lang='lat' dir='ltr'><strong>&amp;aad</strong></span> 
     </span>
     <span class='ocr_line' id='line_1_29' title="bbox 273 4083 1567 4162; baseline -0.002 -17"><span class='ocrx_word' id='word_1_230' title='bbox 273 4085 370 4161; x_wconf 72' lang='lat' dir='ltr'><strong>initur</strong></span> <span class='ocrx_word' id='word_1_231' title='bbox 392 4088 430 4147; x_wconf 85' lang='lat' dir='ltr'><strong>ile</strong></span> <span class='ocrx_word' id='word_1_232' title='bbox 450 4084 541 4146; x_wconf 83' lang='lat' dir='ltr'><strong>editis</strong></span> <span class='ocrx_word' id='word_1_233' title='bbox 569 4089 628 4146; x_wconf 87' lang='lat' dir='ltr'><strong>iam</strong></span> <span class='ocrx_word' id='word_1_234' title='bbox 655 4084 805 4146; x_wconf 85' lang='lat' dir='ltr'><strong>eiusmodi</strong></span> <span class='ocrx_word' id='word_1_235' title='bbox 824 4089 1003 4162; x_wconf 84' lang='lat' dir='ltr'><strong>praesertim</strong></span> <span class='ocrx_word' id='word_1_236' title='bbox 1031 4103 1071 4146; x_wconf 84' lang='lat' dir='ltr'><strong>ex</strong></span> <span class='ocrx_word' id='word_1_237' title='bbox 1098 4083 1205 4146; x_wconf 73' lang='lat' dir='ltr'><strong>cortice</strong></span> <span class='ocrx_word' id='word_1_238' title='bbox 1226 4085 1397 4144; x_wconf 81' lang='lat' dir='ltr'><strong>Leuantino</strong></span> <span class='ocrx_word' id='word_1_239' title='bbox 1420 4086 1567 4159; x_wconf 82' lang='lat' dir='ltr'><strong>opusculis</strong></span> 
     </span>
     <span class='ocr_line' id='line_1_30' title="bbox 273 4185 1564 4263; baseline -0.003 -15"><span class='ocrx_word' id='word_1_240' title='bbox 273 4192 378 4249; x_wconf 89' lang='lat' dir='ltr'><strong>statuit</strong></span> <span class='ocrx_word' id='word_1_241' title='bbox 406 4186 560 4248; x_wconf 83' lang='lat' dir='ltr'><strong>Henrr&#39;cus</strong></span> <span class='ocrx_word' id='word_1_242' title='bbox 589 4186 707 4249; x_wconf 84' lang='lat' dir='ltr'><strong>IIeiIius</strong></span> <span class='ocrx_word' id='word_1_243' title='bbox 731 4205 860 4262; x_wconf 77' lang='lat' dir='ltr'><strong>prumia.</strong></span> <span class='ocrx_word' id='word_1_244' title='bbox 892 4189 958 4248; x_wconf 84' lang='lat' dir='ltr'><strong>Lat.</strong></span> <span class='ocrx_word' id='word_1_245' title='bbox 988 4190 1047 4247; x_wconf 88' lang='lat' dir='ltr'><strong>uol.</strong></span> <span class='ocrx_word' id='word_1_246' title='bbox 1077 4188 1136 4260; x_wconf 88' lang='lat' dir='ltr'><strong>IV,</strong></span> <span class='ocrx_word' id='word_1_247' title='bbox 1168 4185 1274 4262; x_wconf 83' lang='lat' dir='ltr'><strong>praef.</strong></span> <span class='ocrx_word' id='word_1_248' title='bbox 1301 4204 1335 4263; x_wconf 91' lang='lat' dir='ltr'><strong>p.</strong></span> <span class='ocrx_word' id='word_1_249' title='bbox 1364 4186 1453 4245; x_wconf 84' lang='lat' dir='ltr'><em>LIII.</em></span> <span class='ocrx_word' id='word_1_250' title='bbox 1482 4187 1564 4256; x_wconf 77' lang='lat' dir='ltr'><strong>tlt,</strong></span> 
     </span>
     <span class='ocr_line' id='line_1_31' title="bbox 274 4288 1565 4366; baseline -0.002 -17"><span class='ocrx_word' id='word_1_251' title='bbox 274 4292 352 4350; x_wconf 80' lang='lat' dir='ltr'><strong>idem</strong></span> <span class='ocrx_word' id='word_1_252' title='bbox 375 4292 548 4351; x_wconf 73' lang='lat' dir='ltr'><strong>decanicis</strong></span> <span class='ocrx_word' id='word_1_253' title='bbox 575 4298 627 4349; x_wconf 74' lang='lat'><strong>123</strong></span> <span class='ocrx_word' id='word_1_254' title='bbox 648 4288 801 4365; x_wconf 85' lang='lat' dir='ltr'><strong>excerptis</strong></span> <span class='ocrx_word' id='word_1_255' title='bbox 822 4297 969 4363; x_wconf 86' lang='lat' dir='ltr'><strong>statuam,</strong></span> <span class='ocrx_word' id='word_1_256' title='bbox 989 4289 1148 4366; x_wconf 85' lang='lat' dir='ltr'><strong>pertinere</strong></span> <span class='ocrx_word' id='word_1_257' title='bbox 1169 4306 1206 4347; x_wconf 87' lang='lat' dir='ltr'><strong>ea</strong></span> <span class='ocrx_word' id='word_1_258' title='bbox 1228 4290 1272 4348; x_wconf 83' lang='lat' dir='ltr'><strong>aii</strong></span> <span class='ocrx_word' id='word_1_259' title='bbox 1292 4296 1389 4348; x_wconf 87' lang='lat' dir='ltr'><strong>artem</strong></span> <span class='ocrx_word' id='word_1_260' title='bbox 1413 4291 1565 4362; x_wconf 77' lang='lat' dir='ltr'><strong>quaraclam</strong></span> 
     </span>
     <span class='ocr_line' id='line_1_32' title="bbox 275 4389 1565 4467; baseline -0.005 -13"><span class='ocrx_word' id='word_1_261' title='bbox 275 4395 310 4454; x_wconf 76' lang='lat' dir='ltr'><strong>oli</strong></span> <span class='ocrx_word' id='word_1_262' title='bbox 331 4410 397 4451; x_wconf 88' lang='lat' dir='ltr'><strong>cum</strong></span> <span class='ocrx_word' id='word_1_263' title='bbox 420 4397 568 4453; x_wconf 88' lang='lat' dir='ltr'><strong>rationem</strong></span> <span class='ocrx_word' id='word_1_264' title='bbox 590 4391 694 4466; x_wconf 81' lang='lat' dir='ltr'><strong>Serpii</strong></span> <span class='ocrx_word' id='word_1_265' title='bbox 713 4394 832 4451; x_wconf 86' lang='lat' dir='ltr'><strong>nominc</strong></span> <span class='ocrx_word' id='word_1_266' title='bbox 853 4390 1038 4467; x_wconf 76' lang='lat' dir='ltr'><strong>insipnr&#39;tam,</strong></span> <span class='ocrx_word' id='word_1_267' title='bbox 1063 4394 1136 4466; x_wconf 84' lang='lat' dir='ltr'><strong>quia</strong></span> <span class='ocrx_word' id='word_1_268' title='bbox 1156 4393 1304 4466; x_wconf 81' lang='lat' dir='ltr'><strong>pieruque</strong></span> <span class='ocrx_word' id='word_1_269' title='bbox 1325 4408 1365 4450; x_wconf 84' lang='lat' dir='ltr'><strong>ex</strong></span> <span class='ocrx_word' id='word_1_270' title='bbox 1381 4390 1485 4450; x_wconf 85' lang='lat' dir='ltr'><strong>Seruii</strong></span> <span class='ocrx_word' id='word_1_271' title='bbox 1498 4389 1565 4450; x_wconf 87' lang='lat' dir='ltr'><strong>olim</strong></span> 
     </span>
     <span class='ocr_line' id='line_1_33' title="bbox 273 4489 813 4572; baseline -0.004 -18"><span class='ocrx_word' id='word_1_272' title='bbox 273 4501 435 4555; x_wconf 87' lang='lat' dir='ltr'><strong>commenta</strong></span> <span class='ocrx_word' id='word_1_273' title='bbox 452 4494 583 4567; x_wconf 83' lang='lat' dir='ltr'><strong>fuerant</strong></span> <span class='ocrx_word' id='word_1_274' title='bbox 604 4489 813 4572; x_wconf 65' lang='lat' dir='ltr'><strong>deserimini)</strong></span> 
     </span>
    </p>
   </div>
   <div class='ocr_carea' id='block_1_6' title="bbox 1570 4588 1608 4622">
    <p class='ocr_par' dir='ltr' id='par_1_8' title="bbox 1570 4588 1608 4622">
     <span class='ocr_line' id='line_1_34' title="bbox 1570 4588 1608 4622; baseline 0 -26"><span class='ocrx_word' id='word_1_275' title='bbox 1570 4588 1608 4622; x_wconf 31' lang='grc' dir='ltr'><strong>ἡ,</strong></span> 
     </span>
    </p>
   </div>
   <div class='ocr_carea' id='block_1_7' title="bbox 275 4765 1569 4902">
    <p class='ocr_par' dir='ltr' id='par_1_9' title="bbox 275 4765 1569 4902">
     <span class='ocr_line' id='line_1_35' title="bbox 343 4765 1569 4836; baseline 0.002 -21"><span class='ocrx_word' id='word_1_276' title='bbox 343 4765 369 4830; x_wconf 76' lang='lat' dir='ltr'><strong>*l</strong></span> <span class='ocrx_word' id='word_1_277' title='bbox 389 4768 456 4816; x_wconf 85' lang='lat' dir='ltr'><strong>idem</strong></span> <span class='ocrx_word' id='word_1_278' title='bbox 475 4767 500 4815; x_wconf 88' lang='lat' dir='ltr'><strong>iu</strong></span> <span class='ocrx_word' id='word_1_279' title='bbox 521 4782 550 4815; x_wconf 82' lang='lat' dir='ltr'><strong>es</strong></span> <span class='ocrx_word' id='word_1_280' title='bbox 568 4776 633 4829; x_wconf 85' lang='lat' dir='ltr'><strong>arte,</strong></span> <span class='ocrx_word' id='word_1_281' title='bbox 658 4782 734 4829; x_wconf 80' lang='lat' dir='ltr'><strong>uirum</strong></span> <span class='ocrx_word' id='word_1_282' title='bbox 753 4783 779 4832; x_wconf 91' lang='lat' dir='ltr'><strong>p.</strong></span> <span class='ocrx_word' id='word_1_283' title='bbox 802 4767 934 4815; x_wconf 73' lang='lat' dir='ltr'><strong>tia-158</strong></span> <span class='ocrx_word' id='word_1_284' title='bbox 953 4779 1018 4813; x_wconf 76' lang='lat' dir='ltr'><strong>iatine</strong></span> <span class='ocrx_word' id='word_1_285' title='bbox 1043 4765 1152 4829; x_wconf 86' lang='lat' dir='ltr'><strong>primunr</strong></span> <span class='ocrx_word' id='word_1_286' title='bbox 1177 4765 1316 4829; x_wconf 82' lang='lat' dir='ltr'><strong>edidimus,</strong></span> <span class='ocrx_word' id='word_1_287' title='bbox 1340 4765 1466 4816; x_wconf 82' lang='lat' dir='ltr'><strong>accidisse</strong></span> <span class='ocrx_word' id='word_1_288' title='bbox 1489 4783 1569 4836; x_wconf 83' lang='lat' dir='ltr'><strong>supro</strong></span> 
     </span>
     <span class='ocr_line' id='line_1_36' title="bbox 275 4833 685 4902; baseline 0.007 -18"><span class='ocrx_word' id='word_1_289' title='bbox 275 4834 410 4884; x_wconf 83' lang='lat' dir='ltr'><strong>docuimus</strong></span> <span class='ocrx_word' id='word_1_290' title='bbox 429 4851 454 4902; x_wconf 92' lang='lat' dir='ltr'><strong>p.</strong></span> <span class='ocrx_word' id='word_1_291' title='bbox 475 4833 612 4884; x_wconf 79' lang='lat' dir='ltr'><strong>LXXXlX</strong></span> <span class='ocrx_word' id='word_1_292' title='bbox 630 4851 685 4899; x_wconf 81' lang='lat' dir='ltr'><strong>scq.</strong></span> 
     </span>
    </p>
   </div>
   <div class='ocr_carea' id='block_1_8' title="bbox 0 0 1702 5447">
    <p class='ocr_par' dir='ltr' id='par_1_10' title="bbox 0 0 1702 5447">
     <span class='ocr_line' id='line_1_37' title="bbox 0 0 1702 5447; baseline 0 0"><span class='ocrx_word' id='word_1_293' title='bbox 0 0 1702 5447; x_wconf 95' lang='lat' dir='ltr'><strong> </strong></span> 
     </span>
    </p>
   </div>
  </div>
 </body>
</html>
