3464 5446
328 381 401 428 [ΧΠ
714 365 763 414 DE
783 361 902 415 ninius
922 361 1231 417 nmstnbnnsmvn

405 575 432 632 p.
457 556 498 614 95
524 555 559 610 lie
582 571 650 612 uoce
672 555 777 629 primus
800 553 869 610 liber
890 559 934 610 est
956 561 984 610 ct
1005 551 1129 629 partibus
1152 553 1226 624 eius,

522 640 558 696 lle
581 639 646 715 quid
668 639 747 696 litera
768 638 821 711 sit,
845 638 944 714 quibus
965 646 995 695 et
1018 647 1086 712 quot
1108 637 1231 713 partibus
1254 638 1328 693 insit.

523 723 580 782 Vox
603 732 645 782 est
667 731 699 780 ut
720 724 831 795 dicunt,
854 739 899 780 aer
923 724 1102 780 tenuissimus
1124 725 1196 780 ictus

521 809 576 866 but
599 810 650 866 boc
672 807 818 883 sensibile,
841 810 953 883 proprie
976 807 1050 884 quod
1072 807 1187 865 discitur
1209 823 1274 865 aure

522 893 707 951 Articulataue
728 910 783 950 non
806 910 861 950 uox
883 891 1022 950 literulata
1044 891 1075 950 lit
1097 901 1222 950 autnon

523 977 672 1036 articulata
694 977 724 1034 lit
746 995 778 1035 ex
800 979 907 1050 auimo,
931 979 1068 1036 contraria
1091 993 1239 1053 nunquam.

521 1063 595 1133 Quae
619 1063 725 1138 species
748 1071 790 1120 tot
812 1071 913 1136 agunt,
935 1063 1091 1120 discrimina
1114 1070 1234 1137 partums
1257 1061 1306 1118 bec
1327 1067 1406 1116 sunt:

521 1147 736 1206 commiscentur
759 1149 830 1206 enim
852 1147 1008 1205 discrimina
1029 1147 1093 1205 bina
1115 1148 1239 1204 uicissim

522 1233 557 1290 Vt
578 1234 631 1290 dur
653 1250 669 1290 a
691 1231 778 1305 duco,
802 1249 856 1290 uox
879 1233 980 1290 dicitur
1001 1249 1016 1289 a
1040 1247 1110 1290 uoco
1132 1230 1220 1290 uerbo

522 1317 586 1376 Siue
609 1317 662 1375 boo
685 1334 786 1392 greco,
809 1316 894 1374 reboo
917 1320 1091 1393 componitur
1113 1334 1145 1374 er
1167 1333 1232 1392 qno.

521 1403 626 1460 Littera
648 1404 817 1478 compositae
839 1404 918 1460 uocis
939 1403 1020 1460 datur
1042 1402 1168 1460 athomus
1190 1417 1252 1458 esso

522 1489 556 1545 Vt
577 1496 656 1545 caute
678 1489 779 1545 dicam:
803 1504 872 1562 quae
894 1487 1025 1544 scribitur
1047 1487 1136 1560 ibim,
1159 1489 1286 1560 inquam,

521 1573 550 1629 ln
572 1581 765 1630 constructura
785 1574 863 1630 uocis
886 1573 949 1647 quia
972 1572 1010 1629 nil
1032 1572 1121 1630 minus
1145 1572 1203 1646 ipsa
1225 1579 1278 1627 etc.

408 1690 521 1750 Desinit
540 1689 617 1750 tiber
633 1690 753 1765 primas
773 1691 805 1750 in
827 1689 881 1748 lios
902 1705 1025 1749 uersam

319 1813 350 1868 V.
375 1811 437 1870 eis
523 1811 645 1868 Nominis
668 1812 694 1866 in
719 1809 771 1867 linc
794 1817 871 1866 tenet
892 1809 917 1866 ll
938 1812 1016 1883 prior
1037 1810 1055 1866 S
1077 1809 1136 1875 loca
1158 1816 1241 1865 mute,

523 1895 643 1970 Namque
666 1913 716 1970 per
739 1895 746 1950 i
769 1895 886 1951 medium
910 1895 1028 1952 lormare
1051 1894 1122 1951 solet
1144 1895 1309 1968 genitiuum:

523 1979 567 2036 Slc
589 1981 621 2038 ab
646 1981 731 2036 biems
754 1980 867 2050 hiemis,
890 1979 967 2037 uelut
989 1995 1020 2036 cr
1043 1979 1109 2036 urbs
1133 1980 1253 2036 nascitur
1275 1978 1360 2035 urbis.

403 2071 490 2157 nnn
510 2097 548 2157 ιι
568 2097 685 2158 saetam
706 2095 763 2156 noc
785 2104 830 2156 ea
844 2113 880 2172 p.
904 2101 958 2155 os:
996 2123 997 2128 κ

320 2213 425 2294 (rubr.)
523 2217 658 2274 Hactenus
681 2219 746 2275 baec
768 2219 873 2292 primus
896 2215 966 2273 liber
988 2216 1098 2288 edocet,
1122 2217 1183 2272 inde
1206 2216 1357 2286 secundus,

522 2303 624 2360 Littera
647 2303 784 2360 litterulas
806 2301 852 2360 ubi
874 2319 946 2374 non,
970 2301 1015 2358 ubi
1039 2311 1175 2371 transeat,
1199 2303 1225 2356 in
1248 2317 1315 2375 quas

521 2387 578 2456 Que
600 2387 637 2444 sit
659 2391 787 2463 cognatio
811 2404 862 2444 sna
884 2387 929 2443 ucl
951 2389 1012 2460 quis
1035 2385 1146 2444 cuilibet
1169 2387 1246 2444 orato.

521 2641 624 2699 Littera
646 2641 699 2698 lert
720 2642 827 2715 specics
849 2640 959 2699 uocales
982 2648 1199 2698 conresonantes
1219 2640 1269 2713 (an
1290 2658 1397 2715 conque
1420 2643 1578 2715 sonantcsi)

521 2726 577 2785 Sub
599 2727 739 2784 uocalibus
762 2727 828 2798 bae,
851 2743 920 2801 quae
943 2734 1008 2782 suut
1029 2726 1183 2802 longaeque
1205 2725 1360 2800 breuesque

520 2811 577 2870 Sub
599 2810 801 2870 remanentibus
824 2813 893 2883 bae,
916 2827 986 2886 quae
1008 2821 1072 2868 sunt
1094 2811 1244 2886 simplaeue
1265 2809 1399 2886 duplaeue

521 2902 573 2953 tut
595 2899 731 2972 aspiratae
755 2897 798 2954 uel
821 2914 874 2954 uon
899 2897 997 2954 barum
1016 2895 1176 2971 mediaeque
1198 2905 1251 2953 etc.

407 3015 511 3074 Vltimi
529 3029 637 3074 uersas
657 3013 692 3074 tn·
710 3021 798 3074 sant:

317 3135 345 3190 V.
368 3133 430 3192 409
518 3134 551 3190 Vt
573 3135 646 3192 nubo
669 3137 765 3211 nupsi,
788 3138 892 3210 pariter
914 3134 1004 3192 scribo
1027 3151 1138 3209 proque
1160 3135 1259 3208 scripsi

520 3219 617 3295 iiiique
639 3223 699 3277 soui
721 3237 818 3287 causa,
841 3220 911 3277 nolit
933 3219 996 3276 licet
1018 3218 1151 3292 analogia.

401 3333 593 3396 montenis·
613 3338 654 3396 in.
675 3354 706 3412 p.
732 3341 802 3402 103:

518 3458 592 3527 Quae
614 3457 695 3515 scribi
718 3459 792 3532 potis
814 3465 872 3529 est,
895 3467 926 3514 ut
947 3458 1062 3530 dicitur,
1085 3456 1187 3531 syllaba
1211 3474 1264 3513 uox
1286 3467 1345 3529 cst,

519 3543 578 3600 Non
601 3544 774 3602 intermissus
796 3544 840 3601 cui
862 3545 977 3617 spiritus
999 3551 1028 3599 et
1051 3551 1130 3600 tenor
1152 3559 1223 3598 unus
1246 3551 1298 3598 otc.

317 3666 407 3732 atque
426 3661 497 3731 tiisis
518 3661 651 3720 eiusdem
667 3677 703 3736 p.
730 3665 802 3719 105:

379 3779 407 3834 V.
432 3779 493 3838 216
516 3780 544 3837 Si
566 3797 649 3854 rogo:
672 3779 750 3856 ‘quid
772 3797 906 3838 summum
930 3783 966 3837 sit
989 3781 1068 3854 uba',
1092 3781 1137 3837 dat
1160 3783 1221 3854 quis
1244 3779 1425 3838 ‘lionestum'.

518 3865 586 3923 Ecce
609 3865 639 3922 lit
660 3881 692 3922 en
715 3883 771 3922 uno
795 3867 931 3924 sententia
953 3883 1075 3940 congrua
1098 3864 1194 3922 uerbo.

922 3951 1005 4008 uinis.

401 4067 465 4128 Hoc
486 4065 582 4141 ipitar
602 4083 725 4128 carmen
748 4069 827 4128 mitte
849 4069 1007 4143 decemque
1029 4084 1169 4128 amanam
1190 4068 1377 4129 Venerabilis
1399 4067 1492 4128 Pater
1508 4068 1615 4130 Gallus

318 4168 462 4230 Moretias
488 4167 700 4245 Einsidiensis‚
734 4171 821 4230 cuias
852 4166 1004 4230 amicitiae
1033 4171 1229 4244 specimiaam
1261 4185 1356 4245 snpra
1390 4169 1615 4245 propassionem

314 4255 497 4346 apoarap'lta
527 4270 632 4339 debeo,
661 4275 742 4331 recte
767 4271 845 4332 uidit
872 4273 1028 4331 Prisciani
1052 4279 1222 4346 praecepta
1248 4273 1280 4332 in
1307 4277 1425 4332 tantam
1452 4273 1552 4345 sequi,
1582 4279 1616 4332 at

314 4372 382 4447 ipsa
401 4373 577 4448 ptmemqae
598 4373 753 4434 Prienam
772 4373 865 4434 aeria
887 4389 1036 4450 expressa
1058 4375 1127 4434 sirit

362 4541 372 4560 ἱ
398 4471 533 4548 Denique
557 4475 617 4535 iac
643 4473 765 4548 reseras
790 4476 858 4535 cod.
882 4476 966 4536 Eins.
994 4481 1049 4534 172
1069 4481 1235 4535 commenta
1257 4477 1288 4535 in
1311 4476 1440 4536 Donat
1447 4476 1460 4535 i
1481 4483 1563 4534 artes
1584 4484 1617 4535 et

313 4575 547 4643 barbarismum,
570 4593 648 4650 qaae
662 4576 750 4637 baias
763 4577 836 4637 libri
850 4594 885 4653 p.
905 4584 961 4636 202
975 4595 998 4636 s.
1015 4573 1165 4637 edidimus
1188 4576 1246 4650 (cs.
1262 4595 1357 4654 snpra
1377 4595 1409 4653 p.
1426 4576 1523 4636 XLII
1532 4581 1615 4652 nat.)
1725 4647 1726 4652 γ

314 4685 343 4736 et
367 4675 539 4736 Terentii
559 4683 722 4740 tractatam
746 4677 784 4739 de
798 4680 891 4740 aerio
904 4679 971 4739 cod.
990 4685 1029 4736 32
1047 4695 1078 4754 p.
1098 4685 1170 4753 206,
1195 4678 1232 4738 de
1253 4696 1312 4754 qao
1332 4677 1437 4755 praes.
1455 4675 1557 4754 parta‘s
1579 4678 1622 4739 II
1725 4665 1726 4684 ¹

313 4792 384 4853 cap.
408 4779 460 4837 XI
478 4795 607 4852 ispanus.
