3394 5448
338 376 401 440 270
729 377 964 432 connenrvu
981 377 1226 431 enimomnes

339 566 516 635 clausulam,
541 565 694 644 quaesibi
718 569 838 646 propria
861 575 920 636 est,
944 569 1080 648 respicit,
1104 568 1167 628 siue
1181 567 1230 629 illa
1246 566 1408 645 singularis
1429 565 1497 626 siue
1513 563 1622 644 pluralis

204 696 225 737 p.
240 685 285 733 scr,
300 685 324 726 aa
338 671 454 729 numeri
476 671 524 729 sit.
567 668 641 729 llcc
664 667 809 730 schema
831 671 851 727 i·
873 669 948 730 baec
972 669 1075 746 ligura.
1120 668 1208 729 Late
1235 677 1338 749 patet
1359 671 1378 728 i·
1403 667 1520 747 ubique
1541 669 1621 728 mani·

339 769 470 830 lestatur.
516 769 559 831 Et
581 771 679 854 lieri
694 769 792 831 solet
813 787 836 829 s.
853 769 902 831 illa
923 772 1028 850 ligura.
1072 770 1140 832 Per
1162 769 1376 833 accidentia
1399 771 1419 830 i·
1443 786 1503 849 per
1525 785 1621 846 genera

338 873 468 952 partium
492 873 649 943 orationis,
679 870 763 934 uerbi
785 873 878 952 gratia
901 872 959 934 ‘uir
982 881 1011 934 et
1034 871 1155 943 mulier,
1187 873 1239 952 qui
1260 873 1379 933 nouiter
1400 870 1437 932 ad
1462 889 1522 932 nos
1545 889 1621 930 uene·

338 981 422 1044 runt,
447 977 547 1052 magni
570 977 660 1035 sunt'.
704 973 758 1034 Hic
781 976 853 1034 ‘uir'
877 983 907 1034 et
929 974 1070 1035 ‘mulier’
1094 992 1160 1035 cum
1184 975 1243 1036 sint
1263 973 1420 1034 masculini
1443 979 1475 1032 et
1498 971 1638 1032 femininis

337 1077 472 1154 generis,
496 1094 663 1155 perunum
687 1093 780 1153 genus
801 1078 820 1136 l.
844 1075 1037 1137 masculinum
1060 1075 1248 1145 clauduntur,
1272 1075 1348 1154 quia,
1364 1073 1417 1135 ubi
1440 1075 1504 1134 duo
1527 1093 1621 1152 genem

337 1179 501 1257 iunguntur
530 1177 724 1239 masculinum
747 1186 777 1238 et
804 1177 994 1247 femininum,
1028 1195 1082 1256 per
1112 1177 1199 1246 illud,
1234 1178 1313 1256 quod
1345 1179 1546 1257 praecipuum
1578 1187 1620 1238 est.

335 1281 532 1342 resoluuntur.

857 1445 921 1580 [nic
942 1445 1105 1582 raonis]

429 1749 1070 1767 ................
1100 1701 1364 1784 [Peripbreris
1384 1712 1441 1766 est
1460 1702 1643 1784 circen-lu

199 1803 654 1890 p.roo‚mllp.209lllneutio
688 1823 780 1884 quae
814 1804 860 1864 lit
894 1813 955 1865 aut
991 1807 1183 1869 ornandae
1218 1807 1273 1868 rei
1309 1825 1420 1867 causa
1450 1807 1477 1867 i·
1510 1814 1542 1866 ut
1571 1824 1617 1871 res,

336 1927 412 1990 quac
440 1927 495 1989 per
524 1926 556 1969 se
583 1907 708 1988 pulchra
736 1915 794 1977 est,
824 1906 951 1985 quodam
982 1905 1094 1968 ambitu
1122 1906 1280 1970 locutionis
1310 1907 1466 1987 pulchrior
1497 1910 1618 1969 eflicitur.

198 2029 325 2081 procos
341 2013 411 2072 lut
433 2007 607 2071 uitaudae
629 2026 653 2068 s·
677 2009 722 2068 rei
749 2025 854 2076 causa;
883 2025 975 2086 quae
997 2011 1122 2088 turpis
1145 2015 1189 2070 est
1210 2012 1235 2070 l·
1259 2029 1334 2090 quae
1361 2029 1416 2090 per
1444 2029 1478 2070 se
1508 2009 1617 2090 pnlclue

195 2105 437 2182 'p.rm‚1ellerri
459 2128 517 2172 non
547 2118 644 2189 potest
672 2105 731 2170 nisi
758 2109 1020 2172 circumlocutione
1049 2110 1220 2172 adornetur.
1264 2109 1318 2170 Vt:
1349 2118 1384 2172 et
1414 2114 1486 2172 iam
1516 2113 1617 2192 prima

337 2232 433 2274 nouo
456 2211 662 2292 spargebat
681 2208 821 2272 lumine
843 2219 968 2272 terras
989 2214 1133 2273 Aurora
1156 2221 1191 2274 et
1213 2221 1348 2274 cetera.
1383 2213 1493 2274 Perse
1509 2211 1642 2292 pulchras·

337 2324 421 2376 esset
442 2315 550 2382 dictio,
579 2315 604 2376 si
626 2313 776 2373 diceretur
798 2313 904 2375 ‘oritur
925 2313 982 2374 iarn
1006 2313 1091 2384 dies'‚
1115 2314 1167 2376 sed
1190 2315 1453 2376 circumlocutione
1476 2313 1618 2395 pulchrior

336 2419 368 2478 lu
391 2418 500 2485 oratio,
524 2433 591 2477 curn
614 2415 721 2476 dicitur
743 2417 798 2476 ita:
844 2415 898 2474 ‘El
918 2415 976 2476 iam
999 2415 1094 2494 prima
1116 2433 1195 2477 nouo
1217 2416 1376 2496 spargebat
1397 2416 1513 2478 lumine
1536 2427 1617 2476 terras
1671 2439 1672 2464 r

335 2520 478 2581 Aurora':
517 2519 612 2579 ‘nouo
640 2515 769 2578 lumine'
798 2516 870 2577 dicit
896 2516 1058 2578 secundum
1088 2515 1265 2597 Epicureos,
1295 2521 1345 2598 qui
1374 2516 1517 2580 dicebant
1537 2515 1616 2578 solem

211 2652 231 2692 μ,
246 2641 296 2691 401,
309 2641 322 2680 r
335 2620 471 2682 occidere
494 2637 561 2681 sero
585 2626 615 2680 et
636 2636 722 2680 mane
744 2619 851 2679 iteru'm
875 2619 973 2688 nasci,
996 2617 1074 2679 unde
1089 2628 1118 2679 et
1134 2638 1209 2699 puer
1224 2619 1401 2699 depingitur.
1446 2619 1491 2680 Et
1514 2622 1615 2680 nimlc

335 2741 377 2783 ne
405 2722 492 2783 luxu
514 2723 534 2782 i·
558 2721 647 2782 nimia
674 2718 863 2799 pinguedine.
908 2718 1114 2781 Obtunsior
1136 2737 1223 2782 usus
1251 2723 1277 2781 i·
1302 2719 1471 2783 bebetaticr
1502 2724 1549 2782 uia
1575 2723 1640 2782 sicu

335 2822 504 2885 Genitali
527 2841 615 2882 aruo
638 2830 669 2883 et
689 2822 787 2883 sulcos
810 2819 931 2882 oblimet
953 2823 1073 2883 inertes.
1112 2821 1295 2901 Virgilius
1317 2823 1373 2884 boc
1388 2823 1460 2884 dicit
1476 2824 1515 2884 dc
1538 2841 1615 2902 equa·

335 2925 406 2994 bus,
434 2943 510 3005 quae
533 2932 666 3004 tempore
688 2924 783 2984 coitus
806 2939 865 2983 non
889 2939 1021 2993 crassae,
1051 2921 1103 2984 sed
1131 2940 1248 2986 macrae
1270 2923 1380 2986 debent
1402 2945 1478 2986 esse.
1526 2926 1616 2987 ‘Geni-

336 3024 403 3088 tali'
427 3035 526 3087 autern
548 3027 658 3085 ‘aruo’
682 3024 757 3085 dixit
779 3043 834 3104 pro
851 3025 965 3093 uulua,
995 3032 1027 3086 ut
1055 3042 1119 3095 res,
1149 3044 1224 3105 quae
1252 3045 1306 3107 per
1328 3045 1361 3088 se
1383 3028 1480 3106 turpis
1504 3035 1567 3088 erat
1585 3024 1614 3084 ad

336 3126 565 3207 proiciendum,
590 3125 714 3205 quiedam
738 3126 1001 3189 circumlocutione
1017 3127 1171 3187 uitaretur.
1202 3128 1312 3189 druum
1328 3137 1425 3189 autem
1441 3129 1564 3208 proprie
1578 3137 1614 3188 en
1669 3187 1670 3212 ἶ

339 3237 420 3291 terra
442 3229 599 3309 proscissa.
1669 3215 1670 3240 ¹

208 3355 320 3408 prone
420 3329 658 3411 prerbaton
702 3339 762 3391 est
803 3332 1042 3393 transcensio
1079 3333 1104 3391 i·
1142 3330 1301 3393 transilitio
1344 3341 1373 3391 et
1415 3332 1611 3411 transgressio.

333 3432 517 3505 Quaedam
545 3433 570 3492 i·
593 3431 710 3512 quando
737 3431 829 3493 multa
857 3433 1088 3513 interponuntur
1111 3440 1141 3494 et
1162 3433 1197 3495 ad
1221 3431 1356 3495 ultimum
1385 3451 1436 3513 ea,
1466 3451 1544 3512 quae
1570 3431 1610 3491 de

333 3535 459 3597 buerant
482 3533 678 3612 praecedere,
708 3531 936 3610 subiunguntur.
975 3533 1177 3596 Verborum
1206 3533 1376 3596 ordinem
1399 3537 1419 3595 i·
1442 3533 1612 3596 conturbans

333 3637 468 3698 ordinem
489 3634 661 3697 uerborum.

207 3765 320 3817 prone
417 3735 681 3820 Hysterologia
714 3736 775 3799 uel
811 3738 1153 3820 hysteroproteron
1190 3746 1246 3799 est
1282 3739 1502 3799 sententiae
1539 3748 1631 3798 eume

331 3839 460 3904 uerbis
488 3839 578 3900 ordo
600 3847 764 3901 mutatus
791 3840 817 3898 i·
847 3838 965 3920 quando
986 3840 1151 3902 sentcntiae
1173 3848 1203 3900 et
1224 3838 1315 3901 uerba
1343 3840 1430 3901 simul
1459 3846 1609 3900 mutantur.
1667 3837 1668 3840 ’

399 4131 416 4180 8
433 4129 497 4180 Post
514 4130 609 4181 codicis
623 4144 686 4195 pop.
700 4131 750 4180 200
764 4129 886 4193 merenda
903 4133 959 4179 erat
974 4143 1003 4193 p.
1016 4129 1109 4177 209:
1119 4127 1185 4180 nce.
1197 4143 1223 4192 p.
1238 4129 1296 4192 eod,
1311 4131 1346 4180 32
1356 4145 1420 4196 seq„
1439 4131 1534 4196 mmor
1548 4129 1609 4192 sulib

330 4197 357 4247 tn
374 4199 455 4248 meritc
473 4199 623 4262 deperditis.
694 4199 726 4249 18
744 4197 884 4246 secundum
902 4193 1052 4262 Epicureos]
1071 4197 1107 4260 rs.
1125 4195 1240 4247 Seruium
1257 4197 1295 4247 ad
1308 4197 1387 4262 Verp.
1408 4197 1472 4250 Aere
1493 4197 1507 4247 1
1512 4199 1538 4246 V
1552 4199 1607 4246 585:
1666 4215 1667 4250 l

330 4263 420 4314 ‘Noun
439 4265 548 4314 lumiue’
572 4266 710 4316 secundum
729 4263 882 4330 Epicureos.
906 4265 949 4328 qui
972 4264 1048 4313 stulte
1065 4261 1151 4314 Solem
1168 4265 1201 4314 dc
1218 4265 1310 4314 atomis
1333 4266 1422 4316 dicunt
1442 4281 1569 4321 constare.
1590 4275 1607 4310 er

330 4347 388 4382 curn
406 4335 447 4383 die
465 4334 549 4392 nosci,
568 4349 625 4384 eum
643 4334 792 4398 disperire.
863 4335 896 4383 20
915 4332 1058 4382 hebetucior
1134 4333 1167 4383 26
1184 4333 1325 4398 yperbolen
1412 4336 1445 4386 30
1462 4333 1606 4398 pstemlogia

330 4401 370 4452 uel
388 4413 596 4468 ysteroproteron

397 4661 431 4711 20
450 4659 540 4712 Gloese
558 4659 653 4710 codicis
672 4657 811 4708 nemanso
826 4658 849 4722 s.
866 4654 921 4708 23b
938 4673 1017 4722 recep.
1034 4657 1096 4710 eim:
1127 4655 1177 4707 lete
1199 4656 1270 4706 locus
1288 4656 1314 4704 in
1333 4665 1430 4708 tentum
1449 4668 1516 4708 totus
1534 4653 1603 4720 turpis

330 4739 381 4786 est,
402 4739 428 4776 ut
446 4728 520 4777 eriam
538 4728 564 4776 in
584 4727 685 4792 uulgari
702 4725 831 4776 locutione
848 4725 1004 4791 despiciatur
1020 4723 1113 4788 audiri,
1126 4725 1175 4774 sed
1185 4737 1261 4790 poeta
1272 4725 1383 4786 quadem
1396 4725 1604 4776 circumlocutione

330 4811 387 4844 eum
405 4799 483 4846 comit
505 4811 599 4846 nocuus
623 4795 725 4846 uuluam
749 4794 858 4862 genitale
879 4808 969 4844 aruum
988 4805 1013 4843 et
1029 4792 1114 4843 sulcos
1133 4795 1150 4843 i.
1170 4793 1294 4860 quaedum
1318 4809 1397 4860 rugas
1421 4795 1446 4843 iu
1465 4794 1542 4844 uolua
1558 4809 1603 4841 esse

328 4866 398 4920 dicit.
