3412 5452
642 367 891 422 GRAMMATICO.
1304 386 1425 437 cmm

92 563 95 570 ·
130 559 253 614 mentem
274 553 398 616 Scotum
419 553 481 624 ite,
505 562 538 616 ut
558 573 627 618 curn
647 554 701 618 ate
722 555 909 620 Flauianum
931 558 964 620 in
982 567 1090 637 partes
1112 568 1253 637 uocaret,
1277 563 1327 624 hic
1348 561 1425 625 eius-

131 657 195 716 dem
213 655 373 733 praecepti
396 655 607 719 Caninianum
630 666 786 720 auctorem
808 658 975 722 adhiberet.
1021 663 1130 738 Itaque
1158 681 1220 725 non
1247 673 1290 725 est
1311 663 1424 727 niren-

131 760 214 832 hnnt,
244 759 327 834 quod
346 757 380 820 in
401 760 543 834 caroloco
565 758 753 822 Bononiensi
779 777 859 822 saec.
882 762 936 822 XI
960 781 979 823 a
1001 762 1106 826 IIeilio
1119 781 1230 842 propr.
1254 766 1321 826 Eri.
1348 773 1424 827 1888

129 879 158 936 p.
184 866 222 918 27
243 861 406 922 secundun
428 859 599 934 Betlesseni
619 859 684 923 uiri
704 860 880 924 suauissimi
901 866 1114 941 apopraphun
1136 865 1217 928 edito
1239 866 1425 930 ‘Ihauianus

129 969 158 1024 et
179 960 416 1058 Canninianus'
438 960 528 1038 quasi
542 963 602 1025 duo
617 961 681 1024 uiri
693 961 890 1039 prammatici
904 975 1121 1028 moneantur
1133 964 1183 1052 *)‚
1208 986 1318 1044 neque,
1343 971 1426 1046 quod

129 1063 208 1126 idern
229 1063 264 1126 in
285 1067 428 1140 catalopo
449 1063 601 1128 Bernensi
621 1063 735 1142 lenitur
756 1067 815 1127 hac
836 1064 963 1144 insuper
984 1067 1093 1130 addita
1116 1068 1327 1146 distinctione,
1352 1074 1423 1132 Fla·

130 1166 252 1229 nanum
273 1166 388 1229 Italum
411 1165 527 1242 fuisse,
560 1164 770 1230 Cominiauunt
791 1167 914 1242 Afrum.
960 1155 1041 1230 Nam
1069 1172 1127 1232 hoc
1148 1171 1328 1234 necessitate
1349 1191 1423 1250 que-

130 1272 199 1330 dam
221 1277 359 1347 repente,
385 1277 547 1346 postquam
570 1270 631 1330 duo
650 1267 965 1345 prammaticifuisse
990 1269 1091 1334 habiti
1117 1285 1202 1349 snnt,
1231 1276 1421 1351 sequebatur,

129 1379 160 1434 ut
180 1369 261 1433 alites
288 1370 354 1433 alia
380 1369 508 1434 unitate
535 1373 704 1433 donaretur
725 1388 744 1433 a
766 1371 922 1433 monachis
949 1371 1096 1435 historiae
1120 1375 1344 1450 prammaticae
1370 1395 1430 1454 cn-¹

129 1473 226 1543 riosis,
245 1489 312 1550 pua
332 1472 367 1534 in
387 1490 433 1553 re,
456 1491 524 1535 curn
546 1471 736 1534 Flauianum
758 1476 869 1535 Italum
891 1492 953 1536 esse
973 1474 1130 1547 iubebant,
1154 1495 1189 1539 eo
1211 1478 1339 1542 adduct-i
1360 1497 1423 1540 esse

130 1575 272 1638 uidentur
278 1619 288 1653 ‚
316 1576 400 1652 quod
427 1573 588 1638 Charisius
615 1573 701 1636 urbis
728 1576 843 1636 Rornae
869 1574 1015 1652 mapister
1042 1577 1142 1652 faisse
1169 1579 1328 1642 dicebatur
1357 1582 1421 1656 (cf.

128 1675 207 1740 hab.
225 1695 337 1755 propr.
362 1679 427 1739 Eri.
445 1696 481 1755 p.
508 1682 576 1757 27),
604 1694 672 1738 cam
700 1695 773 1739 uero
798 1677 1009 1740 Comininnunt
1031 1679 1144 1753 Afri'ca
1171 1681 1334 1743 oriundum
1361 1691 1422 1744 sta-

127 1781 261 1855 tuebant,
285 1778 463 1854 Africanae
484 1778 620 1841 Charisii
643 1778 776 1856 oripinis
799 1779 901 1842 nescio
923 1799 982 1856 quo
998 1791 1093 1857 pacta
1115 1781 1236 1859 aliquid
1256 1787 1300 1844 ad
1319 1803 1423 1846 eorum

128 1900 217 1944 aures
233 1881 413 1959 pentenessc
434 1879 598 1944 uerisimile
620 1889 671 1943 est.
717 1881 796 1942 Nam
817 1881 893 1943 satis
911 1882 1072 1959 probabile
1093 1892 1146 1960 est,
1171 1889 1254 1961 quod
1273 1889 1422 1950 Vscnerus

127 2002 224 2062 nuper
259 2001 333 2046 nus.
362 1984 461 2046 Rhea.
496 1987 556 2045 noI.
585 1984 705 2045 XXIII
735 2001 767 2062 p.
799 1990 856 2042 192
888 1984 926 2043 de
957 1983 1095 2047 Charisii
1121 1986 1233 2064 patria
1265 1987 1422 2065 securiter

127 2085 268 2150 coniecit.
290 2120 333 2134 -

194 2339 224 2409 *)
242 2344 311 2394 Idem
330 2342 438 2408 catalogi
458 2341 593 2392 Bobiensis
615 2353 704 2391 atteror
726 2341 845 2400 eredidit,
871 2357 946 2404 quesn
964 2352 989 2392 et
1007 2341 1119 2392 Flauiani
1139 2353 1163 2393 et
1178 2342 1308 2410 Sosipaoi
1330 2344 1420 2396 librum

127 2427 172 2478 pro
191 2428 221 2463 se
238 2427 366 2475 quemque
383 2425 515 2461 recensere
533 2411 649 2460 uidemus
668 2410 737 2476 opud
757 2411 919 2460 Muretorium
939 2411 972 2460 111
990 2425 1016 2476 p.
1034 2411 1086 2462 820
1103 2421 1127 2460 et
1144 2412 1204 2464 821.

698 3197 845 3278 IIII.

530 3393 1014 3479 PRISOIANEA.

704 3784 785 3850 One.
806 3783 834 3848 Ι.

222 3939 281 4006 DE
303 3937 525 4006 PRISGIANI
548 3938 654 4006 VITA
676 3935 864 4014 QVADAM
886 3935 1109 4002 BERNENSI
1130 3935 1325 4002 INEDITA.

209 4117 246 4176 In
270 4115 518 4190 srnpmentorum
546 4112 652 4176 codice
680 4111 830 4175 Beruensi
851 4116 879 4173 A
900 4119 938 4173 90
959 4110 1076 4187 srapm.
1100 4117 1139 4170 30
1164 4127 1244 4171 saec.
1268 4111 1320 4170 XI
1340 4129 1375 4186 p.
1399 4119 1418 4170 8

127 4225 203 4276 -11
219 4225 289 4294 post
310 4215 469 4279 Prisciani
490 4216 591 4292 operis
613 4215 743 4278 extremi
759 4214 877 4292 aliquot
894 4213 1029 4292 popinas
1043 4215 1120 4274 hacc
1134 4219 1219 4274 extat
1234 4211 1300 4274 uuo
1314 4231 1416 4288 prant-

128 4318 231 4382 matici
254 4317 461 4380 Caesariensis
481 4335 519 4379 ca
541 4317 694 4378 because
717 4315 936 4392 memorabilis,
966 4317 1039 4393 qnia
1061 4316 1105 4375 ad
1124 4313 1309 4376 notissimam
1330 4312 1417 4376 illane

127 4421 271 4483 librorum
297 4419 486 4498 sinpulorurn
512 4416 762 4497 subscriptionem
789 4417 1008 4496 explicandam
1030 4435 1091 4479 non
1111 4415 1191 4478 nihil
1217 4415 1341 4478 luminis
1363 4419 1416 4477 ad-

124 4523 196 4597 fert.
244 4524 339 4596 thnt
361 4521 457 4584 uitam
478 4520 549 4583 olins
570 4520 604 4583 in
629 4519 746 4582 Othonis
768 4519 875 4582 Iahnii
896 4539 981 4582 mant
1003 4537 1023 4579 a
1044 4537 1076 4581 se
1097 4517 1282 4596 descriptam
1310 4521 1417 4580 I'sene-

127 4645 192 4696 rus,
214 4634 376 4703 postquam
403 4623 490 4686 illam
518 4621 619 4685 uirum
644 4622 939 4701 praestantissimam
962 4621 1036 4696 suto
1066 4611 1175 4698 iriam
1205 4619 1291 4682 nobis
1319 4638 1418 4697 asper

128 4726 318 4804 eripuerunt,
346 4736 380 4789 ut
401 4726 473 4789 huic
494 4726 574 4788 libro
595 4725 774 4800 insererem,
799 4733 968 4786 arrrentcm
990 4726 1172 4788 adhortatus
1198 4731 1242 4784 est
1260 4721 1417 4799 facieque

129 4829 279 4892 concessit.
