3390 5444
637 369 848 422 BERNENSIS.
1336 366 1394 430 127

102 577 258 621 numerum
282 577 399 630 eorum,
422 560 550 620 maxime
573 565 671 619 auton
687 565 810 638 propter
826 558 999 634 genetiuum
1014 555 1159 635 pluralem
1174 556 1205 616 in
1222 573 1293 616 uum
1317 555 1395 616 desi·

101 670 221 722 nentem
237 663 384 739 geminata
398 679 418 720 u
433 659 544 729 littera,
568 659 647 740 quod
671 667 717 720 cst
738 662 894 739 proprium
917 666 1040 737 quartae
1063 658 1278 728 declinationis,
1303 667 1335 718 ut
1350 667 1397 719 est

101 762 157 824 boo
172 781 267 824 cornu
282 763 369 824 buius
389 779 483 825 cornu
499 762 568 823 bule
583 779 676 822 cornu
691 761 748 822 boc
761 779 858 824 cornu
873 780 890 821 o
906 779 1001 822 cornu
1016 759 1054 821 ab
1069 761 1126 822 hoc
1141 779 1234 822 cornu
1251 767 1281 820 et
1296 757 1394 840 plura·

99 863 166 925 liter
187 865 262 926 baec
280 883 396 926 cornua
417 864 524 925 horum
540 881 684 926 cornuum
700 863 746 924 bis
761 863 902 924 cornibus
916 863 990 924 baec
1005 881 1117 924 cornua
1133 881 1151 923 o
1167 880 1279 923 cornua
1295 860 1332 922 ab
1349 860 1395 920 bis

75 965 252 1027 scornibus.
296 967 346 1028 sto
367 964 553 1027 declinantur
576 973 604 1026 et
626 963 680 1027 alia
704 967 824 1026 nomina
852 964 960 1026 similia
988 973 1094 1026 neutra
1123 974 1244 1044 quartae
1267 963 1394 1024 declina-

99 1069 203 1138 tionis,
227 1075 261 1128 nt
283 1077 352 1129 sunt
374 1067 461 1129 baec:
492 1067 548 1128 boe
570 1085 649 1146 genu
678 1067 733 1128 boc
756 1066 824 1145 gelu
851 1066 908 1127 hoc
930 1067 1041 1128 tonitru
1065 1067 1122 1126 hoc
1144 1084 1215 1127 ossu
1237 1065 1294 1126 hoc
1317 1073 1395 1126 testu

99 1169 154 1230 boe
178 1187 253 1230 ueru
276 1169 332 1230 hoc
354 1187 455 1249 specu.
500 1167 532 1230 ln
555 1170 601 1229 his
624 1186 696 1247 ergo
719 1167 890 1229 nominibus
912 1165 1098 1228 neutralibus
1119 1169 1151 1228 in
1174 1165 1317 1244 singulari
1339 1184 1394 1227 nu·

98 1287 180 1330 mero
203 1273 281 1332 scire
303 1269 462 1339 debemus,
489 1273 551 1331 tres
574 1289 659 1331 casus
682 1287 747 1330 esse
769 1268 877 1330 breues
900 1268 1002 1330 ultima
1024 1267 1134 1348 syllaba
1158 1277 1187 1328 et
1208 1276 1269 1329 tres
1291 1268 1394 1346 longos

99 1371 282 1434 differentiae
305 1389 407 1440 causa,
432 1370 489 1432 boc
512 1374 610 1433 estin
633 1371 815 1452 nominatiuo
838 1379 867 1431 et
889 1371 1058 1432 accusatiuo
1080 1379 1110 1432 et
1131 1373 1271 1432 uocetiuo
1293 1371 1392 1447 singu·

65 1489 87 1526 ro
98 1473 154 1534 lari
176 1472 313 1534 ultimum
336 1492 355 1533 u
379 1473 549 1552 corripitur,
573 1479 606 1534 ut
629 1471 685 1534 boc
707 1489 802 1532 cornu
824 1472 1006 1532 nominatiuo
1028 1478 1058 1532 et
1079 1471 1134 1532 hoc
1156 1489 1250 1531 cornu
1273 1489 1393 1532 accusa·

99 1576 152 1637 tiui
176 1584 208 1636 et
229 1595 246 1635 o
269 1593 364 1636 cornu
386 1575 534 1635 uocatiuo.
578 1573 612 1635 ln
640 1576 780 1652 genetiuo
808 1591 880 1633 uero
904 1581 934 1633 et
955 1573 1055 1634 datiuo
1082 1581 1111 1633 et
1133 1570 1263 1633 abletiuo
1290 1574 1391 1650 singu·

97 1676 152 1738 lari
188 1696 206 1737 u
240 1676 327 1738 finale
363 1675 550 1756 producitur,
589 1683 622 1736 ut
654 1675 742 1736 buius
775 1691 869 1735 cornu
901 1673 971 1736 huic
1001 1691 1095 1734 cornu
1129 1671 1165 1734 ab
1198 1674 1255 1736 boc
1289 1692 1391 1735 cornu.

97 1778 320 1840 Priscianus
350 1785 446 1838 autem
475 1779 506 1836 in
534 1777 580 1836 lris
603 1775 774 1837 nominibus
796 1777 911 1836 neutris
933 1774 1068 1836 ultimum
1092 1793 1111 1835 u
1133 1775 1259 1855 produci
1282 1774 1393 1837 debere

97 1883 125 1941 in
149 1879 289 1941 omnibus
310 1876 428 1940 casibus
449 1879 514 1938 sine
537 1877 596 1938 ulla
620 1877 785 1939 dillerentia
814 1876 944 1958 ostendit¹
964 1877 1079 1938 dicens:
1104 1879 1176 1937 ‘non
1200 1877 1391 1938 inrationabi-

63 1980 163 2042 taliter
186 1981 316 2041 dicimus
338 1997 416 2058 genu
439 1999 534 2042 cornu
556 1979 624 2058 gelu
647 1982 677 2040 in
701 1979 840 2040 omnibus
862 1978 979 2040 casIbus
1001 1979 1030 2038 in
1059 1976 1202 2056 singulari
1224 1997 1349 2040 numero
1372 1997 1391 2038 u

96 2083 226 2143 litteram
243 2082 391 2162 produci’.
430 2081 502 2142 ltem
518 2084 595 2143 scire
617 2081 775 2151 debemus,
799 2083 882 2158 quod
902 2080 976 2141 baec
997 2081 1116 2140 nomina
1140 2088 1246 2141 neutra
1269 2059 1391 2158 quartae

95 2183 303 2245 declinationis
331 2185 362 2242 in
391 2201 410 2242 u
439 2183 605 2246 desinentia
636 2184 715 2264 apud
742 2193 860 2244 ueteres
888 2180 1046 2262 aliquando
1074 2183 1105 2241 in
1134 2199 1199 2252 um,
1233 2181 1390 2262 aliquando

94 2303 164 2346 uero
187 2288 280 2368 inus
302 2286 383 2346 finita
405 2287 609 2346 inueniuntur.
654 2285 726 2346 lnda
753 2277 972 2345 Priscianus
995 2282 1080 2343 dicit:
1105 2285 1148 2344 ‘in
1171 2301 1190 2343 ιι
1212 2283 1315 2344 Latina
1338 2301 1391 2344 no·

94 2388 171 2447 mina
195 2393 265 2448 sunt
286 2385 368 2447 linita
390 2387 510 2464 generis
531 2388 632 2447 neutri
649 2383 660 2467 ΙΙ
677 2387 697 2446 l.
717 2381 798 2445 110¹>
817 2381 844 2464 ll,
870 2393 901 2445 ut
923 2383 980 2445 boc
1003 2401 1097 2446 cornu
1119 2385 1176 2445 lroc
1199 2387 1313 2446 tonitru
1335 2385 1395 2446 hoc

60 2503 172 2564 eogenu
195 2488 254 2548 boc
276 2485 360 2565 gelu,
390 2506 466 2567 quae
493 2495 592 2549 tamen
621 2486 821 2564 antiquissimi
848 2486 1042 2546 inueniuntur
1062 2487 1094 2545 in
1123 2503 1173 2546 urn
1201 2487 1392 2565 proterentes

94 2591 123 2650 in
145 2589 254 2650 eodem
276 2607 402 2667 genere,
426 2598 458 2649 ut
480 2589 554 2649 ‘lroc
576 2590 714 2650 cornum'
739 2586 808 2648 ‘hoc
830 2587 985 2647 tonitrum’
1010 2589 1156 2664 ‘ganum’,
1179 2588 1253 2647 etin
1271 2606 1390 2667 uspro·

94 2693 226 2752 ferentes
250 2689 422 2752 masculino.
468 2689 641 2752 Lucanus
670 2689 816 2750 ‘cornus'
839 2695 870 2750 et
896 2689 1059 2750 ‘tonitrus'
1083 2688 1216 2767 protulit.
1256 2689 1389 2750 Cicero

94 2801 190 2854 autem
214 2793 285 2854 ‘boe
304 2794 409 2871 genus’
432 2809 488 2872 pro
511 2792 723 2868 ‘genu-dixit:

296 2894 344 2954 ad
367 2893 512 2956 laeuum
536 2911 651 2972 genus
673 2892 765 2953 baec
789 2877 867 2952 nixi
890 2892 1042 2972 delapsa
1066 2891 1218 2953 resedit.

59 2996 266 3058 asOuidius:

298 3096 430 3160 flexile
453 3115 608 3158 cornum
658 3091 660 3096 ’

93 3217 145 3280 pro
169 3201 291 3262 ‘cornu'
314 3199 396 3261 dixit.
441 3198 643 3260 Lucretius
665 3196 751 3274 dixit:

186 3287 189 3292 ¹
297 3317 407 3379 saepe
429 3301 564 3378 gelum,
589 3299 684 3377 quod
707 3300 881 3359 continet
903 3299 940 3359 in
962 3316 1016 3368 se,
1040 3297 1183 3359 llittit’.

93 3403 162 3464 item
185 3404 410 3466 Priscianus
432 3403 518 3464 dicit:
549 3401 615 3461 ‘hic
637 3402 782 3462 tonitrus'
807 3409 836 3461 et
858 3401 931 3461 ‘boe
955 3401 1095 3470 tonitru’,
1120 3400 1187 3459 ‘bic
1208 3405 1335 3460 cornus'
1359 3409 1390 3460 et

58 3525 80 3562 eo
92 3506 303 3576 ‘boc'cornu',
327 3504 390 3565 ‘bic
412 3511 493 3564 artos
516 3512 546 3564 et
567 3503 637 3565 ‘boc
652 3506 741 3573 artu',
765 3502 827 3564 ‘bic
843 3503 1028 3581 angiportus'
1046 3509 1075 3562 et
1091 3503 1160 3562 ‘boc
1174 3504 1386 3582 angiportum,

90 3609 278 3686 conpositum
307 3606 344 3667 ab
372 3613 496 3684 angusto
525 3614 557 3666 et
580 3611 681 3684 portu.
733 3603 805 3666 item
834 3606 912 3667 scire
938 3603 1094 3674 debemus,
1124 3603 1201 3682 quod
1230 3606 1388 3680 genetinus

91 3717 214 3789 quartae
248 3707 453 3770 declinationis
480 3710 512 3768 ιἰι
539 3725 575 3768 us
608 3705 749 3785 syllabam
785 3708 976 3775 terminatus,
1008 3707 1071 3767 siue
1096 3703 1290 3767 masculinum
1324 3707 1388 3766 siue

89 3813 267 3873 lemininum
289 3827 397 3870 nomen
420 3809 526 3884 luerit,
548 3827 584 3869 us
605 3806 718 3888 syllaba
740 3807 842 3868 ultima
864 3808 1050 3888 producitur.
1080 3806 1152 3867 lnde
1167 3797 1388 3869 Priscianus

93 3913 177 3974 dicit:
203 3914 248 3973 ‘in
270 3919 373 3991 quarta
397 3909 594 3972 declinatione
616 3911 771 3988 genetiuus
793 3908 953 3986 singularis
975 3916 1004 3968 et
1026 3909 1228 3969 nominatiuus
1250 3914 1280 3968 et
1301 3925 1386 3968 accu-

56 4017 203 4079 sasatiuus
232 4021 262 4075 et
289 4015 445 4074 uocatiuus
472 4011 598 4092 pluralis
623 4011 703 4074 idem
733 4017 815 4078 sunu
846 4013 956 4090 quippe
979 4011 1007 4070 in
1030 4009 1169 4072 omnibus
1197 4009 1243 4070 bis
1270 4007 1388 4070 casibus

90 4116 265 4196 producitur
299 4133 334 4175 us
365 4111 490 4194 syllaba,
525 4121 556 4176 ut
588 4113 677 4175 huius
710 4113 815 4175 lluctus
842 4112 874 4173 bi
902 4113 1009 4174 lluctus
1036 4121 1066 4172 et
1093 4111 1148 4172 lros
1176 4110 1283 4174 lluctus
1312 4119 1341 4170 et
1369 4129 1386 4170 o

138 4369 293 4436 Pgeminita
327 4368 555 4421 diroccornoom.
589 4371 738 4420 toornuam
777 4371 887 4434 dgenus
923 4367 1040 4416 hoccstu
1078 4365 1199 4430 8longas
1233 4364 1389 4415 deterentiae

89 4438 141 4487 Pet
157 4438 280 4488 uocatiuo
297 4451 345 4490 om.
415 4439 447 4489 13
465 4433 625 4501 Priscianus]
644 4437 679 4499 ef.
697 4435 715 4486 1
731 4453 758 4501 p.
773 4438 928 4500 362‚8aeq.
1000 4437 1031 4484 14
1049 4432 1188 4484 deferentia
1240 4447 1292 4482 nou
1309 4435 1388 4482 ratio-

90 4505 206 4556 nabiliter
279 4508 310 4556 la
328 4505 397 4568 quod
416 4507 507 4556 addidi
575 4505 607 4554 18
624 4500 782 4568 Priscianus]
802 4505 836 4568 es.
856 4503 915 4567 lp.
935 4506 1041 4563 211114
1059 4518 1113 4568 seq.
1185 4503 1216 4551 19
1235 4502 1294 4566 gem
1312 4515 1388 4550 neom

122 4588 238 4624 ocornu
290 4574 385 4623 cronno
452 4575 486 4623 22
505 4569 639 4638 Lucanus]
663 4571 901 4622 Vitalium
953 4569 1072 4635 protollit.
1126 4565 1224 4634 Cicero]
1243 4570 1278 4631 es.
1291 4571 1324 4619 de
1341 4569 1389 4619 noc

90 4646 204 4707 exempto
223 4643 332 4722 pilisque
351 4641 434 4722 Probe.
453 4644 471 4695 l.
489 4644 506 4694 l.
583 4643 617 4690 24
634 4650 661 4690 ιιι
678 4639 762 4689 lenum
815 4639 869 4688 ιιὶιιί
887 4635 1117 4756 dglalffiflffll‘]
1137 4638 1228 4716 telnpis
1247 4640 1304 4686 sar'e
1322 4635 1389 4685 sedit

89 4711 121 4827 {l
138 4707 543 4828 littimfftlitiltl
563 4709 876 4841 ‘laldtllblftlb
893 4707 1122 4841 ,.¹ttt¹,¹⁰2l¹¹t,.
1141 4715 1389 4826 illiniti:

89 4847 120 4896 36
137 4846 299 4912 predulcitur
353 4845 389 4895 hii
