3390 5444
642 263 855 316 suencuam.
1284 238 1290 250 '
1336 263 1394 327 117

91 455 251 516 Cereris
279 459 389 533 atque
418 451 523 515 illius
551 454 629 514 lani
657 455 856 514 antistitae
884 453 1045 514 maiores
1072 459 1158 513 uam
1182 470 1221 513 ac
1251 451 1398 514 nobiles

91 553 279 617 mulieres
311 574 388 616 reru
418 556 460 615 ad
490 556 733 633 magistratus
760 571 845 616 suos
874 554 1057 616 delerunt.
1108 553 1281 615 Communia
1310 555 1397 616 trium

91 675 244 736 generum
274 659 303 718 iu
333 676 378 728 es,
409 663 442 717 ut
469 655 517 716 hic
543 656 667 717 ethaeo
691 656 800 717 ethoc
823 667 915 725 teres,
946 656 1002 716 huc
1031 663 1076 717 est
1104 655 1249 716 rotundus
1271 657 1397 717 rotunda

92 758 269 828 rotundum,
294 758 342 820 hic
365 766 395 820 et
416 757 489 819 haec
513 765 542 818 et
563 758 619 818 hoc
643 777 742 820 comes
766 777 781 818 a
804 753 972 820 comitando
995 757 1113 818 dicitur.
1150 756 1397 835 interrogandum

66 870 135 922 sest
158 869 273 930 autem,
298 860 447 938 quomodo
469 859 609 922 dilleruut
633 862 750 921 nomina
772 861 884 940 primae
900 859 1107 921 declinationis
1122 860 1153 918 in
1170 877 1202 919 es
1218 859 1396 922 desinentia:

91 972 142 1024 aut
157 963 277 1024 Graeca
301 971 371 1024 sunt
392 971 443 1023 aut
464 963 676 1040 patronomica‚
701 981 776 1043 quae
799 963 969 1040 genetiuum
993 943 1022 1021 iu
1045 980 1080 1021 ae
1103 960 1308 1041 diphthongon
1332 964 1397 1024 mit·

91 1072 171 1136 tunt,
204 1074 241 1125 ut
269 1062 411 1125 Anchises
439 1063 582 1125 Anchisae
609 1060 762 1125 Aeneades
788 1063 951 1125 Aeneadae.
997 1063 1122 1124 Nomina
1149 1070 1247 1124 autern
1277 1065 1398 1144 quintae

91 1166 305 1228 declinationis
321 1166 329 1224 i
345 1173 412 1226 ante
435 1184 450 1226 s
471 1184 590 1246 semper
613 1165 787 1242 obseruant,
812 1172 845 1226 ut
867 1165 930 1227 dies
953 1165 1062 1244 glacies
1084 1166 1232 1244 pernicies
1255 1164 1396 1242 luxuries,

91 1270 227 1348 exceptis
251 1267 345 1328 tribus
368 1266 551 1330 nominibus:
581 1287 629 1330 res
651 1285 721 1346 spes
743 1267 830 1338 fides,
857 1285 933 1348 quae
956 1268 965 1327 i
987 1275 1055 1328 ante
1079 1285 1110 1327 es
1132 1283 1192 1328 non
1214 1266 1339 1338 habent;
1369 1277 1398 1329 et
1426 1340 1430 1348 Ι

59 1388 79 1426 ιο
93 1391 126 1431 en
155 1371 313 1431 contrario
340 1389 433 1450 pauca
458 1373 577 1431 nomina
600 1372 629 1430 iu
652 1371 738 1432 tertia
761 1369 959 1430 declinatione
981 1371 991 1430 i
1014 1378 1082 1431 ante
1104 1389 1137 1431 es
1159 1367 1336 1439 obseruaut,
1366 1378 1397 1430 ut

92 1473 190 1553 paries
221 1473 302 1533 aries
330 1475 429 1550 quies;
458 1474 578 1552 requies
599 1479 697 1532 autem
722 1471 759 1532 ab
782 1490 814 1532 ea
838 1472 1023 1550 conpositum
1047 1472 1168 1551 quintae
1191 1468 1396 1534 declinationis

93 1581 147 1635 est.
194 1573 272 1636 Nam
301 1575 414 1654 requiei
444 1573 527 1654 lacit,
558 1592 617 1634 non
640 1573 790 1650 requietis.
834 1572 955 1652 Reliqua
979 1580 1079 1634 autem
1102 1574 1200 1634 omnia
1224 1574 1342 1634 nornine
1365 1576 1396 1634 in

93 1696 123 1737 os
145 1676 314 1738 desinentia
337 1677 442 1736 tertiae
466 1675 671 1737 declinationis
692 1682 771 1735 sunt.

175 1778 211 1838 ln
226 1780 255 1839 is
271 1778 509 1839 terminationem
533 1787 603 1857 quot
626 1793 735 1854 genera
758 1778 974 1840 inueniuntur?
1011 1777 1092 1838 ldest
1106 1786 1254 1858 quattuor,
1278 1795 1394 1840 mascu-

62 1898 82 1936 15
94 1880 184 1940 linum
214 1879 392 1941 lemininum
421 1889 558 1940 neutrum
590 1896 761 1947 commune;
796 1878 1007 1949 masculinum,
1037 1889 1068 1940 ut
1095 1879 1144 1942 hic
1172 1879 1257 1958 panis
1284 1879 1395 1959 †renis

94 1983 204 2042 uermis
226 1983 307 2060 iguis
331 1981 408 2042 luuis
431 1984 491 2041 axis
515 1983 595 2041 ensis
618 1982 729 2040 mensis
751 1977 764 2061 {l
780 1981 800 2041 l.
819 1977 897 2041 106·
912 1977 926 2062 ΙΙ
949 1981 1033 2056 collis
1056 1979 1155 2041 corbis
1177 1979 1259 2042 orbis
1281 1983 1395 2061 torquis

94 2083 164 2160 lapis
180 2081 284 2160 puluis
306 2085 426 2162 sanguis
449 2084 531 2144 cluis.
574 2083 725 2142 Femiuina
749 2081 821 2142 haec
845 2084 943 2162 cuspis
966 2082 1022 2161 glis
1044 2083 1080 2144 lis
1103 2084 1195 2144 cussis
1217 2084 1309 2143 uestis
1330 2084 1393 2145 auis

94 2183 191 2245 classis
220 2181 310 2245 uallis
334 2186 441 2265 puppis
464 2186 539 2246 cutis
561 2185 674 2244 securis
697 2183 787 2244 turris
810 2185 907 2262 neptis
931 2182 1071 2263 bipennis
1093 2185 1198 2244 messis
1220 2185 1309 2245 restis
1332 2186 1395 2246 sitis

96 2288 137 2346 uis
151 2285 240 2360 sedis,
261 2303 335 2366 quae
359 2288 478 2346 nomina
501 2289 540 2346 ita
564 2285 764 2346 declinantur:
788 2287 833 2346 uis
851 2287 897 2346 uis
912 2287 942 2346 ui
958 2287 1018 2346 uim
1034 2287 1080 2346 uis
1095 2305 1111 2346 a
1127 2287 1169 2346 ui:
1194 2273 1278 2348 aliter
1293 2296 1393 2348 autem

62 2389 278 2450 eonominatiuo
307 2386 448 2464 singulari
477 2386 579 2448 dicunt
607 2390 725 2456 ‘uirus’,
755 2386 834 2464 quod
857 2385 1096 2448 Cominianus
1124 2386 1209 2458 dicit,
1239 2388 1319 2449 uude
1347 2391 1394 2450 uir

96 2489 268 2570 appellatus.
318 2489 540 2550 Priscianus
568 2507 642 2549 uero
666 2487 750 2548 dicit:
785 2488 874 2550 haec
902 2491 960 2550 uis
988 2488 1099 2550 huius
1126 2490 1238 2560 uiriS,
1260 2490 1340 2551 unde
1362 2492 1391 2550 in

74 2591 197 2670 plurali
218 2609 345 2654 numero
368 2592 449 2652 uires
472 2593 579 2652 uirium
603 2590 718 2651 uiribus
742 2591 922 2650 uires-uires
945 2610 960 2650 a
984 2585 1107 2651 uiribus.
1146 2590 1256 2652 Neutra
1273 2593 1393 2653 nomina

96 2695 123 2753 in
145 2696 170 2754 is
193 2693 249 2754 tria
273 2699 342 2754 suut
365 2691 592 2763 indeclinabilia,
616 2700 648 2753 ut
670 2691 726 2752 hoc
749 2690 867 2773 †tresis
889 2693 969 2754 sexis
992 2692 1079 2754 decis.
1122 2691 1294 2754 Communia
1318 2693 1392 2754 duo-

97 2815 157 2856 rum
185 2813 346 2872 generum,
376 2794 433 2855 hoc
455 2801 500 2854 est
523 2793 678 2856 masculini
701 2800 730 2854 et
753 2781 889 2854 lominich
912 2795 940 2854 in
964 2795 989 2856 is
1012 2793 1176 2856 desinentia
1198 2792 1289 2856 multa
1312 2808 1390 2864 suut,

65 2914 167 2972 equae
195 2906 302 2958 neutra
329 2897 360 2956 in
384 2913 400 2956 e
423 2903 453 2957 et
479 2894 619 2958 aduerbia
641 2897 672 2956 iu
695 2903 740 2956 ter
763 2915 799 2956 ex
821 2914 853 2957 se
874 2897 1002 2966 iaciunt,
1030 2903 1064 2957 ut
1086 2894 1134 2956 hic
1158 2905 1188 2957 et
1209 2896 1283 2958 hacc
1306 2897 1392 2958 lortis

96 3005 123 3057 et
149 2998 204 3059 hoc
231 2999 311 3058 sorte
337 2999 468 3069 fortiter,
499 2998 547 3059 hic
575 3005 604 3058 et
632 2998 705 3058 haec
734 2997 881 3058 mirabilis
909 2995 1045 3059 mirabile
1067 2997 1259 3067 mirabiliter,
1290 2981 1391 3061 hicet

99 3097 164 3160 haec
193 3098 269 3160 leuis
296 3101 396 3160 suauis
418 3099 527 3178 regalis
550 3099 645 3160 dulcis
669 3101 810 3178 exanguis
834 3101 990 3172 exanimis,
1023 3099 1071 3161 hic
1094 3108 1124 3162 et
1145 3100 1219 3162 haec
1242 3102 1343 3170 curnis
1363 3109 1392 3162 et

99 3200 149 3260 hoc
170 3220 268 3272 omne,
293 3200 370 3278 quod
394 3201 569 3263 aduerhium
593 3210 695 3263 contra
719 3199 852 3279 regulam
875 3203 949 3271 ino,
972 3203 1085 3263 nonin
1109 3219 1141 3262 er
1164 3203 1243 3273 lacit,
1267 3202 1324 3264 hoc
1348 3211 1392 3264 est

98 3305 227 3372 omnino,
257 3322 318 3364 non
347 3306 483 3366 omniter.
528 3305 636 3364 lucerti
661 3303 796 3381 generis,
825 3309 858 3363 ut
879 3301 928 3365 hic
950 3301 999 3365 uel
1021 3302 1096 3363 haec
1117 3305 1199 3373 lluis;
1228 3306 1390 3384 promiscui

67 3407 226 3479 ugeueris,
251 3413 284 3465 ut
307 3404 354 3465 hic
376 3405 476 3484 piscis.

176 3506 207 3567 lu
230 3526 265 3567 os
287 3515 358 3586 quot
380 3524 489 3585 genera
506 3507 722 3568 terminanturl
759 3507 823 3568 lloc
846 3515 891 3569 est
913 3513 1061 3585 quattuor,
1085 3506 1280 3570 masculinum
1304 3509 1389 3570 lerni-

100 3607 193 3668 ninunr
223 3616 360 3669 neutrum
389 3627 555 3669 commuue.
602 3607 777 3678 Masculiua,
807 3617 840 3670 ut
868 3610 916 3670 hic
945 3627 1009 3670 mos
1036 3625 1087 3670 ros
1113 3609 1169 3670 llos
1191 3627 1284 3690 nepos
1306 3610 1390 3692 lepos

98 3725 216 3787 coopos;
240 3711 392 3779 lemiuiua,
414 3719 447 3770 ut
469 3709 542 3771 hacc
564 3710 618 3771 dos
641 3710 727 3778 dotis,
753 3710 826 3771 haec
848 3710 912 3788 glos
927 3709 1027 3789 glorie
1051 3710 1124 3772 hacc
1139 3729 1190 3772 cos
1205 3713 1290 3781 cotis,
1315 3712 1388 3774 haec

99 3806 179 3870 arbos
205 3810 336 3882 arboris,
366 3811 444 3891 quod
469 3819 497 3872 et
519 3811 609 3874 arbor
632 3811 750 3874 dicitur.
796 3812 923 3882 Neutra,
952 3820 984 3873 ut
1006 3813 1063 3874 hoc
1085 3832 1118 3874 os
1141 3814 1202 3875 oris
1225 3821 1255 3874 et
1277 3813 1333 3876 hoc
1355 3833 1389 3876 os

68 3911 174 3970 sossio.
217 3913 381 3974 Commune
410 3912 537 3976 duorum
565 3932 721 3992 generum:
752 3913 799 3974 hic
827 3922 857 3974 et
885 3914 958 3975 haec
983 3912 1059 3995 †tos
1086 3932 1138 3978 cos
1166 3915 1251 3986 totis,
1282 3916 1332 3978 hic
1359 3925 1390 3977 et

102 4007 167 4072 haec
188 4013 340 4083 sacerdos,
364 4013 411 4075 hic
435 4016 559 4076 ethaeo
582 4013 636 4076 hos
660 4013 759 4087 bouis,
783 4015 831 4077 hic
853 4023 883 4076 et
905 4015 978 4078 haec
1001 4034 1131 4097 compos.

102 4130 320 4146 ⁸——

160 4199 272 4252 testeris
284 4201 369 4263 adque
381 4200 457 4250 illuus
492 4203 611 4252 antestite
645 4204 754 4252 maiores
768 4213 829 4253 natu
841 4204 964 4269 prohetae
976 4218 1006 4252 ao
1018 4203 1116 4254 nobiles
1125 4206 1275 4257 Priaoim
1309 4207 1388 4259 ahoe

101 4268 274 4318 estrotuudum
309 4267 452 4320 ddeleruut
485 4266 1025 4338 dautgrece]Eoecidiaaeuideturproprie
1058 4272 1261 4339 inedigtougou
1296 4277 1388 4326 teuim

100 4331 310 4412 adesqnim-che
359 4338 455 4400 equae
465 4351 485 4388 tt
496 4348 594 4389 uutees
642 4340 672 4389 11
682 4339 783 4402 requies
796 4349 840 4388 aut
892 4341 924 4390 12
937 4354 995 4389 uam
1008 4339 1114 4402 reliquie
1165 4344 1199 4392 14
1210 4343 1236 4391 iu
1249 4341 1289 4392 his
1301 4345 1387 4393 termi-

102 4410 218 4452 nationem
235 4405 305 4467 quod
374 4405 406 4456 15
424 4407 478 4455 reni
495 4408 586 4457 sermis
655 4408 686 4457 1⁷
705 4405 842 4457 femininae
858 4407 922 4458 haec
938 4407 1071 4473 cecuspis
1123 4410 1191 4459 cesis
1260 4410 1293 4460 1⁸
1310 4411 1387 4461 clasis

131 4469 218 4534 puhpis
269 4473 334 4522 mesi
350 4473 388 4522 sis
458 4475 489 4524 19
508 4475 603 4524 uisedis
655 4473 795 4525 declinatur
847 4476 887 4525 uis
906 4474 982 4526 ¹¹¹uim
1044 4477 1077 4527 20
1095 4477 1166 4526 uirus
1184 4477 1254 4541 quod
1273 4481 1387 4530 comnia-

102 4532 155 4599 uus]
172 4539 205 4598 cf.
222 4539 321 4590 Cheru.
340 4557 368 4605 p.
388 4543 436 4604 35,
454 4541 548 4591 2911:
571 4543 641 4592 uirus
660 4542 728 4592 unde
746 4544 784 4592 uir
801 4544 945 4609 appellatur
1046 4546 1077 4594 21
1097 4543 1243 4595 Priscianus
1261 4560 1322 4596 uero
1340 4544 1383 4613 do]

102 4602 131 4682 ts.
149 4603 165 4652 I
179 4621 203 4668 p.
222 4610 320 4668 249st
380 4609 420 4658 uir
437 4607 451 4659 i
468 4606 540 4674 tricis]
560 4609 623 4660 haec
641 4611 681 4660 uis
698 4611 775 4661 huius
795 4613 834 4661 uis
853 4611 937 4664 Prisc.
958 4615 975 4666 t.
994 4615 1009 4662 l.
1078 4613 1111 4662 22
1130 4614 1213 4662 uirum
1281 4616 1314 4666 23
1333 4625 1387 4664 toea

102 4681 167 4720 tresis
184 4675 252 4724 sexis
270 4673 352 4741 decis]
371 4677 494 4729 Fortasse
510 4677 680 4728 scribendum:
700 4681 788 4729 tressis
807 4682 922 4731 sexessis
940 4679 1055 4731 decussis
1142 4682 1175 4733 at
1192 4680 1218 4730 in
1237 4691 1275 4731 tes
1352 4685 1386 4736 ut

103 4733 247 4804 leuls1ciuis
315 4745 349 4796 29
367 4745 504 4810 promiscui
521 4739 632 4810 genus'
672 4750 703 4798 31
726 4747 752 4796 in
769 4747 815 4799 hos
834 4751 903 4811 quod
971 4753 1004 4801 33
1022 4749 1069 4800 dos
1088 4749 1148 4800 totis
