3400 5450
642 391 851 444 aennensis.
1354 394 1396 458 93

91 577 210 639 huius
232 585 269 640 ct
288 579 377 640 huic
399 596 491 638 uuae
514 585 548 638 et
569 577 749 640 similiter
777 578 878 641 ullae
900 583 1035 642 nullae
1056 580 1158 642 solae
1180 589 1279 644 totae
1303 581 1400 645 aliae

91 680 244 741 alterae
268 669 305 748 in
328 699 394 741 usu
422 682 639 760 antiquiore
668 683 889 744 inuenimus
935 683 1079 745 Cicero:
1113 684 1189 744 Non
1219 703 1313 745 unae
1346 686 1401 746 rei

90 783 233 852 statui,
259 782 324 843 sed
347 781 519 844 omnibus
536 783 730 844 constitui.
762 782 981 847 Terentius:
1004 785 1078 847 Hoc
1101 788 1181 865 ipsa
1204 788 1239 846 in
1256 788 1400 848 itinere

90 882 497 945 alteraedumnarrat.
529 883 639 944 ldem:
664 883 1398 968 Numquamedepolquicquamiamdiu,

65 985 198 1062 equod
229 986 344 1064 magis
372 985 509 1047 uellem
540 959 694 1048 euenire
718 1031 725 1046 .
749 1033 756 1046 .
868 985 957 1046 mihi
986 986 1090 1049 solae
1119 988 1289 1051 ridiculo
1317 991 1398 1058 luit,

92 1105 191 1164 quae
227 1086 315 1165 quid
350 1089 505 1148 timeret
538 1087 710 1149 sciebam.
762 1087 964 1150 Caecilius:
1003 1087 1136 1152 Nullae
1171 1092 1318 1153 nationi
1345 1097 1399 1153 tot

92 1195 226 1250 tantas
249 1197 317 1250 tam
341 1191 544 1251 continuas
567 1191 755 1253 uictorias
783 1197 853 1251 tam
879 1189 985 1252 breui
1013 1193 1135 1270 spatio
1164 1193 1269 1254 datas
1297 1192 1398 1253 arbi·

90 1299 178 1352 tror
209 1309 314 1371 quarn
343 1289 460 1355 uobis.
511 1290 612 1352 Tertia
640 1293 755 1370 speeies
784 1300 829 1353 est
857 1293 1005 1354 contraria
1033 1293 1147 1371 primae
1175 1293 1396 1355 declinationis:

92 1391 264 1453 litterarum
295 1393 414 1454 nomina
444 1394 474 1453 iu
504 1393 722 1463 adesineutia,
753 1409 828 1471 quae
857 1413 916 1454 uon
945 1402 1015 1455 sunt
1037 1395 1151 1474 primae
1182 1394 1396 1466 declinationis,

56 1496 162 1572 aquia
195 1501 367 1574 monoptota
396 1504 464 1556 sunt
494 1501 523 1555 et
544 1493 772 1556 indeclinabilia.
816 1494 887 1556 lnde
910 1495 1128 1558 Priscianus
1157 1496 1247 1558 dicit:
1279 1497 1396 1559 Litte-

94 1614 222 1657 rarum
252 1597 398 1657 uomiua
429 1595 720 1658 indeclinabilia
750 1603 835 1658 sunt
863 1603 932 1658 tam
962 1597 1056 1678 apud
1080 1598 1261 1670 Graecos,
1290 1617 1396 1677 quam

94 1697 192 1776 apud
217 1696 392 1768 Latinos,
416 1697 550 1760 utalia
573 1698 810 1778 betagamma
834 1698 945 1762 delta.
983 1699 1166 1778 Quamquam
1190 1709 1292 1763 contra
1309 1719 1396 1780 regu·

94 1800 152 1860 lam
170 1845 307 1860 ......
324 1801 362 1861 in
385 1798 529 1860 modum
553 1799 678 1861 deltae
701 1800 856 1863 litterae
879 1801 1017 1864 cithara
1041 1801 1198 1864 lormata
1222 1810 1284 1864 est.
1323 1804 1395 1865 ltem

94 1900 1397 1983 Sergiusdicit:Digamutosdictaeoquodcharactereiusexduabus

61 2003 249 2080 ragammis
272 2003 330 2073 iit;
369 2010 398 2064 et
420 2002 670 2083 Hieronymus
692 2003 779 2065 dicit:
818 2005 1016 2085 Hucusque
1045 2023 1110 2085 per
1134 2014 1227 2066 etam
1251 2005 1395 2084 longam

95 2103 275 2174 diximus,
304 2121 401 2165 urrnc
428 2123 493 2184 per
522 2123 539 2165 e
568 2104 718 2166 breuem
749 2106 924 2168 dicemus.
970 2105 1080 2177 Quarta
1109 2109 1225 2186 species
1253 2115 1298 2168 est
1326 2126 1396 2169 con·

97 2207 259 2267 trarietatis
281 2206 394 2286 primae
418 2206 639 2268 declinationis:
664 2209 783 2270 nomina
807 2209 923 2269 numeri
946 2210 976 2269 in
998 2227 1013 2270 a
1036 2209 1213 2281 desinentia,
1238 2227 1313 2287 quae
1337 2229 1397 2272 nou

97 2317 164 2369 sunt
179 2309 297 2388 primae
312 2307 527 2379 declinationis,
545 2310 613 2386 quia
630 2328 691 2370 aon
706 2307 900 2381 declinantur,
915 2319 948 2371 ut
962 2312 1084 2390 triginta
1101 2310 1293 2391 quadraginta
1310 2314 1396 2392 quiu-

98 2412 236 2489 quaginta
258 2411 408 2488 sexaginta
431 2411 578 2489 octogiuta
594 2413 763 2491 nonaginta,
786 2413 823 2474 de
846 2412 953 2492 quibus
977 2412 1141 2475 Donatus
1163 2413 1249 2474 dicit:
1275 2414 1397 2475 Nomi-

64 2528 139 2572 nua
162 2531 401 2574 numerorum
430 2532 446 2574 a
475 2520 651 2593 quattuor
674 2531 790 2593 usque
817 2515 860 2575 ad
884 2521 1031 2576 centum
1053 2533 1122 2575 non
1145 2514 1397 2578 declinantur.

99 2615 181 2675 Nam
197 2613 240 2676 ab
256 2632 327 2675 uuo
349 2633 461 2695 usque
477 2614 518 2677 ad
534 2623 611 2676 tres
627 2633 693 2694 per
709 2634 838 2677 omnes
854 2617 1125 2678 casusuumeri
1147 2614 1395 2679 declinantur.
1423 2614 1426 2626 ’

99 2715 186 2776 ltem
210 2735 226 2776 a
250 2715 426 2778 ducentis
449 2724 483 2776 et
511 2717 692 2798 deinceps
720 2728 871 2798 praeter
900 2718 1014 2780 mille.
1059 2717 1132 2779 ltem
1155 2719 1257 2798 quinta
1280 2720 1397 2798 speeies

100 2827 143 2880 est
164 2819 313 2880 contraria
336 2820 449 2900 primae
471 2818 690 2882 declinationis:
720 2823 840 2882 nomina
862 2819 1022 2890 llebraica,
1054 2836 1130 2898 quae
1159 2821 1341 2881 nominatiuo
1369 2829 1398 2880 et

102 2923 267 2982 accusatiuo
290 2929 319 2982 et
342 2922 478 2983 uocatiao
502 2929 531 2982 et
552 2920 682 2984 ablatiuo
705 2923 734 2982 in
757 2941 804 2984 am
827 2923 1034 2994 terminantur,
1057 2929 1091 2984 ut
1111 2923 1160 2984 hic
1181 2921 1274 2984 Adam
1297 2930 1326 2983 et
1349 2921 1397 2982 hic

67 3021 244 3085 radbraham
275 3029 305 3084 et
331 3023 410 3085 hunc
438 3021 528 3084 Adam
557 3032 587 3085 ct
614 3023 693 3085 huuc
720 3023 869 3086 Abraham
898 3032 928 3085 et
950 3044 968 3085 o
990 3024 1082 3085 Adam
1106 3031 1135 3084 et
1157 3044 1174 3085 o
1196 3023 1343 3087 Abraham
1368 3032 1397 3085 et

102 3123 137 3184 ab
162 3124 219 3186 hoc
242 3125 334 3186 Adam
365 3133 395 3185 et
422 3125 459 3186 ab
488 3125 545 3186 hoc
567 3125 724 3187 Abraham.
770 3123 830 3186 Sed
857 3124 924 3186 ideo
951 3128 1066 3205 primae
1094 3125 1299 3188 declinationis
1326 3136 1396 3188 sunt

102 3235 219 3304 propter
242 3230 413 3306 genetiuum
436 3237 466 3288 at
486 3227 617 3289 datiuum
634 3229 664 3289 in
680 3247 715 3289 ae
731 3225 937 3306 diphthongon
952 3227 1133 3298 desinentes,
1157 3236 1189 3290 ut
1205 3228 1291 3290 buius
1305 3228 1394 3300 Adae,

103 3325 185 3389 huius
206 3327 343 3390 Abrahae
367 3329 436 3389 huic
451 3329 530 3389 Adae
553 3329 622 3390 huic
643 3329 790 3391 Abrahae.
828 3328 902 3390 ltem
924 3337 1004 3390 serta
1028 3332 1143 3409 species
1166 3337 1211 3392 est
1232 3332 1395 3394 contrarie·

104 3432 168 3490 tatis
193 3433 310 3510 primae
338 3429 560 3492 declinationis:
595 3433 714 3493 uomina
742 3431 863 3493 mobilia
891 3433 1033 3494 feminina
1060 3433 1092 3492 iu
1114 3451 1130 3492 a
1153 3432 1333 3503 desinentia,
1363 3442 1395 3495 ut

68 3547 90 3586 so
106 3531 155 3592 dea
171 3535 267 3594 anima
283 3531 342 3593 lilia
365 3531 442 3594 mula
459 3551 532 3612 equa
556 3552 622 3595 ursa
639 3532 756 3605 lamule,
780 3551 856 3614 quae
872 3539 1029 3614 propterea
1046 3535 1194 3596 contraria
1210 3531 1222 3616 ΙΙ
1239 3534 1287 3595 lol.
1303 3531 1363 3597 95⁸
1380 3533 1393 3620 ll

105 3633 236 3696 dicuntur
259 3636 373 3714 primae
395 3631 618 3705 declinationis,
641 3636 709 3715 quia
732 3635 863 3697 datiuum
887 3643 917 3696 et
938 3635 1096 3696 ablatiuum
1120 3634 1263 3716 pluralem
1287 3639 1318 3698 in
1342 3636 1396 3700 bus

103 3738 272 3806 terminant:
296 3738 408 3798 iaciunt
423 3738 504 3798 enim
520 3737 633 3800 deabus
653 3737 809 3800 animabus
832 3737 946 3800 liliabus
968 3737 1104 3800 mulabus
1124 3736 1256 3817 equabus
1269 3738 1396 3801 ursabus

167 3889 283 3938 thuilae
300 3906 348 3940 ora.
400 3889 477 3941 altere
495 3889 573 3940 altere
641 3886 775 3956 edicet-o]
795 3891 828 3953 cf.
843 3892 993 3942 Priscianus
1010 3894 1060 3943 tc.
1115 3891 1284 3942 3terrentius
1303 3891 1351 3942 hoc
1369 3893 1393 3942 in

103 3953 156 4018 ipsa
172 3956 197 4006 in
215 3958 324 4024 itenere,
343 3973 411 4009 corr.
430 3959 520 4009 itinere
576 3957 654 4025 altere
672 3974 719 4025 pro
738 3959 829 4026 altere,
849 3961 992 4012 corn-ri
1077 3961 1221 4022 dquieque
1240 3959 1283 4030 iau
1299 3961 1395 4023 diuque

104 4055 118 4103 ir
134 4059 232 4109 euenire
250 4059 312 4110 mihi
331 4057 398 4125 sole]
418 4061 458 4111 De
470 4063 561 4111 lacuna
579 4061 615 4124 cs.
628 4061 714 4116 Prisc,
727 4060 744 4110 1
759 4077 787 4125 p.
800 4063 884 4124 198,1
953 4062 969 4112 6
988 4061 1091 4112 cecilius
1109 4061 1177 4112 nulle
1196 4033 1306 4126 balldne,
1324 4077 1394 4116 corr.

105 4124 128 4170 tii
192 4130 275 4191 Sque
293 4129 367 4178 uobis
432 4129 757 4194 illitterarum-primae
775 4128 953 4178 declinationis
971 4145 1107 4194 perperam
1125 4133 1220 4182 iterata
1236 4138 1296 4183 sunt
1363 4133 1396 4182 10

105 4189 254 4261 Priscianus]
275 4198 315 4246 De
333 4199 430 4273 pruine
448 4205 496 4246 etc.
513 4213 539 4261 p.
551 4199 614 4259 443,
627 4199 660 4245 21
732 4198 761 4247 12
780 4196 873 4246 latinus
918 4199 988 4262 apud
1006 4197 1112 4247 Latinos
1131 4209 1156 4247 et
1174 4211 1263 4250 neutra
1279 4198 1394 4256 harim

105 4263 147 4310 sed
163 4272 186 4311 et
202 4276 290 4314 neutra
308 4271 334 4314 et
351 4266 377 4314 ia
394 4265 451 4314 eorl.
471 4263 552 4314 Besa.
571 4267 624 4324 432
642 4266 773 4315 omittitur.
842 4264 907 4315 Post
928 4276 1016 4315 contra
1039 4265 1153 4331 regulam
1176 4269 1295 4335 auctoris*
1306 4283 1395 4318 nomen

106 4329 267 4394 desideratur,
286 4348 323 4382 ea·
339 4333 409 4382 caius
426 4347 506 4397 apere
524 4331 604 4382 delme
621 4335 734 4398 genetiuo·
749 4335 889 4397 exemplum
908 4335 1082 4398 depromptum
1100 4341 1139 4384 est
1196 4337 1228 4386 13
1246 4339 1271 4385 in
1290 4336 1393 4385 modom

108 4394 143 4443 uel
159 4397 189 4446 de
205 4399 286 4450 littere
303 4399 410 4450 cltthara
497 4402 530 4450 14
546 4399 674 4466 seregius]
694 4402 734 4451 De
750 4403 838 4453 littera
854 4417 882 4466 p.
901 4403 1004 4465 476,15
1021 4401 1058 4451 K.
1110 4403 1261 4467 degammus
1280 4403 1347 4453 delta
1364 4418 1394 4452 eo

107 4464 170 4522 qtrod
186 4479 295 4518 caracter
364 4470 396 4519 16
414 4470 448 4518 sit
464 4468 623 4519 hieronimus
694 4470 726 4519 16
743 4470 934 4519 contrarietates
1021 4472 1051 4521 17
1070 4469 1224 4521 declinantur
1294 4474 1325 4523 19
1343 4469 1395 4520 Do-

107 4531 185 4597 natus]
202 4552 229 4600 p.
249 4539 308 4600 377,
327 4539 376 4586 20:
394 4536 426 4586 de
444 4551 494 4598 qua
512 4536 595 4586 lorma
613 4545 674 4587 sunt
691 4538 765 4586 eciam
786 4538 890 4586 uomina
908 4551 1071 4587 numerorum
1090 4551 1105 4586 a
1123 4549 1244 4601 quattuor
1261 4554 1344 4601 usque
1361 4540 1394 4588 ad

107 4610 210 4652 ceritum:
230 4617 288 4652 nam
306 4604 338 4654 ab
356 4618 408 4654 uno
426 4614 473 4654 ete.
544 4607 728 4655 20aeeutum
814 4608 845 4656 21
864 4605 952 4666 burno,
971 4605 1127 4656 cormhuno
1213 4610 1245 4658 22
1264 4618 1290 4657 et
1306 4609 1394 4673 inceps

108 4665 137 4714 23
153 4671 274 4738 coriti-ariq
326 4672 428 4738 pbraica
497 4673 530 4722 24
547 4672 632 4722 ablato
709 4675 742 4724 25
759 4673 877 4724 ⁸braham
929 4675 943 4722 d
996 4685 1021 4724 et
1037 4674 1069 4724 ab
1088 4672 1117 4725 ΙΙο
1203 4677 1236 4727 26
1254 4675 1393 4726 habraham

108 4733 372 4806 ‘ttiuedgptongon
392 4741 533 4790 disinentes
601 4741 634 4791 28
652 4740 729 4792 lucius
747 4741 802 4809 aelq
852 4741 912 4790 huie
929 4741 1058 4792 habrahae
1104 4745 1308 4804 contrarietates,
1321 4759 1391 4796 corr.

107 4801 148 4850 tis
195 4809 226 4856 29
244 4808 346 4858 iuubilia
364 4809 513 4858 lemininiua
566 4811 600 4860 30
617 4809 665 4858 dea
684 4811 778 4868 oruuia,
796 4811 831 4873 cs.
843 4811 913 4874 infra
926 4813 977 4860 32:
994 4810 1090 4861 deabus
1109 4813 1251 4878 enimahua,
1269 4821 1296 4864 et
1310 4828 1392 4878 porra

110 4883 132 4930 p.
150 4873 229 4936 list:
247 4877 309 4927 deus
328 4878 428 4927 artimus
481 4877 547 4928 mulu
616 4879 648 4928 32
668 4881 834 4929 terminantur
885 4879 1018 4930 enimahus
