3394 5448
290 337 354 402 216
699 335 934 388 conlusorem
952 331 1197 386 smsmuense

291 530 417 590 dicimus
440 529 518 588 enim
549 519 633 588 κατὰ
656 525 840 586 Ματθαῑον
864 523 1108 612 ·igsecuudum,
1139 530 1168 582 et
1195 524 1297 594 †cata
1321 537 1408 581 mane
1433 522 1476 580 ·i·
1499 521 1579 581 iuxta.

292 627 386 712 Πρός
408 647 526 709 quoque
550 627 682 689 diuersas
706 627 795 688 babet
817 626 1055 704 significationes.
1095 623 1130 685 Et
1152 623 1229 704 apud
1254 641 1307 683 uos
1329 624 1372 684 ud
1393 623 1512 702 ponitur
1533 641 1579 700 pro

292 733 386 814 apud.
411 743 444 794 ut
466 739 512 792 est
534 728 622 791 illud:

419 834 539 894 Prima
563 832 657 912 quod
681 831 722 892 ad
746 830 895 891 Troiam
919 847 984 909 pro
1007 829 1108 889 caris
1130 837 1303 908 gesserat
1323 828 1449 904 Argis,

1661 179 1663 240 4

291 955 346 1015 pro
370 933 458 1015 ‘apud
481 933 623 995 Troiam'.
1589 943 1599 982 s
1664 957 1665 996 p

153 1056 277 1108 panes
376 1037 411 1098 ll.
440 1036 464 1097 Ο
489 1037 628 1115 magister
657 1036 713 1106 da,
744 1036 783 1095 ·i·
807 1035 855 1096 dic
885 1033 1121 1114 praepositiones
1149 1030 1279 1092 ablatiui.
1325 1032 1470 1110 Superius
1492 1030 1580 1092 dixisti

291 1139 454 1199 accusatiui
483 1139 732 1218 praepositiones,
763 1155 835 1215 ergo
858 1137 906 1197 dic
928 1133 1009 1205 illas,
1039 1152 1114 1215 quac
1142 1136 1262 1215 proprie
1290 1132 1419 1195 ablatiuo
1447 1136 1581 1195 seruiunt.

293 1241 346 1302 llis
369 1242 447 1301 enim
471 1239 588 1300 duobus
610 1258 664 1319 per
687 1240 903 1318 appositionem
920 1240 1084 1315 iunguntur
1100 1236 1349 1317 praepositiones,
1373 1239 1502 1298 caeteris
1517 1255 1581 1299 uero
1665 1255 1666 1284 1

154 1358 347 1420 .·.ao5,saper
370 1343 625 1421 compositionem.
671 1341 708 1402 lt.
732 1342 755 1400 Α
779 1347 814 1401 ει
835 1339 878 1400 ab
901 1347 931 1399 et
952 1338 1096 1419 reliquae.
1134 1338 1294 1408 fdomo,
1318 1339 1465 1418 egredior.
1500 1339 1580 1400 llouu

293 1443 406 1504 Graece
430 1451 540 1504 tectum
566 1443 678 1503 latine.
716 1442 791 1503 Hinc
814 1451 843 1502 et
865 1441 1057 1502 Salomon:
1081 1438 1212 1502 illelius
1235 1447 1291 1501 est
1312 1440 1446 1501 sedere
1467 1442 1503 1501 in
1525 1449 1610 1501 ειμι
1666 1488 1667 1542 q

154 1543 379 1622 ...satagito
402 1544 580 1613 domatis,
606 1563 710 1624 qoam
734 1562 811 1605 com
835 1543 993 1604 muliere
1015 1543 1196 1621 litigiosa.
1234 1542 1581 1622 abhomineaccepi.
1666 1545 1667 1614 j

294 1645 388 1705 Homo
417 1644 454 1705 ab
486 1646 575 1707 lrumo
599 1646 715 1707 dicitur.
760 1645 832 1707 libs
864 1643 1050 1725 quolibet,
1084 1647 1125 1705 ·i·
1150 1643 1188 1704 ab
1220 1640 1319 1722 aliquo
1351 1647 1463 1725 accepi.
1507 1645 1580 1706 Cum

293 1749 480 1822 exercitu,
515 1747 596 1809 uadit
626 1767 688 1817 rex,
734 1749 887 1809 Exercitus
917 1747 1027 1808 dicitur
1059 1747 1096 1808 ab
1125 1747 1280 1807 exercitio:
1319 1753 1476 1807 exercetur
1511 1747 1580 1806 enim

293 1849 393 1910 studio
416 1868 582 1921 armorum,
615 1852 654 1910 ·i·
678 1850 813 1910 docetur.
858 1850 985 1911 Coram
1014 1845 1194 1917 testibus,
1225 1846 1340 1910 locutus
1369 1859 1415 1910 est
1442 1848 1580 1908 dominus.

293 1950 400 2012 Testes
422 1950 564 2013 dicontur
587 1970 602 2011 a
626 1950 771 2013 testiculis
794 1950 841 2012 uel
857 1970 872 2011 a
890 1949 1070 2020 testouibus,
1094 1952 1164 2030 quia
1188 1951 1300 2019 minus,
1323 1968 1410 2030 quam
1435 1950 1505 2020 duo,
1528 1961 1611 2010 oonlt

292 2052 486 2131 recipiuntur.
532 2053 674 2114 'l'esticuli
703 2059 801 2114 autem
831 2061 859 2113 et
887 2059 1019 2113 testones
1052 2049 1131 2112 idem
1160 2059 1237 2112 suot.
1289 2050 1388 2114 Clam
1423 2053 1581 2114 custodi·
1667 2129 1668 2150 p

293 2151 374 2224 bus,
409 2157 540 2216 surrexit
568 2155 721 2224 (lominus,
747 2156 787 2215 ·i·
811 2153 943 2225 occulte,
972 2153 1177 2215 nescientibus
1206 2152 1389 2215 custodibus.
1433 2154 1536 2215 Coram
1558 2164 1583 2215 ει

155 2294 176 2332 μ.
190 2281 241 2329 ses,
255 2254 390 2333 aspolam
414 2254 492 2317 idem
516 2264 600 2326 soot;
629 2257 801 2318 clamucio
825 2257 1006 2318 contrarium
1030 2263 1077 2316 est
1098 2253 1150 2316 illi.
1197 2255 1244 2316 lle
1267 2256 1366 2326 foro,
1390 2257 1477 2316 uenio
1501 2259 1528 2316 ·i·
1550 2256 1582 2316 de

294 2365 435 2418 mercato.
480 2359 589 2420 Forum
619 2361 718 2420 neutri
746 2359 866 2436 generis
895 2366 939 2419 est
962 2366 992 2418 et
1014 2358 1162 2435 significat
1190 2365 1351 2419 mercatum
1380 2360 1411 2417 iu
1433 2358 1582 2436 singulari·

293 2465 364 2527 tate;
400 2459 457 2520 fori
488 2479 561 2521 nero
595 2460 750 2539 pluraliter
780 2459 937 2522 masculini
970 2461 1088 2538 generis
1121 2457 1225 2520 sedilia
1257 2467 1327 2521 suut
1359 2461 1478 2521 nauium
1509 2460 1612 2522 uude⁹³
1668 2471 1669 2486 ³

292 2559 491 2640 Virgilius:
515 2561 690 2643 laxatque
718 2563 820 2623 foros
844 2565 885 2622 ·i·
910 2563 1031 2623 nauium
1048 2558 1059 2644 ΙΙ
1077 2558 1139 2623 135
1154 2558 1165 2642 ΙΙ
1181 2560 1294 2623 sedilia.
1341 2559 1363 2621 ll
1387 2563 1484 2636 iure,
1507 2562 1581 2624 dam·

292 2669 444 2723 natusest
468 2664 497 2723 ·i·
521 2683 557 2726 ox
585 2663 661 2742 lege.
707 2664 754 2726 Ex
777 2667 1035 2744 praefectura,
1065 2663 1198 2724 abiectus
1227 2671 1271 2724 est
1300 2663 1339 2723 ·i·
1370 2681 1406 2724 ex
1438 2663 1583 2743 dignitate.
1665 2691 1669 2702 ·

292 2764 481 2827 Praefectura
498 2769 576 2827 enim
597 2775 644 2828 est
664 2785 772 2828 nomen
788 2766 951 2845 dignitatis,
975 2764 1045 2826 inde
1068 2765 1261 2846 ‘praelectus’
1283 2765 1477 2846 antepositus.
1520 2767 1581 2826 l‘ro

293 2864 516 2938 clientibus,
539 2867 656 2929 laborat
678 2870 829 2948 magister.
875 2865 1004 2930 Clientes
1019 2867 1159 2930 dicuutur
1174 2867 1327 2947 discipuli,
1352 2869 1436 2945 quasi
1458 2866 1581 2929 colentes
1669 2891 1670 2932 t

153 2995 239 3046 pao„
254 2971 483 3048 mmagistrom
513 2969 561 3030 uel
589 2969 680 3049 aliqui
708 2969 833 3031 subiecti
856 2972 905 3050 qui
929 2977 1073 3031 metuunt.
1118 2969 1209 3030 Prae
1235 2971 1387 3040 timore,
1416 2969 1510 3049 angeli
1535 2977 1612 3031 ex·25

265 3105 268 3112 ·
293 3071 390 3132 territi
411 3079 481 3131 suut
503 3071 649 3132 custodes.
694 3070 817 3133 Palam
846 3070 1028 3140 omnibus,
1059 3071 1177 3134 locutus
1205 3079 1251 3133 est
1272 3071 1411 3132 dominus
1434 3074 1474 3131 ·i·
1497 3073 1580 3134 maui-

293 3173 377 3234 ieste.
422 3172 508 3233 Sine
536 3171 679 3242 labore,
703 3172 851 3251 gubernat
873 3173 948 3235 deus
969 3172 1123 3234 muudum.
1168 3172 1314 3250 Absque
1337 3174 1491 3244 iniuria,
1512 3174 1580 3252 regit

293 3276 392 3336 omnia
417 3275 446 3335 ·i·
470 3273 582 3354 absque
605 3275 761 3343 iniustitia;
790 3277 836 3336 ius
859 3274 966 3336 dicitur
989 3274 1050 3344 fex,
1080 3275 1149 3335 inde
1172 3276 1296 3344 iniuria,
1326 3275 1578 3354 quiequidcootra

293 3374 388 3454 legem
404 3377 510 3455 agitur.
547 3376 672 3438 Tenus
696 3377 801 3457 pube.
840 3377 940 3440 Tenus
962 3377 1142 3457 praepositio
1164 3383 1209 3437 est
1231 3384 1261 3437 et
1282 3374 1351 3437 licet
1372 3379 1513 3457 praeponi
1534 3377 1576 3438 de·

293 3475 374 3547 beat,
405 3487 502 3540 tamen
532 3478 699 3558 euplrouiae
728 3498 814 3540 causa
843 3481 1047 3560 postponitur,
1082 3488 1116 3540 ut
1142 3477 1221 3557 pube
1250 3487 1345 3542 tenus.
1392 3478 1489 3541 Pubes
1515 3479 1609 3539 diri-³⁰

292 3589 339 3640 tur
362 3579 453 3642 barba
477 3580 524 3642 uel
547 3581 630 3642 locus
651 3584 788 3660 corporis
810 3581 978 3661 pudendus.
1012 3581 1094 3642 Vnde
1109 3579 1217 3658 legitur
1240 3578 1402 3661 deScplla,
1425 3582 1456 3642 in
1471 3582 1575 3643 diuersa

153 3689 424 3759 „marmoreus
453 3681 534 3762 pube
563 3691 649 3743 tenus
678 3684 772 3745 fuisse
800 3701 986 3745 conuersum.
1032 3681 1070 3745 ln
1099 3681 1168 3744 sub
1203 3699 1315 3763 super
1344 3681 1484 3744 subter.
1525 3681 1576 3743 liae

290 3791 430 3864 quattuor
452 3783 597 3846 ambobus
620 3784 737 3847 casibus
759 3787 910 3854 seruiunt,
934 3786 1097 3864 sicutipse
1120 3786 1149 3845 in
1172 3783 1368 3864 sequentibus
1392 3785 1576 3846 manifestabit

153 3883 445 3965 pwflexemplis.
492 3884 553 3946 Vel
580 3886 786 3967 quoslibet,
812 3889 851 3947 ·i·
876 3903 1088 3965 quoscumque.
1133 3885 1205 3960 ire,
1236 3885 1273 3947 de
1300 3887 1466 3966 praesenti:
1493 3889 1574 3952 isse,

153 3987 328 4066 patendo
350 3990 527 4068 praeterito;
551 3990 675 4050 ituros
698 4007 793 4058 esse,
818 3989 987 4050 defuturo.
1031 3987 1124 4056 ltur.
1160 3989 1296 4067 pergitur
1319 4006 1335 4048 a
1358 3987 1503 4050 Troianis.
1542 3983 1604 4048 tos

292 4090 483 4166 antiquam
500 4090 641 4162 siluam,
659 4111 729 4153 ecce
745 4092 852 4160 motio;
868 4092 918 4171 qui
934 4091 1013 4152 enim
1030 4091 1060 4158 it,
1078 4097 1225 4152 mouetur.
1256 4090 1382 4160 Stans,
1399 4089 1573 4153 stabilitatem

291 4191 446 4269 siguificat.
491 4193 601 4274 Puppis
617 4193 725 4256 dicitur
741 4195 889 4272 posterior
904 4210 974 4273 pars
991 4193 1085 4262 nauis,
1109 4193 1187 4253 sicut
1201 4211 1291 4272 prora
1307 4194 1450 4254 anterior.
1486 4193 1575 4254 Postes

152 4292 432 4373 ¹‚‚³<;5‚32dicuntur
455 4311 505 4364 eo,
536 4294 615 4373 quod
638 4303 704 4374 post
725 4297 806 4357 fores
828 4303 915 4356 stant.
960 4295 1155 4368 Nitamur,
1186 4295 1226 4354 ·i·
1250 4300 1397 4356 conantur
1420 4292 1573 4360 ascendere,

362 4567 451 4616 lcata
469 4565 596 4616 matheum
683 4569 778 4632 ipsos
865 4565 898 4616 ad
916 4567 1008 4618 addidi
1092 4561 1198 4631 3illnd]
1221 4566 1299 4632 Verg.
1320 4565 1385 4617 Aen.
1406 4565 1472 4616 121
1547 4563 1572 4612 ill

292 4630 427 4701 Salomon]
450 4635 526 4686 Pr⁰u.
546 4637 624 4700 21‚o
711 4637 742 4684 11
762 4631 874 4701 litigiosa
942 4637 973 4686 21
994 4631 1132 4702 Virgilius]
1155 4635 1220 4684 Aen.
1242 4633 1282 4684 VI
1302 4637 1352 4684 412
1421 4635 1543 4696 laxantque

292 4752 395 4801 nauium
414 4754 440 4801 ·i·
460 4753 552 4804 sedilia
619 4755 653 4804 27
671 4697 872 4820 siquqpbemat
889 4754 939 4816 diis
1010 4755 1043 4806 29
1060 4754 1146 4804 Tenus
1165 4754 1233 4821 pube
1250 4769 1297 4805 om.
1368 4756 1399 4804 ³1
1418 4751 1485 4803 scilla
1541 4749 1567 4800 ii

291 4833 416 4868 conuersa
485 4823 518 4873 33
536 4821 708 4872 manifestabit
776 4824 810 4873 36
828 4820 915 4872 eotmit
