3400 5450
302 351 345 416 80
817 352 886 404 Ans
903 310 1086 404 nitorem*

301 541 432 621 positiuo
453 558 508 621 per
530 557 563 601 se
585 540 715 619 positus,
740 547 773 600 ut
794 537 980 618 Virgilius
1003 537 1088 600 dicit:
1116 537 1295 600 ‘comites
1322 539 1491 600 senioris
1511 540 1600 599 Aee·

302 644 408 712 stae',
439 660 494 722 pro
522 642 611 702 senis.
655 638 814 701 Sciendum
843 653 964 717 quoque
992 646 1051 708 est,
1084 637 1164 718 quod
1198 638 1424 700 diminutionem
1453 641 1601 720 accipiunt

302 744 444 825 quaedam
467 743 730 822 conparatioorum
752 757 768 800 a
791 741 984 820 conparatiuo
1000 738 1129 800 neunali
1145 742 1295 802 uenientia
1318 738 1485 803 adiectione
1507 740 1598 810 culus,

302 855 335 905 ot
361 843 589 923 grandiusculus
617 840 799 905 maiusculus
827 841 1010 904 minusculus
1038 840 1240 902 meliusculus.
1286 841 1360 902 ltem
1392 842 1599 922 conparatione

301 945 482 1026 superlatino
504 944 663 1026 aliquando
686 942 854 1026 praecellit,
883 951 917 1004 ut
938 943 1029 1003 ditior
1050 944 1209 1013 ditissimo,
1238 942 1356 1004 stultior
1378 941 1552 1004 stultissimo
1573 950 1616 1002 ets

301 1048 396 1108 nraior
423 1048 564 1117 maximo,
595 1046 652 1107 hoc
675 1054 720 1107 est
747 1053 927 1125 conparatus
953 1045 1166 1125 conparatinus
1193 1043 1376 1124 superlatino
1398 1043 1436 1105 de
1459 1061 1496 1104 eo
1519 1061 1597 1123 prae·

301 1148 395 1220 cellit,
420 1157 453 1210 ut
474 1149 563 1210 ditior
579 1193 708 1210 ......
726 1147 853 1218 stultior,
875 1146 953 1208 idest
974 1147 1114 1215 rusticus,
1138 1145 1189 1224 qul
1211 1144 1287 1206 nilril
1311 1144 1469 1223 intellegit,
1493 1142 1597 1206 stultis-

301 1252 391 1322 simo,
421 1251 498 1312 idest
519 1251 557 1312 de
580 1267 630 1319 eo,
661 1251 713 1327 qui
735 1251 890 1310 minimum
913 1247 1060 1327 intellegit
1082 1247 1119 1308 de
1141 1247 1336 1326 sapientibus.
1381 1246 1597 1309 Priscianus

302 1351 445 1423 ostendit,
468 1349 619 1433 quomodo
642 1353 851 1431 conparatiuus
874 1349 1089 1430 superlatinum
1112 1348 1281 1430 praecellit,
1312 1347 1431 1409 dicens:
1471 1347 1595 1408 lortis-

301 1455 384 1515 slmi
411 1453 565 1515 luerunt
593 1453 820 1514 Graecorum
848 1453 938 1514 Aiax
966 1450 1167 1514 Diomedes
1187 1453 1436 1530 Agamemnon
1460 1449 1625 1518 Vlixes,u

302 1555 474 1617 omnibus
497 1564 618 1616 tamen
641 1554 699 1615 his
727 1555 867 1614 tortior
894 1554 967 1616 tuit
988 1552 1170 1616 Achilles.
1215 1552 1304 1614 ltern:
1328 1550 1505 1613 ‘lentissimo
1527 1550 1596 1611 Tro·

301 1659 437 1718 ianoe-um
460 1655 588 1719 llectorc
610 1657 718 1717 fortior
741 1657 797 1717 luit
817 1654 969 1717 Achilles'.
1001 1654 1208 1736 Superlatiuus
1230 1653 1341 1732 gradus
1364 1655 1413 1714 cni
1435 1654 1520 1713 casui
1540 1670 1596 1713 ser-

301 1760 353 1820 uit.
398 1757 543 1819 Genetiuo
565 1764 679 1819 tantum
702 1755 822 1837 plurali,
846 1765 879 1818 ut
902 1757 1025 1818 ‘flector
1046 1757 1156 1820 dicitur
1178 1756 1358 1817 fortissimus
1379 1755 1597 1816 Troianorum'.

301 1846 413 1920 Tamen
437 1859 651 1946 Priscianus
673 1859 760 1919 dixit:
792 1857 1051 1938 superlatiuus
1073 1859 1254 1946 genetiuo
1281 1856 1422 1937 plurali
1444 1855 1504 1917 uel
1526 1858 1596 1916 sin·

301 1960 425 2039 gulari
453 1962 638 2039 iungitur,
672 1960 817 2039 quando
846 1963 965 2041 ipsum
993 1978 1125 2021 nomen
1154 1960 1355 2038 singulare
1385 1957 1626 2018 multitudi·n

279 2051 315 2146 ']]
333 2061 383 2123 lol.
398 2058 455 2124 88·
474 2059 576 2145 ]]nem
605 2061 815 2140 significat,
847 2072 899 2124 ut:
928 2061 1154 2124 ‘fortissime
1184 2063 1339 2139 geutis’,
1368 2060 1596 2139 sapientissimus

300 2163 413 2244 populi.
456 2163 647 2226 Fortissimus
669 2172 768 2224 antem
792 2163 911 2232 dicitur,
933 2163 1010 2225 idest
1031 2163 1119 2226 ualde
1143 2163 1239 2233 lortis,
1263 2171 1296 2225 ut
1318 2163 1397 2243 apud
1413 2163 1594 2224 Ciceronem:

302 2264 533 2328 simillimum
553 2265 637 2336 deo,
660 2283 716 2344 pro
738 2263 825 2326 ualde
847 2265 963 2326 similis.
1008 2265 1082 2326 ltern
1105 2265 1196 2336 scies,
1220 2264 1300 2345 quod
1323 2263 1525 2344 supet-latinus
1545 2280 1594 2323 suo

302 2369 406 2445 generi
420 2375 610 2448 conparatur,
626 2385 687 2429 non
703 2366 810 2440 alieno,
827 2375 861 2428 ut
875 2367 997 2428 ‘Hector
1013 2367 1111 2431 dietus
1126 2376 1173 2429 est
1186 2368 1365 2440 fortissimus
1380 2365 1593 2426 Troianorum’.

302 2469 377 2530 ltem
398 2469 597 2548 superlatiuus
619 2487 675 2551 pro
696 2471 828 2550 positiuo
849 2472 965 2550 positus
988 2487 1043 2530 nee
1066 2478 1255 2548 conparatur,
1280 2476 1312 2530 ut
1330 2469 1443 2550 lopiter
1459 2469 1624 2529 maximuse

301 2569 398 2632 dictus
426 2578 485 2642 cst,
518 2573 603 2652 quasi
634 2589 767 2652 maguus.
811 2571 884 2634 ltem
914 2570 1095 2654 Virgilius
1127 2573 1287 2633 Asianus
1319 2571 1356 2632 de
1389 2571 1592 2651 conparatione

302 2673 387 2735 dicit:
425 2674 702 2754 Conpacatiuus
737 2674 904 2752 gradus
939 2672 1181 2753 superlatiuo
1213 2674 1592 2752 incongruentissime

301 2778 565 2855 praeponitur,
595 2784 635 2837 ut
664 2777 780 2837 maior
807 2779 990 2844 maximos
1008 2775 1272 2855 superlatiuus
1298 2776 1437 2856 quippe
1465 2773 1592 2854 gradus

301 2877 472 2938 omnibus
494 2875 698 2956 praecellit
720 2884 755 2937 et
776 2875 1013 2957 supersedet,
1035 2879 1136 2938 sicut
1159 2885 1193 2938 et
1214 2879 1407 2958 positiuos
1430 2873 1591 2938 omnibus

301 2977 494 3047 subsedet;
524 2980 798 3058 conparatiuus
821 2986 940 3040 autern
969 2979 1107 3058 gradus
1130 2979 1235 3040 uelut
1262 2980 1439 3060 quaedam
1462 2977 1621 3038 medie-es

303 3088 357 3141 tas
389 3078 551 3140 scalaris
582 3087 618 3141 et
644 3082 814 3159 positiuo
844 3080 956 3142 altior
984 3088 1019 3142 et
1046 3080 1285 3161 superlatino
1322 3078 1506 3143 humilior
1532 3087 1589 3140 est.

302 3181 382 3254 Quot
402 3189 473 3244 sunt
487 3182 600 3242 lormae
615 3181 885 3261 superlatiuoruml
908 3183 991 3243 Octo.
1025 3183 1097 3244 lude
1113 3182 1336 3245 Priscianus
1356 3183 1444 3246 dicit:
1468 3183 1588 3262 Super-

302 3281 505 3346 latluorum
537 3283 679 3344 iormae
710 3294 797 3345 suut
828 3292 927 3354 octo,
962 3284 1056 3346 duae
1086 3285 1248 3363 quidem,
1284 3289 1321 3346 in
1358 3303 1449 3365 quas
1478 3282 1589 3364 plera·

301 3400 370 3462 que
400 3385 578 3446 desinunt
606 3385 856 3466 superlatiua,
894 3383 996 3446 idest
1030 3389 1068 3448 in
1105 3389 1220 3448 rimus
1257 3395 1291 3448 el
1327 3389 1364 3448 io
1396 3388 1522 3458 simus,
1555 3387 1587 3444 in

301 3484 425 3558 limos,
463 3489 504 3548 in
541 3487 678 3556 ximus,
715 3489 757 3547 ln
793 3490 920 3558 timus,
957 3490 998 3549 in
1034 3505 1172 3559 remus,
1210 3488 1247 3549 in
1284 3487 1432 3561 limus,
1469 3491 1504 3549 lu
1540 3488 1618 3547 uin

300 3605 387 3650 mus.
432 3588 466 3650 lu
488 3605 521 3649 er
543 3590 634 3668 igitur
656 3588 822 3650 desinentia
848 3592 978 3670 positiua
1005 3609 1074 3652 cum
1100 3593 1160 3652 sint
1189 3589 1337 3652 adiectiua
1365 3593 1431 3652 siue
1452 3587 1585 3651 secundae

300 3705 354 3752 seu
375 3693 482 3752 tertiae
504 3690 726 3763 declinationis,
749 3701 870 3772 accepta
893 3693 1012 3754 ‘durus’
1034 3693 1148 3754 iaciunt
1169 3691 1404 3774 superlatiuum,
1428 3699 1460 3752 ut
1473 3688 1586 3771 pulcher

300 3789 533 3870 pulcherrimus,
566 3793 657 3856 miser
687 3795 887 3864 miserrimus,
919 3811 1035 3874 pauper
1064 3797 1288 3876 puuperrimos,
1322 3812 1393 3858 acer
1423 3795 1583 3857 acerrimis.

367 4087 381 4133 1
400 4079 538 4150 Virgilius]
559 4084 625 4134 Aen.
647 4083 674 4134 V
691 4085 741 4133 301
793 4093 893 4134 soceste
960 4085 976 4134 2
995 4081 1132 4134 Sciendum
1150 4083 1265 4152 quoque]
1283 4086 1319 4150 cs.
1331 4085 1416 4136 Prisc.
1435 4085 1452 4134 1
1465 4101 1495 4150 p.
1507 4086 1547 4144 13,
1559 4081 1583 4130 tt

298 4147 504 4218 4msiusculus]
523 4153 606 4201 malus
675 4151 797 4214 odieior‚
816 4168 863 4203 ont.
881 4151 1009 4203 ditissimo
1062 4153 1166 4202 stulcior
1235 4153 1360 4204 idiotior
1411 4149 1520 4215 stultior]
1536 4151 1582 4200 tte·

298 4221 417 4271 ciderunt
433 4226 493 4270 ante
510 4221 558 4271 doc
575 4219 699 4286 qamedam
716 4221 752 4270 ad
766 4220 841 4285 prius
858 4223 1000 4286 exemptum
1017 4222 1192 4274 illustrandum
1205 4223 1374 4286 pertinentia.
1455 4221 1471 4270 8
1488 4219 1583 4270 Priscia-

299 4286 359 4352 nus]
378 4287 395 4337 1
409 4304 439 4353 p.
458 4289 536 4353 86st
622 4289 654 4338 10
672 4286 806 4338 Diomides
910 4291 941 4339 11
959 4287 1064 4354 eohllcs,
1081 4289 1120 4340 bis
1188 4287 1341 4356 lortisslmo]
1360 4290 1446 4340 Prisc.
1464 4289 1481 4337 1
1498 4287 1582 4352 enti

299 4357 332 4406 1³
350 4358 429 4405 ieetor
445 4356 538 4406 dieitor
607 4357 639 4405 14
656 4353 815 4422 Priscianus]
836 4356 853 4406 I
871 4359 968 4423 94,12.
1021 4360 1052 4409 to
1070 4371 1147 4420 quarn
1183 4358 1340 4422 singularem
1411 4358 1443 4408 16
1459 4355 1582 4407 lornssiro

297 4435 389 4490 gentes
457 4424 648 4490 sapientissime
733 4427 764 4476 l't
784 4422 944 4491 Ciceronem]
961 4427 997 4488 os.
1015 4427 1099 4477 Prisc.
1118 4427 1177 4491 lp.
1195 4430 1237 4490 94,
1256 4430 1290 4477 20
1341 4426 1498 4476 simillimum
1514 4424 1543 4473 de
1557 4433 1580 4470 eo

299 4494 330 4542 19
349 4493 427 4543 lector
494 4493 639 4558 wiopitet·
714 4494 746 4542 21
765 4492 890 4559 Virgilius
908 4490 1042 4560 assianus]
1062 4495 1097 4558 cf.
1115 4496 1150 4548 A.
1169 4495 1227 4544 Mai
1248 4495 1273 4544 V
1288 4511 1316 4560 p.
1334 4495 1388 4546 ist
1457 4495 1582 4556 meopar-

298 4561 391 4612 latium
419 4561 538 4612 omnibus
566 4559 741 4627 superequitat
767 4561 833 4611 sieut
858 4561 985 4628 positiuus
1013 4565 1132 4612 omnibus
1154 4562 1278 4614 subsidet.
1314 4561 1508 4628 Gompnmtiuus
1525 4557 1582 4608 uelut

298 4630 425 4690 quaedam
442 4629 512 4680 scala
530 4639 568 4679 est
585 4629 699 4696 positino
718 4629 793 4678 altior
810 4637 836 4679 et
851 4629 1008 4696 superlatiuo
1025 4629 1146 4680 humilior
1161 4631 1285 4696 Vergitim
1300 4631 1375 4681 Maii.
1427 4626 1580 4681 2611υωίΙί0-

299 4709 352 4746 rem
369 4698 439 4760 quod
508 4699 540 4748 tt
559 4697 649 4762 iorme,
668 4697 707 4747 bis
774 4695 933 4764 Priscianus]
954 4699 1014 4764 lp.
1033 4701 1077 4762 st,
1095 4699 1132 4748 23
1201 4700 1235 4750 118
1251 4699 1303 4748 dno
1383 4700 1418 4750 29
1434 4707 1460 4748 et
1475 4699 1500 4746 iu
1515 4695 1579 4744 fimus

299 4766 375 4814 ili-ln
393 4766 566 4830 erigitur-
583 4761 732 4829 acerrimus]
751 4765 878 4820 Priscian.
896 4768 913 4816 1
929 4783 957 4832 p.
975 4769 1016 4826 95,
1036 4769 1050 4816 1
1102 4769 1134 4818 31
1153 4767 1193 4818 sin
1212 4767 1310 4817 coiecta
1379 4769 1411 4818 32
1429 4763 1579 4832 supedstiom

198 4889 203 4894 ,
299 4835 332 4884 33
350 4832 494 4883 miserimus
545 4834 712 4900 pauperimns
763 4835 887 4884 acerimus
