<?xml version="1.0" encoding="UTF-8"?>
<!DOCTYPE html PUBLIC "-//W3C//DTD XHTML 1.0 Transitional//EN"
    "http://www.w3.org/TR/xhtml1/DTD/xhtml1-transitional.dtd">
<html xmlns="http://www.w3.org/1999/xhtml" xml:lang="en" lang="en">
 <head>
  <title>
</title>
<meta http-equiv="Content-Type" content="text/html;charset=utf-8" />
  <meta name='ocr-system' content='tesseract 3.04.00' />
  <meta name='ocr-capabilities' content='ocr_page ocr_carea ocr_par ocr_line ocrx_word'/>
</head>
<body>
  <div class='ocr_page' id='page_1' title='image "./grammaticilatin00hagagoog_0117.png"; bbox 0 0 3412 5452; ppageno 0'>
   <div class='ocr_carea' id='block_1_1' title="bbox 353 1037 1151 1319">
    <p class='ocr_par' dir='ltr' id='par_1_1' title="bbox 353 1037 1151 1319">
     <span class='ocr_line' id='line_1_1' title="bbox 699 1037 811 1117; baseline 0.018 -2"><span class='ocrx_word' id='word_1_1' title='bbox 699 1037 811 1117; x_wconf 90' lang='lat' dir='ltr'><em>XI.</em></span> 
     </span>
     <span class='ocr_line' id='line_1_2' title="bbox 353 1232 1151 1319; baseline 0.003 -5"><span class='ocrx_word' id='word_1_2' title='bbox 353 1233 430 1314; x_wconf 84' lang='lat' dir='ltr'><em>DE</em></span> <span class='ocrx_word' id='word_1_3' title='bbox 451 1232 836 1318; x_wconf 82' lang='lat' dir='ltr'>DISSONANTIA</span> <span class='ocrx_word' id='word_1_4' title='bbox 859 1233 1151 1319; x_wconf 82' lang='lat' dir='ltr'><strong>SERMONIS.</strong></span> 
     </span>
    </p>
   </div>
   <div class='ocr_carea' id='block_1_2' title="bbox 685 1522 819 1587">
    <p class='ocr_par' dir='ltr' id='par_1_2' title="bbox 685 1522 819 1587">
     <span class='ocr_line' id='line_1_3' title="bbox 685 1522 819 1587; baseline -0.007 0"><span class='ocrx_word' id='word_1_5' title='bbox 685 1522 768 1587; x_wconf 78' lang='lat' dir='ltr'><em>Car.</em></span> <span class='ocrx_word' id='word_1_6' title='bbox 793 1523 819 1586; x_wconf 95' lang='grc' dir='ltr'><em>Ι.</em></span> 
     </span>
    </p>
   </div>
   <div class='ocr_carea' id='block_1_3' title="bbox 155 1637 1353 1808">
    <p class='ocr_par' dir='ltr' id='par_1_3' title="bbox 155 1637 1353 1808">
     <span class='ocr_line' id='line_1_4' title="bbox 155 1637 1353 1722; baseline 0.002 -20"><span class='ocrx_word' id='word_1_7' title='bbox 155 1637 209 1702; x_wconf 80' lang='grc' dir='ltr'><em>ΒΕ</em></span> <span class='ocrx_word' id='word_1_8' title='bbox 236 1637 403 1706; x_wconf 75' lang='lat' dir='ltr'><em>conteis</em></span> <span class='ocrx_word' id='word_1_9' title='bbox 430 1639 676 1706; x_wconf 78' lang='lat' dir='ltr'><strong>BERNENSIS</strong></span> <span class='ocrx_word' id='word_1_10' title='bbox 705 1641 780 1722; x_wconf 76' lang='lat'><em>178,</em></span> <span class='ocrx_word' id='word_1_11' title='bbox 809 1639 1027 1720; x_wconf 81' lang='lat' dir='ltr'>PVTSCHII,</span> <span class='ocrx_word' id='word_1_12' title='bbox 1058 1639 1353 1722; x_wconf 80' lang='lat' dir='ltr'><em>GOTfluunnut,</em></span> 
     </span>
     <span class='ocr_line' id='line_1_5' title="bbox 498 1741 1004 1808; baseline 0.002 -1"><span class='ocrx_word' id='word_1_13' title='bbox 498 1741 659 1807; x_wconf 89' lang='lat' dir='ltr'><strong>HANDII</strong></span> <span class='ocrx_word' id='word_1_14' title='bbox 688 1741 1004 1808; x_wconf 73' lang='lat' dir='ltr'><em>nlnnunuutnsss.</em></span> 
     </span>
    </p>
   </div>
   <div class='ocr_carea' id='block_1_4' title="bbox 108 1881 1420 4531">
    <p class='ocr_par' dir='ltr' id='par_1_4' title="bbox 116 1881 1396 2165">
     <span class='ocr_line' id='line_1_6' title="bbox 194 1881 1395 1960; baseline 0.002 -19"><span class='ocrx_word' id='word_1_15' title='bbox 194 1881 271 1952; x_wconf 76' lang='lat' dir='ltr'><em>Quae</em></span> <span class='ocrx_word' id='word_1_16' title='bbox 301 1882 358 1942; x_wconf 82' lang='lat' dir='ltr'><em>iioc</em></span> <span class='ocrx_word' id='word_1_17' title='bbox 389 1884 457 1943; x_wconf 88' lang='lat' dir='ltr'><em>loco</em></span> <span class='ocrx_word' id='word_1_18' title='bbox 486 1887 619 1959; x_wconf 80' lang='lat' dir='ltr'><em>primian</em></span> <span class='ocrx_word' id='word_1_19' title='bbox 652 1887 817 1960; x_wconf 74' lang='lat' dir='ltr'><em>euutaatur</em></span> <span class='ocrx_word' id='word_1_20' title='bbox 844 1881 1092 1960; x_wconf 76' lang='lat' dir='ltr'><em>differentiarum</em></span> <span class='ocrx_word' id='word_1_21' title='bbox 1119 1887 1271 1958; x_wconf 86' lang='lat' dir='ltr'><em>collectio,</em></span> <span class='ocrx_word' id='word_1_22' title='bbox 1304 1902 1395 1960; x_wconf 87' lang='lat' dir='ltr'><em>prae-</em></span> 
     </span>
     <span class='ocr_line' id='line_1_7' title="bbox 116 1968 1396 2060; baseline 0.003 -19"><span class='ocrx_word' id='word_1_23' title='bbox 116 1981 219 2060; x_wconf 77' lang='lat' dir='ltr'><em>scripto</em></span> <span class='ocrx_word' id='word_1_24' title='bbox 239 1984 551 2044; x_wconf 79' lang='lat' dir='ltr'><em>urrunnunurus</em></span> <span class='ocrx_word' id='word_1_25' title='bbox 578 1968 813 2046; x_wconf 81' lang='lat' dir='ltr'><em>cicunonrs</em></span> <span class='ocrx_word' id='word_1_26' title='bbox 837 1988 923 2046; x_wconf 75' lang='lat' dir='ltr'><em>irruo</em></span> <span class='ocrx_word' id='word_1_27' title='bbox 951 1989 982 2046; x_wconf 79' lang='lat' dir='ltr'><em>u</em></span> <span class='ocrx_word' id='word_1_28' title='bbox 1010 1987 1125 2046; x_wconf 75' lang='lat' dir='ltr'><em>coatus</em></span> <span class='ocrx_word' id='word_1_29' title='bbox 1151 1986 1316 2046; x_wconf 71' lang='lat' dir='ltr'><em>oenones</em></span> <span class='ocrx_word' id='word_1_30' title='bbox 1340 1993 1396 2045; x_wconf 77' lang='lat' dir='ltr'><em>ne</em></span> 
     </span>
     <span class='ocr_line' id='line_1_8' title="bbox 117 2085 1395 2165; baseline 0.004 -22"><span class='ocrx_word' id='word_1_31' title='bbox 117 2103 185 2146; x_wconf 81' lang='lat' dir='ltr'><em>soce.</em></span> <span class='ocrx_word' id='word_1_32' title='bbox 200 2085 251 2146; x_wconf 89' lang='lat' dir='ltr'><em>IX</em></span> <span class='ocrx_word' id='word_1_33' title='bbox 266 2090 377 2163; x_wconf 88' lang='lat' dir='ltr'><em>scripti</em></span> <span class='ocrx_word' id='word_1_34' title='bbox 390 2095 486 2164; x_wconf 86' lang='lat' dir='ltr'><em>parte</em></span> <span class='ocrx_word' id='word_1_35' title='bbox 502 2091 665 2149; x_wconf 69' lang='lat' dir='ltr'><em>nouissima</em></span> <span class='ocrx_word' id='word_1_36' title='bbox 678 2091 799 2164; x_wconf 69' lang='lat' dir='ltr'><em>lenitur.</em></span> <span class='ocrx_word' id='word_1_37' title='bbox 837 2085 974 2148; x_wconf 74' lang='lat' dir='ltr'><em>Continet</em></span> <span class='ocrx_word' id='word_1_38' title='bbox 988 2091 1014 2148; x_wconf 81' lang='lat' dir='ltr'><em>is</em></span> <span class='ocrx_word' id='word_1_39' title='bbox 1028 2087 1105 2148; x_wconf 81' lang='lat' dir='ltr'><em>tiber</em></span> <span class='ocrx_word' id='word_1_40' title='bbox 1113 2095 1282 2165; x_wconf 89' lang='lat' dir='ltr'><em>praeterea</em></span> <span class='ocrx_word' id='word_1_41' title='bbox 1303 2090 1395 2149; x_wconf 79' lang='lat' dir='ltr'><em>haec:</em></span> 
     </span>
    </p>

    <p class='ocr_par' dir='ltr' id='par_1_5' title="bbox 111 2186 1420 2980">
     <span class='ocr_line' id='line_1_9' title="bbox 185 2186 1394 2267; baseline 0.004 -21"><span class='ocrx_word' id='word_1_42' title='bbox 185 2186 212 2260; x_wconf 88' lang='lat' dir='ltr'><em>s.</em></span> <span class='ocrx_word' id='word_1_43' title='bbox 237 2193 269 2246; x_wconf 84' lang='lat' dir='ltr'><em>t‘</em></span> <span class='ocrx_word' id='word_1_44' title='bbox 289 2190 371 2249; x_wconf 84' lang='lat' dir='ltr'><em>duae</em></span> <span class='ocrx_word' id='word_1_45' title='bbox 389 2192 512 2265; x_wconf 74' lang='lat' dir='ltr'><em>fipurae</em></span> <span class='ocrx_word' id='word_1_46' title='bbox 533 2191 764 2250; x_wconf 74' lang='lat' dir='ltr'><em>mathematicae</em></span> <span class='ocrx_word' id='word_1_47' title='bbox 785 2193 957 2266; x_wconf 76' lang='lat' dir='ltr'><em>descriptae</em></span> <span class='ocrx_word' id='word_1_48' title='bbox 978 2198 1064 2259; x_wconf 82' lang='lat' dir='ltr'><em>sunt;</em></span> <span class='ocrx_word' id='word_1_49' title='bbox 1089 2189 1119 2264; x_wconf 83' lang='lat' dir='ltr'><em>f.</em></span> <span class='ocrx_word' id='word_1_50' title='bbox 1146 2187 1176 2248; x_wconf 75' lang='lat'><em>1⁶</em></span> <span class='ocrx_word' id='word_1_51' title='bbox 1198 2198 1226 2250; x_wconf 92' lang='lat' dir='ltr'><em>et</em></span> <span class='ocrx_word' id='word_1_52' title='bbox 1250 2195 1285 2250; x_wconf 77' lang='lat'><em>2⁰</em></span> <span class='ocrx_word' id='word_1_53' title='bbox 1301 2209 1394 2267; x_wconf 86' lang='lat' dir='ltr'><em>prue-</em></span> 
     </span>
     <span class='ocr_line' id='line_1_10' title="bbox 116 2285 1395 2369; baseline 0.002 -19"><span class='ocrx_word' id='word_1_54' title='bbox 116 2299 191 2366; x_wconf 88' lang='lat' dir='ltr'><em>ccpto</em></span> <span class='ocrx_word' id='word_1_55' title='bbox 212 2285 326 2366; x_wconf 84' lang='lat' dir='ltr'><em>atiq&#39;uot</em></span> <span class='ocrx_word' id='word_1_56' title='bbox 347 2293 492 2366; x_wconf 73' lang='lat' dir='ltr'><em>tenuntur</em></span> <span class='ocrx_word' id='word_1_57' title='bbox 513 2291 623 2351; x_wconf 87' lang='lat' dir='ltr'><em>medici</em></span> <span class='ocrx_word' id='word_1_58' title='bbox 643 2295 817 2366; x_wconf 70' lang='lat' dir='ltr'><em>ornamenti</em></span> <span class='ocrx_word' id='word_1_59' title='bbox 833 2292 862 2366; x_wconf 83' lang='lat' dir='ltr'><em>f.</em></span> <span class='ocrx_word' id='word_1_60' title='bbox 882 2289 914 2350; x_wconf 69' lang='lat'><em>2⁵</em></span> <span class='ocrx_word' id='word_1_61' title='bbox 935 2296 1090 2369; x_wconf 71' lang='lat' dir='ltr'><em>scriptura</em></span> <span class='ocrx_word' id='word_1_62' title='bbox 1113 2301 1261 2364; x_wconf 88' lang='lat' dir='ltr'><em>uacaute,·</em></span> <span class='ocrx_word' id='word_1_63' title='bbox 1283 2296 1354 2354; x_wconf 82' lang='lat' dir='ltr'><em>inde</em></span> <span class='ocrx_word' id='word_1_64' title='bbox 1375 2311 1395 2352; x_wconf 92' lang='lat' dir='ltr'><em>a</em></span> 
     </span>
     <span class='ocr_line' id='line_1_11' title="bbox 113 2389 1397 2470; baseline 0.004 -19"><span class='ocrx_word' id='word_1_65' title='bbox 113 2392 189 2464; x_wconf 70' lang='lat' dir='ltr'><em>tt*</em></span> <span class='ocrx_word' id='word_1_66' title='bbox 210 2409 298 2468; x_wconf 78' lang='lat' dir='ltr'><em>tuque</em></span> <span class='ocrx_word' id='word_1_67' title='bbox 320 2393 364 2452; x_wconf 84' lang='lat' dir='ltr'><em>ad</em></span> <span class='ocrx_word' id='word_1_68' title='bbox 382 2389 411 2464; x_wconf 84' lang='lat' dir='ltr'><em>s.</em></span> <span class='ocrx_word' id='word_1_69' title='bbox 437 2390 470 2450; x_wconf 78' lang='lat'><em>7⁶</em></span> <span class='ocrx_word' id='word_1_70' title='bbox 497 2395 553 2454; x_wconf 92' lang='lat' dir='ltr'><em>cot.</em></span> <span class='ocrx_word' id='word_1_71' title='bbox 577 2392 616 2451; x_wconf 94' lang='grc' dir='ltr'><em>ΙΙ</em></span> <span class='ocrx_word' id='word_1_72' title='bbox 639 2395 820 2469; x_wconf 76' lang='lat' dir='ltr'><em>ptosenrium</em></span> <span class='ocrx_word' id='word_1_73' title='bbox 846 2397 1038 2468; x_wconf 76' lang='lat' dir='ltr'><em>extenditur,</em></span> <span class='ocrx_word' id='word_1_74' title='bbox 1067 2411 1127 2470; x_wconf 83' lang='lat' dir='ltr'><em>quo</em></span> <span class='ocrx_word' id='word_1_75' title='bbox 1152 2395 1223 2468; x_wconf 82' lang='lat' dir='ltr'><em>sere</em></span> <span class='ocrx_word' id='word_1_76' title='bbox 1251 2413 1311 2456; x_wconf 89' lang='lat' dir='ltr'><em>non</em></span> <span class='ocrx_word' id='word_1_77' title='bbox 1338 2398 1397 2456; x_wconf 83' lang='lat' dir='ltr'><em>ruisi</em></span> 
     </span>
     <span class='ocr_line' id='line_1_12' title="bbox 115 2495 1420 2572; baseline -0.002 -18"><span class='ocrx_word' id='word_1_78' title='bbox 115 2496 222 2556; x_wconf 83' lang='lat' dir='ltr'><em>Graeca</em></span> <span class='ocrx_word' id='word_1_79' title='bbox 243 2495 394 2555; x_wconf 82' lang='lat' dir='ltr'><em>uocaiuta</em></span> <span class='ocrx_word' id='word_1_80' title='bbox 419 2497 632 2571; x_wconf 70' lang='lat' dir='ltr'><em>explicantur:</em></span> <span class='ocrx_word' id='word_1_81' title='bbox 661 2497 795 2557; x_wconf 76' lang='lat' dir='ltr'><em>‘Adonai</em></span> <span class='ocrx_word' id='word_1_82' title='bbox 815 2498 943 2557; x_wconf 84' lang='lat' dir='ltr'><em>domiue.</em></span> <span class='ocrx_word' id='word_1_83' title='bbox 979 2495 1075 2572; x_wconf 72' lang='lat' dir='ltr'><em>Anius</em></span> <span class='ocrx_word' id='word_1_84' title='bbox 1096 2507 1228 2557; x_wconf 79' lang='lat' dir='ltr'><em>soricius.</em></span> <span class='ocrx_word' id='word_1_85' title='bbox 1263 2501 1420 2572; x_wconf 72' lang='lat' dir='ltr'><em>Anpetus.</em></span> 
     </span>
     <span class='ocr_line' id='line_1_13' title="bbox 114 2597 1394 2677; baseline 0.004 -23"><span class='ocrx_word' id='word_1_86' title='bbox 114 2599 227 2656; x_wconf 71' lang='lat' dir='ltr'><em>nunnus</em></span> <span class='ocrx_word' id='word_1_87' title='bbox 245 2630 287 2641; x_wconf 90' lang='lat'>-</span> <span class='ocrx_word' id='word_1_88' title='bbox 307 2598 476 2675; x_wconf 75' lang='lat' dir='ltr'><em>ypodeeion</em></span> <span class='ocrx_word' id='word_1_89' title='bbox 504 2598 742 2673; x_wconf 70' lang='lat' dir='ltr'><em>dispositionum</em></span> <span class='ocrx_word' id='word_1_90' title='bbox 771 2600 911 2676; x_wconf 72' lang='lat' dir='ltr'><em>ypodesis</em></span> <span class='ocrx_word' id='word_1_91' title='bbox 936 2597 1169 2674; x_wconf 72' lang='lat' dir='ltr'><em>ornamentntio.</em></span> <span class='ocrx_word' id='word_1_92' title='bbox 1198 2597 1264 2677; x_wconf 80' lang='lat' dir='ltr'><em>ytin</em></span> <span class='ocrx_word' id='word_1_93' title='bbox 1286 2597 1394 2675; x_wconf 83' lang='lat' dir='ltr'><em>primu</em></span> 
     </span>
     <span class='ocr_line' id='line_1_14' title="bbox 113 2694 1394 2778; baseline 0.002 -21"><span class='ocrx_word' id='word_1_94' title='bbox 113 2695 270 2759; x_wconf 77' lang='lat' dir='ltr'><em>natuerio&#39;.</em></span> <span class='ocrx_word' id='word_1_95' title='bbox 314 2697 467 2760; x_wconf 87' lang='lat' dir='ltr'><em>Secuntur</em></span> <span class='ocrx_word' id='word_1_96' title='bbox 490 2697 519 2771; x_wconf 86' lang='lat' dir='ltr'><em>f.</em></span> <span class='ocrx_word' id='word_1_97' title='bbox 547 2694 579 2756; x_wconf 70' lang='lat'><em>7⁵</em></span> <span class='ocrx_word' id='word_1_98' title='bbox 600 2700 658 2758; x_wconf 86' lang='lat' dir='ltr'><em>col.</em></span> <span class='ocrx_word' id='word_1_99' title='bbox 683 2699 721 2760; x_wconf 91' lang='lat' dir='ltr'><em>II</em></span> <span class='ocrx_word' id='word_1_100' title='bbox 738 2699 828 2773; x_wconf 85' lang='lat' dir='ltr'><em>——f.</em></span> <span class='ocrx_word' id='word_1_101' title='bbox 856 2697 906 2758; x_wconf 67' lang='lat' dir='ltr'><em>w</em></span> <span class='ocrx_word' id='word_1_102' title='bbox 933 2703 991 2761; x_wconf 90' lang='lat' dir='ltr'><em>cut.</em></span> <span class='ocrx_word' id='word_1_103' title='bbox 1021 2701 1057 2761; x_wconf 91' lang='lat' dir='ltr'><em>II</em></span> <span class='ocrx_word' id='word_1_104' title='bbox 1081 2719 1287 2778; x_wconf 78' lang='lat' dir='ltr'><em>synonyma</em></span> <span class='ocrx_word' id='word_1_105' title='bbox 1315 2719 1394 2777; x_wconf 83' lang='lat' dir='ltr'><em>quae</em></span> 
     </span>
     <span class='ocr_line' id='line_1_15' title="bbox 113 2799 1393 2878; baseline 0.004 -19"><span class='ocrx_word' id='word_1_106' title='bbox 113 2799 244 2861; x_wconf 88' lang='lat' dir='ltr'><em>dicuutur</em></span> <span class='ocrx_word' id='word_1_107' title='bbox 264 2799 467 2862; x_wconf 85' lang='lat' dir='ltr'><em>Ciceronis</em></span> <span class='ocrx_word' id='word_1_108' title='bbox 490 2803 574 2862; x_wconf 86' lang='lat' dir='ltr'><em>nulio</em></span> <span class='ocrx_word' id='word_1_109' title='bbox 596 2799 719 2862; x_wconf 84' lang='lat' dir='ltr'><em>adiecto</em></span> <span class='ocrx_word' id='word_1_110' title='bbox 741 2801 840 2876; x_wconf 88' lang='lat' dir='ltr'><em>tituto,</em></span> <span class='ocrx_word' id='word_1_111' title='bbox 864 2805 919 2863; x_wconf 87' lang='lat' dir='ltr'><em>sed</em></span> <span class='ocrx_word' id='word_1_112' title='bbox 933 2799 1092 2878; x_wconf 84' lang='lat' dir='ltr'><em>prooemio</em></span> <span class='ocrx_word' id='word_1_113' title='bbox 1114 2803 1197 2862; x_wconf 76' lang='lat' dir='ltr'><em>inune</em></span> <span class='ocrx_word' id='word_1_114' title='bbox 1218 2801 1251 2862; x_wconf 85' lang='lat' dir='ltr'><em>in</em></span> <span class='ocrx_word' id='word_1_115' title='bbox 1273 2806 1393 2864; x_wconf 85' lang='lat' dir='ltr'><em>modurn</em></span> 
     </span>
     <span class='ocr_line' id='line_1_16' title="bbox 111 2900 1317 2980; baseline 0.002 -18"><span class='ocrx_word' id='word_1_116' title='bbox 111 2901 262 2980; x_wconf 76' lang='lat' dir='ltr'><em>conposito,</em></span> <span class='ocrx_word' id='word_1_117' title='bbox 286 2905 370 2978; x_wconf 81' lang='lat' dir='ltr'><em>quod</em></span> <span class='ocrx_word' id='word_1_118' title='bbox 390 2900 480 2962; x_wconf 79' lang='lat' dir='ltr'><em>etienn</em></span> <span class='ocrx_word' id='word_1_119' title='bbox 504 2900 535 2962; x_wconf 88' lang='lat' dir='ltr'><em>in</em></span> <span class='ocrx_word' id='word_1_120' title='bbox 558 2900 664 2963; x_wconf 77' lang='lat' dir='ltr'><em>eodue</em></span> <span class='ocrx_word' id='word_1_121' title='bbox 686 2902 836 2964; x_wconf 86' lang='lat' dir='ltr'><em>Beruensi</em></span> <span class='ocrx_word' id='word_1_122' title='bbox 860 2911 917 2962; x_wconf 92' lang='grc' dir='ltr'><em>258Ι</em></span> <span class='ocrx_word' id='word_1_123' title='bbox 938 2921 1018 2966; x_wconf 83' lang='lat' dir='ltr'><em>saec.</em></span> <span class='ocrx_word' id='word_1_124' title='bbox 1043 2904 1171 2964; x_wconf 81' lang='lat' dir='ltr'><em>lX-X</em></span> <span class='ocrx_word' id='word_1_125' title='bbox 1189 2903 1317 2980; x_wconf 68' lang='lat' dir='ltr'><em>lenitur:</em></span> 
     </span>
    </p>

    <p class='ocr_par' dir='ltr' id='par_1_6' title="bbox 108 3003 1391 4531">
     <span class='ocr_line' id='line_1_17' title="bbox 183 3003 1390 3083; baseline 0.002 -18"><span class='ocrx_word' id='word_1_126' title='bbox 183 3004 284 3066; x_wconf 84' lang='lat' dir='ltr'><em>Cicero</em></span> <span class='ocrx_word' id='word_1_127' title='bbox 307 3005 423 3065; x_wconf 89' lang='lat' dir='ltr'><em>ueterio</em></span> <span class='ocrx_word' id='word_1_128' title='bbox 445 3003 582 3068; x_wconf 80' lang='lat' dir='ltr'><em>salutem.</em></span> <span class='ocrx_word' id='word_1_129' title='bbox 619 3004 729 3081; x_wconf 81' lang='lat' dir='ltr'><em>Collegi</em></span> <span class='ocrx_word' id='word_1_130' title='bbox 759 3003 831 3064; x_wconf 80' lang='lat' dir='ltr'><em>innuo</em></span> <span class='ocrx_word' id='word_1_131' title='bbox 861 3004 952 3065; x_wconf 84' lang='lat' dir='ltr'><em>uerba</em></span> <span class='ocrx_word' id='word_1_132' title='bbox 982 3003 1098 3083; x_wconf 82' lang='lat' dir='ltr'><em>(collegi</em></span> <span class='ocrx_word' id='word_1_133' title='bbox 1123 3023 1179 3066; x_wconf 84' lang='lat' dir='ltr'><em>oue.</em></span> <span class='ocrx_word' id='word_1_134' title='bbox 1203 3007 1271 3066; x_wconf 84' lang='lat' dir='ltr'><em>cod.</em></span> <span class='ocrx_word' id='word_1_135' title='bbox 1295 3008 1390 3068; x_wconf 88' lang='lat' dir='ltr'><em>Bern.</em></span> 
     </span>
     <span class='ocr_line' id='line_1_18' title="bbox 113 3104 1391 3188; baseline 0.004 -24"><span class='ocrx_word' id='word_1_136' title='bbox 113 3107 169 3184; x_wconf 77' lang='grc'><em>258)</em></span> <span class='ocrx_word' id='word_1_137' title='bbox 190 3123 263 3185; x_wconf 83' lang='lat' dir='ltr'><em>quae</em></span> <span class='ocrx_word' id='word_1_138' title='bbox 287 3106 349 3188; x_wconf 83' lang='lat' dir='ltr'><em>(qui</em></span> <span class='ocrx_word' id='word_1_139' title='bbox 371 3107 439 3167; x_wconf 82' lang='lat' dir='ltr'><em>cod.</em></span> <span class='ocrx_word' id='word_1_140' title='bbox 466 3107 532 3184; x_wconf 84' lang='grc'><em>258)</em></span> <span class='ocrx_word' id='word_1_141' title='bbox 561 3104 695 3184; x_wconf 85' lang='lat' dir='ltr'><em>piurimis</em></span> <span class='ocrx_word' id='word_1_142' title='bbox 718 3105 813 3167; x_wconf 90' lang='lat' dir='ltr'><em>modis</em></span> <span class='ocrx_word' id='word_1_143' title='bbox 836 3108 865 3166; x_wconf 92' lang='lat' dir='ltr'><em>in</em></span> <span class='ocrx_word' id='word_1_144' title='bbox 891 3125 982 3168; x_wconf 83' lang='lat' dir='ltr'><em>urium</em></span> <span class='ocrx_word' id='word_1_145' title='bbox 1006 3106 1125 3168; x_wconf 80' lang='lat' dir='ltr'><em>deiustis</em></span> <span class='ocrx_word' id='word_1_146' title='bbox 1148 3109 1238 3182; x_wconf 73' lang='lat' dir='ltr'><em>(corr,</em></span> <span class='ocrx_word' id='word_1_147' title='bbox 1263 3108 1391 3178; x_wconf 83' lang='lat' dir='ltr'><em>diiestis;</em></span> 
     </span>
     <span class='ocr_line' id='line_1_19' title="bbox 111 3207 1390 3291; baseline 0.003 -25"><span class='ocrx_word' id='word_1_148' title='bbox 111 3207 218 3285; x_wconf 72' lang='lat' dir='ltr'><em>digestis</em></span> <span class='ocrx_word' id='word_1_149' title='bbox 244 3210 314 3270; x_wconf 82' lang='lat' dir='ltr'><em>coti.</em></span> <span class='ocrx_word' id='word_1_150' title='bbox 346 3209 413 3286; x_wconf 86' lang='grc'><em>258)</em></span> <span class='ocrx_word' id='word_1_151' title='bbox 442 3207 613 3269; x_wconf 80' lang='lat' dir='ltr'><em>dicerentur</em></span> <span class='ocrx_word' id='word_1_152' title='bbox 642 3207 790 3288; x_wconf 82' lang='lat' dir='ltr'><em>(dicentur</em></span> <span class='ocrx_word' id='word_1_153' title='bbox 817 3210 884 3271; x_wconf 84' lang='lat' dir='ltr'><em>cod.</em></span> <span class='ocrx_word' id='word_1_154' title='bbox 918 3213 984 3288; x_wconf 92' lang='grc'><em>258)</em></span> <span class='ocrx_word' id='word_1_155' title='bbox 1019 3226 1078 3286; x_wconf 92' lang='lat' dir='ltr'><em>quo</em></span> <span class='ocrx_word' id='word_1_156' title='bbox 1108 3209 1196 3287; x_wconf 84' lang='lat' dir='ltr'><em>(quod</em></span> <span class='ocrx_word' id='word_1_157' title='bbox 1224 3211 1291 3272; x_wconf 83' lang='lat' dir='ltr'><em>cod.</em></span> <span class='ocrx_word' id='word_1_158' title='bbox 1323 3219 1390 3291; x_wconf 89' lang='grc'><em>258)</em></span> 
     </span>
     <span class='ocr_line' id='line_1_20' title="bbox 111 3301 1389 3409; baseline 0.005 -24"><span class='ocrx_word' id='word_1_159' title='bbox 111 3325 218 3388; x_wconf 87' lang='lat' dir='ltr'><em>uberior</em></span> <span class='ocrx_word' id='word_1_160' title='bbox 239 3328 467 3408; x_wconf 79' lang='lat' dir='ltr'><em>promptiorque</em></span> <span class='ocrx_word' id='word_1_161' title='bbox 490 3328 539 3387; x_wconf 81' lang='lat' dir='ltr'><em>fiet</em></span> <span class='ocrx_word' id='word_1_162' title='bbox 561 3327 655 3388; x_wconf 81' lang='lat' dir='ltr'><em>oratio</em></span> <span class='ocrx_word' id='word_1_163' title='bbox 678 3301 761 3390; x_wconf 59' lang='lat' dir='ltr'><em>grum</em></span> <span class='ocrx_word' id='word_1_164' title='bbox 785 3329 901 3408; x_wconf 75' lang='lat' dir='ltr'><em>(eorum</em></span> <span class='ocrx_word' id='word_1_165' title='bbox 923 3330 991 3389; x_wconf 86' lang='lat' dir='ltr'><em>cod.</em></span> <span class='ocrx_word' id='word_1_166' title='bbox 1016 3327 1083 3405; x_wconf 89' lang='grc'><em>258)</em></span> <span class='ocrx_word' id='word_1_167' title='bbox 1107 3328 1309 3390; x_wconf 82' lang='lat' dir='ltr'><em>adsertionum</em></span> <span class='ocrx_word' id='word_1_168' title='bbox 1333 3329 1389 3409; x_wconf 85' lang='lat' dir='ltr'><em>(as-</em></span> 
     </span>
     <span class='ocr_line' id='line_1_21' title="bbox 110 3427 1389 3510; baseline 0.005 -23"><span class='ocrx_word' id='word_1_169' title='bbox 110 3431 258 3490; x_wconf 81' lang='lat' dir='ltr'><em>sertionum</em></span> <span class='ocrx_word' id='word_1_170' title='bbox 281 3431 351 3491; x_wconf 87' lang='lat' dir='ltr'><em>cod.</em></span> <span class='ocrx_word' id='word_1_171' title='bbox 377 3427 444 3506; x_wconf 87' lang='grc'><em>258)</em></span> <span class='ocrx_word' id='word_1_172' title='bbox 469 3445 596 3506; x_wconf 87' lang='lat' dir='ltr'><em>quorum</em></span> <span class='ocrx_word' id='word_1_173' title='bbox 611 3429 788 3510; x_wconf 84' lang='lat' dir='ltr'><em>pierumque</em></span> <span class='ocrx_word' id='word_1_174' title='bbox 807 3427 897 3490; x_wconf 82' lang='lat' dir='ltr'><em>multo</em></span> <span class='ocrx_word' id='word_1_175' title='bbox 921 3427 1096 3508; x_wconf 77' lang='lat' dir='ltr'><em>(titudinem.</em></span> <span class='ocrx_word' id='word_1_176' title='bbox 1113 3433 1180 3492; x_wconf 85' lang='lat' dir='ltr'><em>cod.</em></span> <span class='ocrx_word' id='word_1_177' title='bbox 1201 3432 1269 3508; x_wconf 90' lang='grc'><em>258)</em></span> <span class='ocrx_word' id='word_1_178' title='bbox 1293 3434 1389 3493; x_wconf 81' lang='lat' dir='ltr'><em>maior</em></span> 
     </span>
     <span class='ocr_line' id='line_1_22' title="bbox 109 3529 1382 3610; baseline 0.003 -20"><span class='ocrx_word' id='word_1_179' title='bbox 109 3549 168 3610; x_wconf 79' lang='lat' dir='ltr'><em>pars</em></span> <span class='ocrx_word' id='word_1_180' title='bbox 191 3531 318 3594; x_wconf 80' lang='lat' dir='ltr'><em>uadttur</em></span> <span class='ocrx_word' id='word_1_181' title='bbox 346 3530 507 3592; x_wconf 82' lang='lat' dir='ltr'><em>uerborum</em></span> <span class='ocrx_word' id='word_1_182' title='bbox 536 3533 758 3594; x_wconf 85' lang='lat' dir='ltr'><em>consertionum</em></span> <span class='ocrx_word' id='word_1_183' title='bbox 788 3533 988 3608; x_wconf 78' lang='lat' dir='ltr'><em>(consortione</em></span> <span class='ocrx_word' id='word_1_184' title='bbox 1009 3534 1077 3593; x_wconf 84' lang='lat' dir='ltr'><em>eod.</em></span> <span class='ocrx_word' id='word_1_185' title='bbox 1104 3529 1171 3610; x_wconf 89' lang='grc'><em>258)</em></span> <span class='ocrx_word' id='word_1_186' title='bbox 1200 3535 1230 3593; x_wconf 91' lang='lat' dir='ltr'><em>in</em></span> <span class='ocrx_word' id='word_1_187' title='bbox 1259 3532 1312 3593; x_wconf 83' lang='lat' dir='ltr'><em>has</em></span> <span class='ocrx_word' id='word_1_188' title='bbox 1334 3531 1382 3595; x_wconf 85' lang='lat' dir='ltr'><em>oin</em></span> 
     </span>
     <span class='ocr_line' id='line_1_23' title="bbox 111 3633 1389 3714; baseline 0.005 -24"><span class='ocrx_word' id='word_1_189' title='bbox 111 3633 173 3710; x_wconf 70' lang='lat' dir='ltr'><em>{onii</em></span> <span class='ocrx_word' id='word_1_190' title='bbox 191 3637 258 3696; x_wconf 84' lang='lat' dir='ltr'><em>cod.</em></span> <span class='ocrx_word' id='word_1_191' title='bbox 283 3633 352 3712; x_wconf 88' lang='grc'><em>258)</em></span> <span class='ocrx_word' id='word_1_192' title='bbox 369 3634 480 3696; x_wconf 82' lang='lat' dir='ltr'><em>turmas</em></span> <span class='ocrx_word' id='word_1_193' title='bbox 503 3633 689 3695; x_wconf 87' lang='lat' dir='ltr'><em>studentibus</em></span> <span class='ocrx_word' id='word_1_194' title='bbox 705 3635 875 3714; x_wconf 80' lang='lat' dir='ltr'><em>profuturus</em></span> <span class='ocrx_word' id='word_1_195' title='bbox 899 3633 1084 3712; x_wconf 75' lang='lat' dir='ltr'><em>(profuturus</em></span> <span class='ocrx_word' id='word_1_196' title='bbox 1098 3637 1166 3694; x_wconf 84' lang='lat' dir='ltr'><em>cod.</em></span> <span class='ocrx_word' id='word_1_197' title='bbox 1185 3641 1251 3714; x_wconf 88' lang='grc'><em>258)</em></span> <span class='ocrx_word' id='word_1_198' title='bbox 1275 3644 1389 3696; x_wconf 87' lang='lat' dir='ltr'><em>cetere·</em></span> 
     </span>
     <span class='ocr_line' id='line_1_24' title="bbox 109 3734 1388 3815; baseline 0.003 -20"><span class='ocrx_word' id='word_1_199' title='bbox 109 3753 157 3814; x_wconf 78' lang='lat' dir='ltr'><em>que</em></span> <span class='ocrx_word' id='word_1_200' title='bbox 177 3737 358 3798; x_wconf 81' lang='lat' dir='ltr'><em>conueniunt</em></span> <span class='ocrx_word' id='word_1_201' title='bbox 380 3735 460 3813; x_wconf 86' lang='lat' dir='ltr'><em>quod</em></span> <span class='ocrx_word' id='word_1_202' title='bbox 484 3745 653 3815; x_wconf 72' lang='lat' dir='ltr'><em>(ceteraque</em></span> <span class='ocrx_word' id='word_1_203' title='bbox 676 3736 855 3797; x_wconf 88' lang='lat' dir='ltr'><em>conuenieut</em></span> <span class='ocrx_word' id='word_1_204' title='bbox 879 3734 1242 3814; x_wconf 57' lang='lat' dir='ltr'><em>inneneuuendiun)</em></span> <span class='ocrx_word' id='word_1_205' title='bbox 1266 3739 1388 3798; x_wconf 87' lang='lat' dir='ltr'><em>minime</em></span> 
     </span>
     <span class='ocr_line' id='line_1_25' title="bbox 109 3835 1389 3918; baseline 0.005 -25"><span class='ocrx_word' id='word_1_206' title='bbox 109 3837 201 3898; x_wconf 86' lang='lat' dir='ltr'><em>mirum</em></span> <span class='ocrx_word' id='word_1_207' title='bbox 224 3846 288 3900; x_wconf 82' lang='lat' dir='ltr'><em>erat</em></span> <span class='ocrx_word' id='word_1_208' title='bbox 312 3837 361 3916; x_wconf 84' lang='lat' dir='ltr'><em>(sit</em></span> <span class='ocrx_word' id='word_1_209' title='bbox 380 3839 450 3899; x_wconf 83' lang='lat' dir='ltr'><em>cod.</em></span> <span class='ocrx_word' id='word_1_210' title='bbox 477 3839 543 3916; x_wconf 83' lang='grc'><em>258)</em></span> <span class='ocrx_word' id='word_1_211' title='bbox 566 3839 592 3898; x_wconf 86' lang='lat' dir='ltr'><em>si</em></span> <span class='ocrx_word' id='word_1_212' title='bbox 615 3839 644 3898; x_wconf 89' lang='lat' dir='ltr'><em>in</em></span> <span class='ocrx_word' id='word_1_213' title='bbox 667 3835 803 3918; x_wconf 83' lang='lat' dir='ltr'><em>piurimis</em></span> <span class='ocrx_word' id='word_1_214' title='bbox 826 3837 898 3897; x_wconf 86' lang='lat' dir='ltr'><em>iocis</em></span> <span class='ocrx_word' id='word_1_215' title='bbox 921 3837 1026 3898; x_wconf 74' lang='lat' dir='ltr'><em>certem</em></span> <span class='ocrx_word' id='word_1_216' title='bbox 1049 3836 1140 3899; x_wconf 84' lang='lat' dir='ltr'><em>uerba</em></span> <span class='ocrx_word' id='word_1_217' title='bbox 1164 3856 1253 3917; x_wconf 78' lang='lat' dir='ltr'><em>saepe</em></span> <span class='ocrx_word' id='word_1_218' title='bbox 1274 3838 1389 3918; x_wconf 86' lang='lat' dir='ltr'><em>relege·</em></span> 
     </span>
     <span class='ocr_line' id='line_1_26' title="bbox 108 3939 1387 4019; baseline 0.003 -21"><span class='ocrx_word' id='word_1_219' title='bbox 108 3947 207 4005; x_wconf 88' lang='lat' dir='ltr'><em>rentur.</em></span> <span class='ocrx_word' id='word_1_220' title='bbox 249 3939 347 4000; x_wconf 84' lang='lat' dir='ltr'><em>Erunt</em></span> <span class='ocrx_word' id='word_1_221' title='bbox 375 3939 455 4001; x_wconf 89' lang='lat' dir='ltr'><em>enim</em></span> <span class='ocrx_word' id='word_1_222' title='bbox 486 3954 590 4016; x_wconf 81' lang='lat' dir='ltr'><em>magna</em></span> <span class='ocrx_word' id='word_1_223' title='bbox 618 3939 696 4019; x_wconf 89' lang='lat' dir='ltr'><em>quod</em></span> <span class='ocrx_word' id='word_1_224' title='bbox 725 3947 826 4000; x_wconf 88' lang='lat' dir='ltr'><em>nostre</em></span> <span class='ocrx_word' id='word_1_225' title='bbox 856 3939 924 4018; x_wconf 57' lang='lat' dir='ltr'><em>(riri</em></span> <span class='ocrx_word' id='word_1_226' title='bbox 944 3943 1012 4002; x_wconf 85' lang='lat' dir='ltr'><em>cod.</em></span> <span class='ocrx_word' id='word_1_227' title='bbox 1040 3943 1107 4014; x_wconf 86' lang='grc'><em>258)</em></span> <span class='ocrx_word' id='word_1_228' title='bbox 1137 3941 1298 4002; x_wconf 81' lang='lat' dir='ltr'><em>memoriae</em></span> <span class='ocrx_word' id='word_1_229' title='bbox 1328 3961 1387 4002; x_wconf 92' lang='lat' dir='ltr'><em>non</em></span> 
     </span>
     <span class='ocr_line' id='line_1_27' title="bbox 109 4039 1387 4121; baseline 0.002 -21"><span class='ocrx_word' id='word_1_230' title='bbox 109 4039 258 4120; x_wconf 77' lang='lat' dir='ltr'><em>refugerint</em></span> <span class='ocrx_word' id='word_1_231' title='bbox 280 4041 404 4120; x_wconf 83' lang='lat' dir='ltr'><em>(tuerint</em></span> <span class='ocrx_word' id='word_1_232' title='bbox 424 4043 492 4103; x_wconf 85' lang='lat' dir='ltr'><em>cod.</em></span> <span class='ocrx_word' id='word_1_233' title='bbox 519 4045 586 4118; x_wconf 87' lang='grc'><em>258)</em></span> <span class='ocrx_word' id='word_1_234' title='bbox 616 4050 667 4102; x_wconf 82' lang='lat' dir='ltr'><em>aut</em></span> <span class='ocrx_word' id='word_1_235' title='bbox 688 4040 767 4121; x_wconf 91' lang='lat' dir='ltr'><em>quod</em></span> <span class='ocrx_word' id='word_1_236' title='bbox 792 4040 891 4101; x_wconf 83' lang='lat' dir='ltr'><em>uiuitis</em></span> <span class='ocrx_word' id='word_1_237' title='bbox 912 4040 1176 4118; x_wconf 83' lang='lat' dir='ltr'><em>significationibus</em></span> <span class='ocrx_word' id='word_1_238' title='bbox 1198 4041 1294 4102; x_wconf 80' lang='lat' dir='ltr'><em>dictne</em></span> <span class='ocrx_word' id='word_1_239' title='bbox 1316 4061 1387 4102; x_wconf 88' lang='lat' dir='ltr'><em>con-</em></span> 
     </span>
     <span class='ocr_line' id='line_1_28' title="bbox 110 4141 1386 4223; baseline 0.003 -22"><span class='ocrx_word' id='word_1_240' title='bbox 110 4143 214 4203; x_wconf 83' lang='lat' dir='ltr'><em>ueniunt</em></span> <span class='ocrx_word' id='word_1_241' title='bbox 241 4150 356 4204; x_wconf 80' lang='lat' dir='ltr'><em>remota</em></span> <span class='ocrx_word' id='word_1_242' title='bbox 386 4144 520 4223; x_wconf 87' lang='lat' dir='ltr'><em>(ueniunt</em></span> <span class='ocrx_word' id='word_1_243' title='bbox 546 4161 663 4204; x_wconf 84' lang='lat' dir='ltr'><em>remora</em></span> <span class='ocrx_word' id='word_1_244' title='bbox 693 4145 758 4205; x_wconf 85' lang='lat' dir='ltr'><em>cod.</em></span> <span class='ocrx_word' id='word_1_245' title='bbox 791 4144 869 4220; x_wconf 75' lang='grc'><em>258).</em></span> <span class='ocrx_word' id='word_1_246' title='bbox 920 4141 1013 4222; x_wconf 86' lang='lat' dir='ltr'><em>igitur</em></span> <span class='ocrx_word' id='word_1_247' title='bbox 1048 4143 1084 4205; x_wconf 81' lang='lat' dir='ltr'><em>ab</em></span> <span class='ocrx_word' id='word_1_248' title='bbox 1113 4151 1232 4204; x_wconf 81' lang='lat' dir='ltr'><em>oratore</em></span> <span class='ocrx_word' id='word_1_249' title='bbox 1265 4145 1386 4205; x_wconf 88' lang='lat' dir='ltr'><em>inicium</em></span> 
     </span>
     <span class='ocr_line' id='line_1_29' title="bbox 110 4243 1387 4325; baseline 0.004 -24"><span class='ocrx_word' id='word_1_250' title='bbox 110 4243 216 4316; x_wconf 83' lang='lat' dir='ltr'><em>(initium</em></span> <span class='ocrx_word' id='word_1_251' title='bbox 251 4247 321 4306; x_wconf 86' lang='lat' dir='ltr'><em>cod.</em></span> <span class='ocrx_word' id='word_1_252' title='bbox 352 4246 426 4322; x_wconf 86' lang='grc'><em>258)</em></span> <span class='ocrx_word' id='word_1_253' title='bbox 454 4247 614 4325; x_wconf 80' lang='lat' dir='ltr'><em>capiamus.</em></span> <span class='ocrx_word' id='word_1_254' title='bbox 665 4246 772 4308; x_wconf 85' lang='lat' dir='ltr'><em>Orator</em></span> <span class='ocrx_word' id='word_1_255' title='bbox 809 4254 892 4307; x_wconf 87' lang='lat' dir='ltr'><em>actor</em></span> <span class='ocrx_word' id='word_1_256' title='bbox 928 4246 1090 4325; x_wconf 81' lang='lat' dir='ltr'><em>(capiamus</em></span> <span class='ocrx_word' id='word_1_257' title='bbox 1118 4246 1168 4309; x_wconf 90' lang='lat' dir='ltr'><em>sic.</em></span> <span class='ocrx_word' id='word_1_258' title='bbox 1199 4243 1387 4306; x_wconf 75' lang='lat' dir='ltr'><em>inctntvnn</em></span> 
     </span>
     <span class='ocr_line' id='line_1_30' title="bbox 110 4343 1387 4434; baseline 0.004 -31"><span class='ocrx_word' id='word_1_259' title='bbox 110 4343 214 4432; x_wconf 61' lang='lat' dir='ltr'><em>tunsi</em></span> <span class='ocrx_word' id='word_1_260' title='bbox 229 4344 430 4434; x_wconf 70' lang='grc' dir='ltr'><em>ΞΕΝΟΝΙωξ</em></span> <span class='ocrx_word' id='word_1_261' title='bbox 447 4343 652 4410; x_wconf 70' lang='lat' dir='ltr'><strong>CICERONIS.</strong></span> <span class='ocrx_word' id='word_1_262' title='bbox 682 4347 792 4409; x_wconf 75' lang='lat' dir='ltr'><em>Oritur</em></span> <span class='ocrx_word' id='word_1_263' title='bbox 807 4357 891 4408; x_wconf 86' lang='lat' dir='ltr'><em>uetur</em></span> <span class='ocrx_word' id='word_1_264' title='bbox 905 4350 973 4409; x_wconf 86' lang='lat' dir='ltr'><em>cod.</em></span> <span class='ocrx_word' id='word_1_265' title='bbox 994 4350 1059 4425; x_wconf 80' lang='grc'><em>258)</em></span> <span class='ocrx_word' id='word_1_266' title='bbox 1076 4346 1214 4408; x_wconf 78' lang='lat' dir='ltr'><em>defensor</em></span> <span class='ocrx_word' id='word_1_267' title='bbox 1228 4381 1271 4391; x_wconf 91' lang='lat'>-</span> <span class='ocrx_word' id='word_1_268' title='bbox 1286 4367 1387 4425; x_wconf 84' lang='lat' dir='ltr'><em>egres·</em></span> 
     </span>
     <span class='ocr_line' id='line_1_31' title="bbox 109 4447 1386 4531; baseline 0.003 -27"><span class='ocrx_word' id='word_1_269' title='bbox 109 4463 150 4506; x_wconf 79' lang='lat' dir='ltr'><em>sus</em></span> <span class='ocrx_word' id='word_1_270' title='bbox 169 4459 210 4508; x_wconf 82' lang='lat' dir='ltr'><em>est</em></span> <span class='ocrx_word' id='word_1_271' title='bbox 233 4447 305 4509; x_wconf 86' lang='lat' dir='ltr'><em>exiit</em></span> <span class='ocrx_word' id='word_1_272' title='bbox 327 4449 478 4527; x_wconf 83' lang='lat' dir='ltr'><em>proiectos</em></span> <span class='ocrx_word' id='word_1_273' title='bbox 500 4457 546 4510; x_wconf 87' lang='lat' dir='ltr'><em>est</em></span> <span class='ocrx_word' id='word_1_274' title='bbox 566 4450 623 4511; x_wconf 89' lang='lat' dir='ltr'><em>iter</em></span> <span class='ocrx_word' id='word_1_275' title='bbox 645 4448 774 4510; x_wconf 85' lang='lat' dir='ltr'><em>intendit</em></span> <span class='ocrx_word' id='word_1_276' title='bbox 798 4451 855 4509; x_wconf 90' lang='lat' dir='ltr'><em>iter</em></span> <span class='ocrx_word' id='word_1_277' title='bbox 877 4449 991 4509; x_wconf 78' lang='lat' dir='ltr'><em>intrudit</em></span> <span class='ocrx_word' id='word_1_278' title='bbox 1013 4448 1162 4527; x_wconf 86' lang='lat' dir='ltr'><em>pertendit</em></span> <span class='ocrx_word' id='word_1_279' title='bbox 1185 4450 1345 4511; x_wconf 84' lang='lat' dir='ltr'><em>contendit.</em></span> <span class='ocrx_word' id='word_1_280' title='bbox 1354 4447 1386 4531; x_wconf 87' lang='lat'><em>*)</em></span> 
     </span>
    </p>
   </div>
   <div class='ocr_carea' id='block_1_5' title="bbox 164 4631 1386 4701">
    <p class='ocr_par' dir='ltr' id='par_1_7' title="bbox 164 4631 1386 4701">
     <span class='ocr_line' id='line_1_32' title="bbox 164 4631 1386 4701; baseline 0.002 -18"><span class='ocrx_word' id='word_1_281' title='bbox 164 4631 189 4697; x_wconf 70' lang='lat'><em>*)</em></span> <span class='ocrx_word' id='word_1_282' title='bbox 205 4633 352 4700; x_wconf 69' lang='lat' dir='ltr'><em>Synouyma</em></span> <span class='ocrx_word' id='word_1_283' title='bbox 368 4633 500 4686; x_wconf 73' lang='lat' dir='ltr'><em>Ciceronis</em></span> <span class='ocrx_word' id='word_1_284' title='bbox 517 4642 656 4700; x_wconf 85' lang='lat' dir='ltr'><em>praetereo</em></span> <span class='ocrx_word' id='word_1_285' title='bbox 674 4639 790 4701; x_wconf 74' lang='lat' dir='ltr'><em>teguntur</em></span> <span class='ocrx_word' id='word_1_286' title='bbox 807 4639 833 4685; x_wconf 88' lang='lat' dir='ltr'><em>iu</em></span> <span class='ocrx_word' id='word_1_287' title='bbox 844 4637 932 4687; x_wconf 86' lang='lat' dir='ltr'><em>codice</em></span> <span class='ocrx_word' id='word_1_288' title='bbox 945 4635 1074 4687; x_wconf 80' lang='lat' dir='ltr'><em>Berneuei</em></span> <span class='ocrx_word' id='word_1_289' title='bbox 1091 4638 1144 4686; x_wconf 70' lang='lat'><em>224</em></span> <span class='ocrx_word' id='word_1_290' title='bbox 1160 4652 1230 4687; x_wconf 83' lang='lat' dir='ltr'><em>enee.</em></span> <span class='ocrx_word' id='word_1_291' title='bbox 1243 4635 1303 4694; x_wconf 57' lang='grc' dir='ltr'><em>Χ).</em></span> <span class='ocrx_word' id='word_1_292' title='bbox 1318 4634 1386 4686; x_wconf 69' lang='lat'><em>192⁶</em></span> 
     </span>
    </p>
   </div>
   <div class='ocr_carea' id='block_1_6' title="bbox 108 4719 1387 4872">
    <p class='ocr_par' dir='ltr' id='par_1_8' title="bbox 108 4719 1387 4872">
     <span class='ocr_line' id='line_1_33' title="bbox 109 4719 1387 4802; baseline 0.002 -35"><span class='ocrx_word' id='word_1_293' title='bbox 109 4721 147 4766; x_wconf 84' lang='lat' dir='ltr'><em>eoi.</em></span> <span class='ocrx_word' id='word_1_294' title='bbox 163 4719 208 4769; x_wconf 84' lang='lat'><em>11.-</em></span> <span class='ocrx_word' id='word_1_295' title='bbox 236 4725 434 4802; x_wconf 68' lang='grc' dir='ltr'>ιΝςψιυΝῐ</span> <span class='ocrx_word' id='word_1_296' title='bbox 460 4727 678 4780; x_wconf 58' lang='lat' dir='ltr'><em>simonem</em></span> <span class='ocrx_word' id='word_1_297' title='bbox 706 4727 909 4779; x_wconf 74' lang='lat' dir='ltr'><em>CiCCRONiS.</em></span> <span class='ocrx_word' id='word_1_298' title='bbox 961 4721 1048 4770; x_wconf 84' lang='lat' dir='ltr'><em>inanis</em></span> <span class='ocrx_word' id='word_1_299' title='bbox 1073 4736 1154 4770; x_wconf 78' lang='lat' dir='ltr'><em>uanus</em></span> <span class='ocrx_word' id='word_1_300' title='bbox 1174 4721 1296 4771; x_wconf 82' lang='lat' dir='ltr'><em>uerbosus</em></span> <span class='ocrx_word' id='word_1_301' title='bbox 1316 4721 1387 4770; x_wconf 72' lang='lat' dir='ltr'><em>unior</em></span> 
     </span>
     <span class='ocr_line' id='line_1_34' title="bbox 108 4796 1386 4872; baseline 0 -18"><span class='ocrx_word' id='word_1_302' title='bbox 108 4796 188 4865; x_wconf 75' lang='lat' dir='ltr'><em>loquax</em></span> <span class='ocrx_word' id='word_1_303' title='bbox 204 4805 322 4872; x_wconf 76' lang='lat' dir='ltr'><em>garrulus</em></span> <span class='ocrx_word' id='word_1_304' title='bbox 346 4833 377 4842; x_wconf 93' lang='lat'>—</span> <span class='ocrx_word' id='word_1_305' title='bbox 398 4806 445 4869; x_wconf 86' lang='lat' dir='ltr'><em>soi.</em></span> <span class='ocrx_word' id='word_1_306' title='bbox 464 4809 531 4866; x_wconf 62' lang='lat'><em>1932</em></span> <span class='ocrx_word' id='word_1_307' title='bbox 549 4811 597 4858; x_wconf 89' lang='lat' dir='ltr'><em>cot.</em></span> <span class='ocrx_word' id='word_1_308' title='bbox 616 4807 650 4857; x_wconf 87' lang='lat' dir='ltr'><em>tt</em></span> <span class='ocrx_word' id='word_1_309' title='bbox 668 4806 799 4871; x_wconf 77' lang='lat' dir='ltr'><em>fastigium</em></span> <span class='ocrx_word' id='word_1_310' title='bbox 817 4817 906 4870; x_wconf 80' lang='lat' dir='ltr'><em>gratus</em></span> <span class='ocrx_word' id='word_1_311' title='bbox 925 4807 985 4870; x_wconf 80' lang='lat' dir='ltr'><em>(ric)</em></span> <span class='ocrx_word' id='word_1_312' title='bbox 1009 4805 1123 4856; x_wconf 87' lang='lat' dir='ltr'><em>ordinem</em></span> <span class='ocrx_word' id='word_1_313' title='bbox 1142 4805 1265 4856; x_wconf 85' lang='lat' dir='ltr'><em>honorem</em></span> <span class='ocrx_word' id='word_1_314' title='bbox 1284 4807 1310 4856; x_wconf 88' lang='lat' dir='ltr'><em>iu</em></span> <span class='ocrx_word' id='word_1_315' title='bbox 1328 4805 1386 4856; x_wconf 85' lang='lat' dir='ltr'><em>reli-</em></span> 
     </span>
    </p>
   </div>
   <div class='ocr_carea' id='block_1_7' title="bbox 0 0 1710 5452">
    <p class='ocr_par' dir='ltr' id='par_1_9' title="bbox 0 0 1710 5452">
     <span class='ocr_line' id='line_1_35' title="bbox 0 0 1710 5452; baseline 0 2"><span class='ocrx_word' id='word_1_316' title='bbox 0 0 1710 5452; x_wconf 95' lang='lat' dir='ltr'><em> </em></span> 
     </span>
    </p>
   </div>
  </div>
 </body>
</html>
