3412 5452
256 315 387 402 cxx'xvi
710 336 900 389 avc'rouns
918 335 1084 390 anonim

341 529 472 601 warum
494 531 575 604 quod
592 528 621 600 f.
645 525 700 586 57⁵
726 529 782 588 col.
807 528 972 601 Ilepitur:
1015 524 1133 585 ‘Birtus
1164 522 1302 585 boiuntas
1334 523 1394 584 bita
1423 522 1472 586 uei
1501 525 1549 584 iris

254 630 375 700 similia,
410 649 485 710 quae
514 630 576 690 alui
603 627 762 690 scribendo
790 628 895 688 uitiant
926 625 1094 688 omnimodo
1122 625 1272 686 reicienda
1298 633 1368 686 sunt
1394 635 1424 686 et
1451 644 1548 704 pern

256 733 424 794 scribenda'
448 749 506 809 quo
527 735 595 793 iure
615 733 737 792 Isidoro
758 731 919 804 tribuatur,
944 731 1059 789 nescio:
1080 734 1189 788 extare
1210 727 1244 787 id
1264 731 1349 804 ‘opp
1365 727 1421 788 III
1441 745 1457 786 e
1477 729 1548 789 cod.

255 837 382 895 Albaur‘o
404 843 423 894 3
443 862 486 888 =
507 833 564 894 III
581 850 613 909 p.
637 841 697 892 504
719 834 826 893 Areu!
846 849 886 893 eu
908 831 1109 891 Brambacbii
1121 830 1260 903 ortbopr.
1279 847 1314 906 p.
1334 837 1392 890 240
1412 833 1547 906 cooperi.

174 917 178 922 ¹
257 937 370 1009 Quodsi
389 953 499 996 reuera
520 937 552 996 iu
573 936 689 996 Isidori
709 951 832 1010 operum
853 935 957 996 codiee
978 935 1080 1009 aliquo
1101 933 1198 1006 adest,
1223 933 1326 992 eodem
1340 933 1427 993 modo
1448 933 1549 993 Isido

255 1041 351 1099 riam's
372 1039 502 1099 eiusdem
522 1040 643 1112 pencris
660 1046 828 1114 praecepta
850 1027 974 1098 aliunde
994 1037 1121 1098 collecto
1142 1036 1257 1094 inserta
1271 1050 1335 1094 esse
1356 1035 1464 1103 duam,
1488 1052 1550 1109 quo

255 1143 285 1201 in
307 1141 395 1201 codd.
417 1140 530 1200 Berua.
549 1147 604 1198 178
625 1149 654 1200 et
677 1146 735 1218 522
749 1139 863 1200 Isidori
881 1138 933 1200 lib.
950 1139 970 1199 I
989 1140 1085 1214 capiti
1104 1137 1246 1197 uicesimo
1266 1144 1352 1196 sento
1373 1138 1437 1196 otio
1457 1153 1550 1213 prae·

254 1250 344 1319 cepto
365 1243 605 1319 ortboprapbica
627 1243 818 1315 adplutiaatu
839 1250 918 1303 suut.

338 1345 407 1405 Iurn
426 1353 525 1420 patet,
547 1346 693 1420 plossorii
706 1347 811 1419 rnapui
822 1347 964 1404 lemmata
980 1342 1234 1418 ortboprapbica,
1259 1341 1366 1418 quibus
1383 1341 1432 1400 ‘de
1446 1339 1548 1401 ortbo·

252 1448 399 1522 prapbia’
418 1449 644 1523 praescriptum
665 1455 721 1519 est,
746 1463 806 1506 non
827 1463 867 1506 eu
888 1447 995 1506 eadem
1017 1447 1088 1518 itta,
1113 1445 1237 1520 quaein
1252 1441 1498 1504 cod.Beru.522
1519 1449 1551 1502 et

255 1549 515 1624 Sanpermonensi
537 1555 616 1607 1447
646 1541 703 1629 (cf.
729 1547 897 1608 Pleurati.
921 1549 994 1623 tp.
1018 1553 1083 1604 521.
1114 1541 1185 1628 522)
1211 1551 1344 1621 prostat,
1374 1546 1551 1605 collectione

255 1654 434 1727 deprompta
461 1667 538 1719 esse,
567 1651 621 1710 sed
645 1667 685 1710 eu
712 1651 775 1710 olio
803 1667 870 1710 cunt
898 1651 969 1710 buio
995 1649 1147 1708 simillimo
1174 1654 1236 1708 tunt
1257 1644 1358 1707 multis
1379 1645 1551 1708 nominibus

254 1757 379 1829 insuper
406 1754 557 1827 adaucta,
587 1754 642 1813 sed
667 1758 790 1814 carente
816 1754 892 1826 illis,
923 1767 1001 1827 quoe
1028 1751 1065 1810 ab
1095 1750 1217 1810 Isidoro
1239 1749 1259 1810 I
1279 1767 1350 1825 cup.
1373 1749 1492 1810 XXVI
1510 1750 1550 1808 dc

255 1855 477 1932 ortboprapbia
504 1857 642 1930 expositu
669 1862 745 1916 sunt.
794 1853 896 1930 Neque
922 1857 1000 1914 enirn
1027 1869 1102 1914 casu
1130 1851 1336 1926 factumest,
1370 1859 1404 1912 ut
1429 1867 1468 1912 ue
1494 1854 1553 1912 uui

255 1959 373 2034 quidem
394 1959 527 2017 lemmata·
546 1973 587 2016 eu
607 1958 674 2033 ipso
695 1957 816 2018 Isidoro
832 1957 929 2036 petito
942 1957 1005 2017 iste
1026 1957 1132 2016 titulus
1150 1954 1420 2031 praescriberetur.

340 2060 506 2119 Praeterea
527 2060 722 2135 conpluribus
740 2055 888 2134 plossorii
909 2056 1014 2132 mapui
1035 2056 1150 2132 repulia
1171 2057 1421 2132 ortboprapbicr's.
1435 2057 1551 2118 Pauli

254 2165 355 2222 nescio
375 2163 462 2223 cuius
481 2178 589 2223 nornen
611 2164 798 2238 adscriptum
819 2166 871 2221 est.
916 2161 960 2221 Ac
980 2162 1110 2236 primurn
1132 2161 1250 2236 quidam
1271 2161 1352 2220 locos
1372 2159 1494 2220 aMoio
1508 2177 1552 2220 aaa

253 2267 402 2339 plossurio
429 2265 579 2324 Vaticano
606 2265 748 2326 collectos
775 2269 855 2323 auct.
885 2264 950 2323 Vat.
980 2263 1025 2324 VI
1041 2279 1073 2337 p.
1098 2267 1163 2320 598.
1188 2267 1258 2331 599,
1293 2271 1325 2323 ut
1356 2264 1456 2324 omnia
1488 2279 1551 2322 uno

256 2371 418 2444 conspectu
439 2368 551 2428 intueri
569 2368 682 2443 possis,
704 2365 915 2427 transcribam

288 2540 329 2600 p.
352 2514 425 2581 598.
470 2517 578 2580 PAVLl
600 2517 768 2580 nubatis.

345 2620 360 2682 1
385 2620 513 2684 Achilles
535 2639 601 2682 curn
625 2621 825 2700 adspiratione
848 2619 998 2681 scribitur.

343 2721 363 2785 2
387 2725 527 2785 Flaneius
548 2742 603 2804 per
624 2743 644 2784 u
667 2731 696 2784 et
720 2742 736 2784 e
759 2730 787 2784 et
810 2725 820 2784 i
843 2721 1043 2784 scribendum.
1077 2745 1080 2750 ·

342 2827 514 2893 3Foriices
536 2825 698 2887 secundum
728 2823 936 2906 etymologiam
967 2827 992 2886 si
1016 2843 1031 2886 a
1055 2824 1103 2885 iilo
1131 2825 1287 2895 dicuntur,
1320 2826 1333 2884 i
1352 2827 1485 2906 panitur,
1516 2835 1550 2888 ut

256 2931 375 2990 ioriicos
398 2946 473 3006 quae
496 2936 564 2989 sunt
586 2935 744 2988 sartorum.
790 2926 820 2987 Si
843 2947 859 2987 a
880 2926 955 3006 pilo,
978 2946 1012 3007 p,
1036 2935 1069 2986 ut
1089 2927 1235 3005 forpices,
1259 2945 1334 3005 quae
1358 2937 1427 2989 sunt
1448 2936 1549 2988 tonsa·

256 3051 331 3092 rum.
378 3031 409 3090 Si
433 3029 470 3091 ab
493 3029 683 3108 accipiendo,
709 3037 740 3090 ut
762 3030 906 3108 forcipes,
931 3045 966 3089 eo
982 3029 1059 3108 qtiad
1075 3030 1203 3089 formum
1227 3031 1358 3108 capiant,
1381 3049 1456 3110 quae
1479 3040 1552 3090 sunt

256 3132 426 3202 labrorum;
455 3134 582 3193 iormum
611 3134 689 3192 enim
720 3132 860 3193 dixerunt
881 3132 995 3210 antiqui
1018 3131 1159 3204 calidum,
1189 3131 1267 3192 unde
1290 3140 1319 3193 et
1342 3133 1489 3193 iurmosus
1512 3151 1550 3194 eo

257 3233 335 3315 quod
359 3237 481 3295 innonat
503 3235 619 3295 iaciem.

341 3374 368 3434 p.
381 3349 453 3414 599.
476 3351 620 3415 4Hamus
642 3355 692 3434 qui
709 3372 724 3412 a
742 3353 865 3415 Graecis
887 3354 1035 3440 ancistrus
1057 3352 1231 3433 appellatur,
1256 3371 1323 3416 cum
1346 3353 1549 3435 adspiratione

256 3455 352 3517 debat·
369 3455 473 3518 scribi.

339 3556 360 3620 5
382 3557 529 3620 Hannibal
553 3577 621 3620 oum
644 3558 662 3618 h
687 3556 888 3619 scribendum.

341 3657 360 3722 6
384 3660 500 3721 Harena
523 3673 577 3740 per
600 3659 619 3720 h
642 3667 671 3721 ei
693 3679 708 3720 a
733 3659 931 3721 scribendum.

342 3759 360 3822 i
384 3762 518 3824 Harauae
540 3763 647 3824 litoris.

341 3861 360 3925 8
383 3863 569 3926 Harenasum
592 3865 668 3926 idest
690 3866 811 3927 harenis
832 3863 963 3944 pienum.

340 3963 360 4028 9
383 3965 452 4027 Hiat
473 3966 607 4046 hispidus
628 3967 723 4028 honor
745 3987 800 4047 per
822 3967 841 4028 h
864 3966 1029 4029 scribenda.

322 4065 361 4130 10
383 4068 565 4130 Hortandum
589 4070 756 4132 ortandum.
1007 4141 1016 4152 .

327 4169 361 4231 ll
385 4170 470 4232 Malle
493 4191 548 4251 per
570 4171 628 4232 duo
651 4172 671 4233 ll
694 4171 896 4234 scribendum.

321 4269 361 4332 12
382 4273 458 4334 Malu
480 4294 535 4354 por
557 4293 650 4335 unum
671 4274 681 4334 l
704 4271 911 4342 scribendum,
935 4273 1002 4353 quia
1027 4281 1071 4334 est
1094 4273 1187 4351 magis
1209 4272 1285 4338 uolo,
1375 4278 1378 4286 '

321 4371 360 4435 13
382 4374 464 4436 Meae
488 4379 584 4442 uires.
607 4379 637 4437 iu
661 4395 719 4457 quio
743 4357 788 4435 est
810 4377 906 4436 uirtus
929 4392 1004 4435 mea.

272 4459 275 4464 ¹
322 4472 361 4535 14
383 4476 479 4546 Meus,
503 4477 724 4538 subaudiendus
747 4479 832 4538 lulius.

322 4573 361 4638 15
383 4579 479 4639 ileum
503 4581 570 4646 iter,
595 4598 688 4641 meam
711 4581 994 4658 peregrinationem.

342 4698 499 4759 Abbatis
520 4714 681 4774 copnomeu
705 4701 802 4761 Paulo
825 4702 855 4759 in
876 4701 1013 4759 lemmate
1031 4707 1064 4759 11
1077 4701 1141 4764 solo
1163 4701 1350 4778 adscriptum
1372 4718 1435 4763 esse
1456 4709 1546 4764 testa·

244 4804 307 4858 tur
331 4800 432 4862 Maius
447 4817 482 4878 p.
501 4807 555 4860 599
578 4808 638 4861 not.
