3390 5444
305 315 367 380 160
766 315 877 369 rerer
896 315 1127 369 cnamtrrcr

303 513 333 566 et
362 523 417 584 per
445 505 627 568 incrementa
658 522 750 583 usque
778 505 814 565 ad
842 506 1004 583 perfectam
1032 511 1158 567 aetatem
1188 487 1307 568 crescit.
1354 506 1403 567 Sic
1430 515 1456 566 et
1480 505 1564 578 littera,

303 625 379 686 quac
412 623 466 686 per
499 605 627 686 syllabas
660 615 690 667 et
717 614 817 686 partes
848 608 990 668 orationis
1017 625 1111 687 usquc
1138 608 1174 669 ad
1202 589 1349 684 integrum
1378 616 1407 668 et
1432 609 1565 687 perlectam

303 709 466 768 orationem
494 725 630 769 cresccre
660 709 786 770 uidetur.
833 707 904 769 lnde
926 708 1108 786 Virgilius
1130 709 1227 771 blaro
1255 709 1341 770 dixit:
1371 709 1505 770 Littera
1528 723 1568 771 est

304 807 409 869 uelut
443 809 621 889 quaedam
655 808 804 888 legendi
832 811 1031 881 natiuitas,
1066 809 1159 870 unde
1189 816 1225 870 et
1253 812 1333 872 eius
1361 811 1568 871 incrementa

303 908 485 970 infantuli
520 929 536 970 e
571 911 701 971 matris
735 920 843 972 utero
877 913 1163 991 prorumpentis
1197 910 1386 973 aetatibus
1419 914 1585 990 aequipo-r

198 1061 203 1068 .
303 1018 449 1072 rantur:
474 1019 510 1072 ut
533 1013 629 1072 enim
658 1013 784 1073 iulans
811 1013 966 1079 dicitur,
995 1014 1056 1093 qul
1078 1011 1180 1090 loqui
1202 1013 1324 1073 nescit
1347 1019 1382 1073 et
1405 1013 1568 1089 paruulus,

268 1165 272 1173 .
303 1113 365 1194 qui
387 1131 503 1192 parua
526 1129 718 1190 gressuum
741 1113 930 1175 molimina
954 1116 1090 1176 nititur
1113 1112 1254 1176 habere
1270 1121 1427 1194 etpuer‚
1450 1114 1569 1190 quando

304 1213 492 1294 pubescit,
522 1212 744 1276 adolescens
772 1224 906 1286 autem,
939 1234 1017 1277 cum
1046 1217 1282 1295 proceritate
1310 1216 1483 1294 corporis
1506 1213 1571 1274 ado-

304 1314 429 1386 lescit,
466 1316 620 1377 iuuenis
657 1334 760 1386 uero,
798 1335 876 1379 cum
914 1318 949 1378 in
986 1318 1186 1379 iuuentute
1224 1315 1380 1386 adultat,
1419 1317 1571 1392 coniugio

304 1418 416 1479 armis
437 1420 654 1498 ceterisque
677 1417 909 1480 liberalibus
931 1418 1069 1480 studiis
1092 1419 1161 1481 iam
1183 1417 1334 1494 dignus,
1365 1425 1401 1478 at
1423 1419 1490 1484 uir,
1510 1434 1617 1494 cuno,

304 1519 464 1580 omnium
492 1536 666 1580 sensuum
696 1520 1019 1597 consiliorumque
1049 1521 1284 1582 nanciscitur
1310 1523 1505 1588 uirtutem,
1534 1518 1573 1576 ita

272 1667 274 1670 -
305 1621 415 1682 etiam
448 1619 576 1681 littera
610 1619 654 1682 ab
681 1622 775 1702 ipsis
802 1639 911 1683 cerae
942 1619 1230 1683 characteribus
1256 1638 1374 1698 usque
1402 1619 1442 1680 ad
1469 1637 1575 1680 casso-

304 1739 380 1782 rum
404 1722 717 1800 compositionem
740 1721 852 1784 lrosce
875 1722 1029 1784 ordines
1052 1723 1231 1794 directat,
1260 1723 1445 1801 siquidem
1472 1719 1577 1780 inians

304 1821 531 1902 appellatur,
562 1841 640 1884 cum
668 1831 784 1884 artem
813 1841 883 1884 non
913 1833 1037 1894 sonat,
1065 1821 1220 1904 paruula
1249 1842 1355 1894 uero,
1385 1840 1461 1882 cum
1481 1819 1578 1901 sylla·

304 1923 430 1984 barum
467 1922 613 2002 glutine
650 1923 830 2003 paulatim
868 1925 1040 2004 graditur·
1073 1933 1109 1987 et
1141 1923 1313 2004 puerula,
1352 1943 1430 1985 cum
1464 1921 1609 2003 pedumn
1654 1913 1656 1996 l

304 2027 491 2086 mensuris
535 2027 688 2096 crescit,
731 2023 1035 2096 adolescentula,
1080 2045 1158 2089 cum
1196 2028 1343 2106 poetica
1381 2029 1492 2085 metra
1524 2041 1581 2102 per

304 2144 481 2187 uersuum
503 2126 714 2189 carminula
737 2126 885 2198 suillat,
903 2135 937 2189 at
959 2128 1180 2198 iuuencula,
1197 2146 1276 2188 cum
1298 2117 1447 2188 casuum
1470 2123 1582 2186 uerbo·
1658 2171 1659 2224 q

304 2246 458 2308 rumque
480 2228 658 2308 quandam
680 2228 986 2308 intellegentiam
1011 2237 1200 2310 capescat,
1225 2231 1350 2308 uirgo,
1375 2246 1453 2290 curn
1474 2245 1583 2288 cassu·
1659 2256 1660 2300 q

304 2348 396 2399 rum,
420 2337 457 2390 nt
479 2329 572 2401 diri,
596 2331 912 2410 compositionem
935 2329 1158 2410 plenissime
1180 2331 1322 2392 doceat
1370 2346 1373 2352 ·
1660 2336 1661 2380 l

1661 2422 1662 2466 t

372 2497 421 2548 [tu
443 2497 575 2550 umbus
592 2499 767 2550 Manutius
787 2498 920 2562 QVIBVS
939 2497 1106 2550 consulu
1124 2499 1285 2550 Ltrusrnt
1303 2495 1409 2550 81ch
1427 2499 1474 2549 ET
1491 2496 1614 2549 Hosion
1662 2506 1663 2550 l

303 2599 436 2652 TRIBVS
455 2598 692 2653 SVBSTANTIIS
713 2599 911 2652 CONSISTIT.
1663 2587 1664 2640 l

387 2735 440 2797 Est
454 2737 545 2815 igitur
564 2756 636 2800 uera
658 2721 819 2799 similitudo
842 2736 960 2818 litterae
981 2737 1012 2797 in
1035 2735 1169 2806 bomine;
1193 2738 1372 2808 sicutenim
1395 2735 1484 2797 bomo
1505 2735 1589 2796 tubus
1664 2671 1665 2724 l

303 2839 446 2907 consistit,
470 2858 598 2919 corpore
622 2845 651 2900 et
673 2841 769 2902 anima
792 2849 880 2916 atque
902 2839 1025 2917 spiritu,
1050 2839 1092 2899 sic
1115 2837 1213 2900 littera
1235 2836 1332 2899 tribus
1353 2845 1483 2910 constat,
1505 2839 1587 2916 figura

304 2941 425 3000 nomine
448 2950 477 3001 et
500 2947 652 3018 potestate.
689 2940 761 3002 lode
783 2937 966 3019 Virgilius
988 2939 1075 3000 dicit:
1098 2940 1140 3001 Et
1161 2947 1201 3001 ut
1223 2937 1365 3019 aliquid
1390 2941 1589 3001 intimatius

305 3043 483 3120 aperiam,
512 3039 643 3102 littera
671 3042 760 3103 mibi
787 3041 943 3103 uidetur
970 3041 1152 3103 humanae
1181 3041 1420 3102 conditionis
1444 3061 1523 3104 esse
1545 3043 1618 3101 sic

305 3141 420 3204 milis:
451 3146 551 3204 sicut
579 3144 673 3204 enim
702 3141 809 3204 homo
835 3142 958 3223 plasto
981 3151 1016 3204 et
1037 3141 1175 3204 alilatu
1199 3149 1234 3202 et
1257 3142 1410 3220 quodam
1440 3141 1616 3204 caelesti

303 3245 389 3322 igne
411 3245 606 3314 consistit,
631 3245 681 3304 ita
704 3251 739 3304 ct
760 3242 889 3305 littera
912 3263 977 3306 suo
1000 3262 1175 3324 corpore,
1202 3243 1270 3305 boc
1294 3253 1351 3306 est
1372 3245 1497 3323 ligura
1519 3229 1589 3304 ani·

304 3363 392 3406 mam
430 3344 585 3420 babens,
622 3347 658 3406 in
695 3364 823 3414 sensu,
862 3345 929 3407 boc
959 3352 1015 3407 cst
1050 3347 1085 3406 in
1124 3354 1331 3424 potestate:
1368 3347 1589 3426 spiridonem

304 3465 391 3506 uero
421 3493 552 3518 ......
590 3447 657 3508 hoc
695 3455 751 3508 est
788 3448 822 3506 in
859 3449 1059 3526 superiore
1096 3447 1423 3527 contemplatione
1460 3447 1590 3508 babere

304 3548 464 3610 uidetur.
1600 3567 1620 3604 o

499 3719 531 3726 ..ι

371 3833 542 3900 3Vlrgilius]
563 3852 590 3900 p.
603 3837 655 3886 130
673 3835 732 3886 Mai
809 3837 873 3886 bae
892 3836 980 3886 matris
1032 3831 1409 3902 aequiperaturllcompsratur
1428 3836 1515 3887 Maius
1579 3835 1591 3884 i

220 3941 229 3960 ,
303 3905 345 3967 qui
365 3918 446 3970 paruo
464 3901 690 3970 gilipplptjotonnna
714 3905 801 3953 nititur
823 3903 915 3952 lmbere
930 3899 943 3962 ΙΙ
959 3919 1015 3953 cum
1040 3919 1119 3969 parua
1142 3919 1277 3968 gressuum
1297 3904 1428 3953 molimina
1447 3905 1533 3954 nititur
1549 3905 1592 3952 im·

304 3974 413 4038 primore
430 3971 516 4022 Maius
585 3974 671 4022 licum
689 3972 916 4022 irrrrentuteMaiur
968 3973 1086 4037 cortiugis
1104 3973 1181 4020 nentis
1252 3972 1284 4022 10
1300 3971 1444 4022 libantibus
1455 3969 1467 4037 ll
1479 3971 1591 4036 coniugio

303 4039 457 4088 admiscetur
474 4051 550 4102 atque
568 4039 715 4090 liberalibus
733 4039 826 4089 studiis
844 4039 893 4088 inm
912 4039 1008 4105 dignus
1026 4039 1055 4089 lit
1072 4041 1158 4092 Matm
1227 4039 1258 4088 ad
1278 4041 1317 4088 uir·
1386 4043 1416 4090 ll
1435 4041 1592 4090 manciscitur

304 4109 396 4156 uirtute
407 4105 420 4174 ll
433 4107 550 4158 uirtutem
569 4109 722 4158 narrciscitur
741 4108 826 4158 Maias
924 4109 1028 4158 tacere
1046 4108 1215 4158 carecteribns
1284 4107 1316 4156 ad
1334 4121 1452 4158 cesorum
1470 4107 1593 4172 composi·

302 4177 372 4226 tione
384 4171 396 4241 ΙΙ
407 4175 440 4224 ad
458 4190 612 4238 quassoruru
630 4175 843 4240 compositionem
862 4175 948 4226 Maiae
1000 4177 1032 4226 13
1049 4175 1150 4238 hosque
1167 4175 1265 4226 ordinis
1281 4179 1285 4236 Ι
1301 4174 1379 4224 hosce
1396 4175 1500 4224 ordines
1512 4176 1593 4226 Maias

338 4241 422 4293 iulans
441 4244 584 4309 appelletur
600 4240 658 4293 bum
677 4243 759 4310 signis
782 4243 916 4295 drinnaxnt
937 4241 1118 4292 cbnrecsandis
1137 4259 1182 4308 per
1199 4257 1270 4292 ceres
1289 4243 1426 4308 gemmulis
1445 4243 1541 4294 eisdem
1559 4244 1593 4291 in·

303 4311 374 4377 diget
390 4311 477 4361 Maias
547 4313 578 4361 14
596 4312 703 4376 paruolo
721 4305 857 4377 ublssnero
877 4311 963 4362 Maior
1037 4315 1067 4361 lb
1086 4307 1381 4378 glutinnessconglutine
1397 4312 1484 4362 Maius
1537 4327 1591 4376 pue·

303 4379 359 4428 rnla
376 4395 433 4442 orm,
452 4380 512 4430 add.
530 4378 616 4430 Maius
685 4379 717 4430 16
735 4393 792 4428 cnm
812 4379 910 4443 poetica
928 4391 1007 4427 metra
1025 4378 1110 4429 Maius
1121 4373 1134 4446 ΙΙ
1146 4394 1192 4444 per
1211 4393 1293 4444 pauca
1309 4391 1389 4428 metra
1463 4381 1494 4429 l't
1513 4377 1593 4429 solllat

304 4448 391 4498 Malus
441 4447 609 4497 adiuuenculo
677 4448 709 4498 18
727 4447 855 4510 quoddam
867 4441 1021 4512 liquandam
1039 4446 1125 4498 Maiae
1176 4447 1305 4512 cepissent
1316 4446 1403 4496 Maius
1453 4461 1569 4496 cesorum
1581 4445 1591 4508 tl

303 4529 457 4578 quassorum
476 4515 562 4566 Maius
649 4516 680 4565 19
699 4513 818 4582 perdocet
835 4515 922 4565 Maius
989 4515 1022 4563 24
1040 4511 1176 4580 Virgilius]
1194 4531 1222 4580 p.
1242 4517 1294 4566 130
1311 4514 1368 4564 Mai
1435 4515 1469 4564 25
1487 4514 1593 4580 aperiero

303 4584 336 4634 26
355 4595 379 4634 et
396 4581 484 4632 albato
496 4581 509 4650 ΙΙ
520 4593 545 4633 et
562 4583 621 4632 alliu
641 4583 728 4634 Maius
795 4583 829 4632 27
847 4583 882 4631 ito
900 4593 924 4632 et
942 4581 1024 4630 littera
1042 4581 1090 4631 lroc
1102 4593 1148 4633 est
1165 4596 1212 4632 suo
1231 4595 1339 4647 corpore
1357 4581 1438 4646 llgurt
1450 4581 1463 4649 ΙΙ
1475 4598 1524 4632 sno
1542 4597 1593 4630 cor-

303 4665 367 4717 pore
384 4651 433 4700 hoc
450 4663 490 4700 est
507 4651 589 4715 ligura
606 4661 660 4701 arte
678 4666 707 4700 ec
724 4651 835 4701 dictione
854 4650 923 4700 uelut
939 4649 1058 4713 quisdam
1076 4650 1313 4717 compaginibus..
1328 4661 1428 4702 ..uitta
1446 4662 1487 4700 est
1499 4651 1593 4701 Matres:

303 4725 391 4768 cetera
408 4720 480 4784 apud
496 4720 592 4771 llluium
609 4721 710 4770 desunt.
790 4719 823 4769 28
842 4719 910 4768 Ante
930 4719 989 4768 ‘doc
1006 4722 1057 4768 est’
1075 4721 1193 4769 nonnulla
1210 4719 1339 4769 excidisse
1357 4719 1486 4770 uidentur.
1522 4719 1593 4785 spiri·

304 4783 411 4850 donem]
432 4785 509 4838 Hune
526 4802 611 4838 trucem
628 4789 684 4854 ipse
706 4787 828 4852 Vir-pilius
842 4788 929 4852 flacit,
948 4787 982 4852 cf.
999 4803 1026 4852 p.
1049 4789 1105 4853 100,
1125 4789 1142 4839 3
1161 4786 1224 4838 Mai.
