3420 5450
832 343 1054 390 -xn—

299 539 373 581 usus
389 517 594 582 obseruantia
616 518 649 582 et
670 515 872 580 officiositate
895 514 1042 598 remotis,
1064 517 1225 599 quotquot
1247 515 1433 599 obstabant,
1456 515 1592 588 adeundi

298 627 541 692 difficultatibus
573 626 820 710 amplissimum,
858 625 893 690 in
929 646 993 709 quo
1030 625 1133 690 laetus
1168 625 1377 710 exspatiarer,
1413 625 1592 691 studiorum

298 759 446 821 campum
472 737 552 802 mihi
581 735 780 802 ostendisset.
824 736 932 819 Atque
960 733 1077 800 horum
1104 735 1284 802 officiorum
1306 737 1362 820 pio
1381 735 1538 802 memorie
1558 737 1592 801 in

298 845 361 913 hoe
381 847 465 914 libro
487 849 558 931 ipso
580 846 739 912 collocate
759 848 816 917 est.
863 843 866 848 ’
1642 834 1645 854 ’

283 939 290 946 “
381 958 450 1023 lem
478 979 517 1021 ex
538 957 683 1022 uirorum
703 956 872 1022 doctorum
894 977 1028 1022 numero
1045 955 1253 1022 Woelfflinus
1275 955 1396 1022 amicus
1417 956 1456 1022 de
1479 955 1593 1023 codici·

298 1068 357 1134 bus
378 1067 605 1133 Tuiicensibus
633 1067 659 1134 O
685 1069 727 1133 37
755 1070 788 1131 et
814 1067 857 1132 58
884 1070 1030 1132 eoeurute
1057 1065 1138 1131 mihi
1166 1067 1348 1152 respondit,
1376 1065 1592 1133 Buechelerus

297 1179 428 1244 ulterius
455 1178 587 1263 codicis,
615 1179 671 1263 qui
693 1175 858 1244 Sedulium
887 1177 1046 1260 continet,
1075 1175 1248 1242 adhibendi
1269 1176 1360 1244 nullo
1381 1199 1454 1243 meo
1476 1181 1593 1264 rogatu

297 1289 423 1373 copiam
455 1288 548 1373 fecit,
581 1289 706 1354 Keilius
739 1287 864 1374 aliquot
892 1287 1048 1354 librorum
1082 1287 1318 1353 rarissimorum
1343 1288 1493 1354 notitiem
1521 1289 1593 1353 sub-

297 1400 509 1484 ministrauit,
537 1399 701 1465 Vsenerus
734 1397 871 1483 denique
905 1397 944 1462 de
977 1399 1072 1463 rebus
1100 1398 1358 1484 orthographicis
1386 1401 1592 1483 quaerentem

297 1511 437 1595 benigue
459 1509 583 1575 adiuuit
603 1509 805 1593 transmisse,
828 1530 925 1593 quem
947 1508 1026 1574 olim
1048 1512 1193 1574 accurate
1215 1508 1349 1594 feceret,
1375 1507 1493 1574 codicis
1515 1507 1592 1574 Ber·

167 1683 170 1689 .
296 1621 406 1686 nensis
424 1621 462 1686 16
477 1621 700 1686 lemmetorum
716 1618 1040 1705 orthoguuphiccrum
1054 1619 1094 1686 ad
1114 1619 1378 1706 orthographiam
1395 1619 1592 1685 Bemensem

297 1731 433 1815 primam
456 1730 688 1815 pertinentium
710 1729 909 1796 collectione.
954 1728 1017 1796 Sed
1037 1730 1078 1794 iis
1100 1753 1228 1815 quoque
1250 1731 1346 1814 uiris,
1373 1730 1429 1815 qui
1456 1730 1592 1796 auctori·

295 1844 362 1906 tete
390 1844 486 1925 utque
514 1839 661 1925 hortatu,
690 1840 766 1906 dum
793 1840 845 1905 his
872 1841 1111 1926 incumbebam,
1139 1841 1268 1907 fortiter
1288 1863 1339 1906 me
1361 1843 1591 1923 sustentarunt,

296 1973 436 2016 summas
451 1947 512 2037 ogo
529 1951 658 2037 gratiss.
695 1949 785 2018 Inter
806 1947 1278 2036 quosHenricusKeilius
1299 1952 1351 2016 uir
1372 1951 1591 2035 amicissimus,

296 2083 368 2126 cum
390 2062 470 2126 hoec
492 2062 534 2127 ob
557 2061 706 2126 eximiam
728 2062 970 2127 uenerationem
992 2062 1054 2126 sibi
1076 2060 1150 2127 dete
1178 2061 1345 2147 dicuteque
1372 2062 1532 2148 perleget,
1563 2063 1589 2126 si

295 2194 399 2257 neque
414 2175 534 2237 temere
548 2193 653 2256 neque
668 2172 788 2238 frustra
802 2173 889 2237 hunc
903 2172 1046 2238 laborem
1061 2176 1244 2257 susceptum
1259 2195 1327 2238 esse
1342 2171 1505 2256 iudicabit,
1521 2172 1588 2237 uoti

295 2304 417 2367 conpos
439 2304 503 2348 ero.

379 2587 504 2653 nauum
527 2587 652 2656 uernae
675 2613 703 2654 a.
727 2587 756 2654 u.
778 2587 891 2655 xum
914 2589 985 2654 uu.
1010 2589 1096 2674 seps
1120 2590 1198 2655 anni
1220 2559 1516 2656 cumdooouxn
