<?xml version="1.0" encoding="UTF-8"?>
<!DOCTYPE html PUBLIC "-//W3C//DTD XHTML 1.0 Transitional//EN"
    "http://www.w3.org/TR/xhtml1/DTD/xhtml1-transitional.dtd">
<html xmlns="http://www.w3.org/1999/xhtml" xml:lang="en" lang="en">
 <head>
  <title>
</title>
<meta http-equiv="Content-Type" content="text/html;charset=utf-8" />
  <meta name='ocr-system' content='tesseract 3.04.00' />
  <meta name='ocr-capabilities' content='ocr_page ocr_carea ocr_par ocr_line ocrx_word'/>
</head>
<body>
  <div class='ocr_page' id='page_1' title='image "./grammaticilatin00hagagoog_0508.png"; bbox 0 0 3394 5448; ppageno 0'>
   <div class='ocr_carea' id='block_1_1' title="bbox 255 311 1145 378">
    <p class='ocr_par' dir='ltr' id='par_1_1' title="bbox 255 311 1145 378">
     <span class='ocr_line' id='line_1_1' title="bbox 255 311 1145 378; baseline -0.016 0"><span class='ocrx_word' id='word_1_1' title='bbox 255 313 319 378; x_wconf 84' lang='lat'><strong>246</strong></span> <span class='ocrx_word' id='word_1_2' title='bbox 650 314 884 366; x_wconf 75' lang='lat' dir='ltr'><strong>conuenerat</strong></span> <span class='ocrx_word' id='word_1_3' title='bbox 902 311 1145 366; x_wconf 79' lang='lat' dir='ltr'><strong>mnsmunnan</strong></span> 
     </span>
    </p>
   </div>
   <div class='ocr_carea' id='block_1_2' title="bbox 116 502 1582 1402">
    <p class='ocr_par' dir='ltr' id='par_1_2' title="bbox 116 502 1556 583">
     <span class='ocr_line' id='line_1_2' title="bbox 116 502 1556 583; baseline 0.003 -23"><span class='ocrx_word' id='word_1_4' title='bbox 116 518 144 562; x_wconf 71' lang='lat' dir='ltr'><strong>er.</strong></span> <span class='ocrx_word' id='word_1_5' title='bbox 158 520 204 568; x_wconf 83' lang='lat' dir='ltr'><strong>aro,</strong></span> <span class='ocrx_word' id='word_1_6' title='bbox 218 521 243 560; x_wconf 90' lang='lat'><strong>10</strong></span> <span class='ocrx_word' id='word_1_7' title='bbox 256 512 338 567; x_wconf 89' lang='lat' dir='ltr'><strong>artus</strong></span> <span class='ocrx_word' id='word_1_8' title='bbox 360 505 499 565; x_wconf 88' lang='lat' dir='ltr'><strong>dicuntur</strong></span> <span class='ocrx_word' id='word_1_9' title='bbox 522 506 633 566; x_wconf 91' lang='lat' dir='ltr'><strong>maiora</strong></span> <span class='ocrx_word' id='word_1_10' title='bbox 657 503 800 564; x_wconf 87' lang='lat' dir='ltr'><strong>membra.</strong></span> <span class='ocrx_word' id='word_1_11' title='bbox 823 537 867 548; x_wconf 89' lang='lat'>-</span> <span class='ocrx_word' id='word_1_12' title='bbox 888 507 992 582; x_wconf 82' lang='lat' dir='ltr'><strong>tlptota</strong></span> <span class='ocrx_word' id='word_1_13' title='bbox 1022 505 1141 563; x_wconf 90' lang='lat' dir='ltr'><strong>nomina</strong></span> <span class='ocrx_word' id='word_1_14' title='bbox 1171 521 1225 563; x_wconf 91' lang='lat' dir='ltr'><strong>nec</strong></span> <span class='ocrx_word' id='word_1_15' title='bbox 1254 502 1379 583; x_wconf 83' lang='lat' dir='ltr'>pluralia</span> <span class='ocrx_word' id='word_1_16' title='bbox 1408 522 1465 565; x_wconf 89' lang='lat' dir='ltr'><strong>uec</strong></span> <span class='ocrx_word' id='word_1_17' title='bbox 1491 502 1556 573; x_wconf 90' lang='lat' dir='ltr'><strong>illa.</strong></span> 
     </span>
    </p>

    <p class='ocr_par' dir='ltr' id='par_1_3' title="bbox 257 601 1557 688">
     <span class='ocr_line' id='line_1_3' title="bbox 257 601 1557 688; baseline -0.002 -20"><span class='ocrx_word' id='word_1_18' title='bbox 257 626 332 687; x_wconf 88' lang='lat' dir='ltr'><strong>quae</strong></span> <span class='ocrx_word' id='word_1_19' title='bbox 357 627 372 667; x_wconf 94' lang='lat' dir='ltr'><strong>a</strong></span> <span class='ocrx_word' id='word_1_20' title='bbox 396 606 520 667; x_wconf 87' lang='lat' dir='ltr'><strong>Graecis</strong></span> <span class='ocrx_word' id='word_1_21' title='bbox 543 607 739 686; x_wconf 75' lang='lat' dir='ltr'><strong>sumpsimus,</strong></span> <span class='ocrx_word' id='word_1_22' title='bbox 765 601 777 687; x_wconf 74' lang='lat' dir='ltr'><strong>ll</strong></span> <span class='ocrx_word' id='word_1_23' title='bbox 796 601 885 688; x_wconf 76' lang='lat' dir='ltr'><strong>169t1</strong></span> <span class='ocrx_word' id='word_1_24' title='bbox 910 624 970 666; x_wconf 92' lang='lat' dir='ltr'><strong>non</strong></span> <span class='ocrx_word' id='word_1_25' title='bbox 994 607 1119 667; x_wconf 89' lang='lat' dir='ltr'><strong>ueniunt</strong></span> <span class='ocrx_word' id='word_1_26' title='bbox 1139 606 1170 665; x_wconf 89' lang='lat' dir='ltr'><strong>in</strong></span> <span class='ocrx_word' id='word_1_27' title='bbox 1197 605 1274 666; x_wconf 76' lang='lat' dir='ltr'><strong>lianc</strong></span> <span class='ocrx_word' id='word_1_28' title='bbox 1303 604 1453 683; x_wconf 89' lang='lat' dir='ltr'><strong>regulam,</strong></span> <span class='ocrx_word' id='word_1_29' title='bbox 1484 608 1557 682; x_wconf 83' lang='lat' dir='ltr'><strong>quia</strong></span> 
     </span>
    </p>

    <p class='ocr_par' dir='ltr' id='par_1_4' title="bbox 159 706 1582 1196">
     <span class='ocr_line' id='line_1_4' title="bbox 159 706 1556 787; baseline 0.003 -24"><span class='ocrx_word' id='word_1_30' title='bbox 159 708 419 772; x_wconf 75' lang='lat' dir='ltr'><strong>ero,raablatiuum</strong></span> <span class='ocrx_word' id='word_1_31' title='bbox 448 726 507 768; x_wconf 93' lang='lat' dir='ltr'><strong>non</strong></span> <span class='ocrx_word' id='word_1_32' title='bbox 535 707 654 769; x_wconf 89' lang='lat' dir='ltr'><strong>habent.</strong></span> <span class='ocrx_word' id='word_1_33' title='bbox 698 706 899 776; x_wconf 87' lang='lat' dir='ltr'><strong>Emblema.</strong></span> <span class='ocrx_word' id='word_1_34' title='bbox 929 709 1057 768; x_wconf 92' lang='lat' dir='ltr'><strong>uarietas</strong></span> <span class='ocrx_word' id='word_1_35' title='bbox 1084 707 1258 787; x_wconf 88' lang='lat' dir='ltr'><strong>pauimenti.</strong></span> <span class='ocrx_word' id='word_1_36' title='bbox 1305 707 1556 786; x_wconf 85' lang='lat' dir='ltr'><strong>Epigramma.</strong></span> 
     </span>
     <span class='ocr_line' id='line_1_5' title="bbox 257 809 1557 890; baseline -0.002 -20"><span class='ocrx_word' id='word_1_37' title='bbox 257 812 483 890; x_wconf 78' lang='lat' dir='ltr'><strong>superscriptio.</strong></span> <span class='ocrx_word' id='word_1_38' title='bbox 534 810 707 879; x_wconf 80' lang='lat' dir='ltr'>Stemma,</span> <span class='ocrx_word' id='word_1_39' title='bbox 738 809 812 869; x_wconf 93' lang='lat' dir='ltr'><strong>ordo</strong></span> <span class='ocrx_word' id='word_1_40' title='bbox 841 810 887 870; x_wconf 87' lang='lat' dir='ltr'><strong>uel</strong></span> <span class='ocrx_word' id='word_1_41' title='bbox 916 811 1009 870; x_wconf 88' lang='lat' dir='ltr'><strong>series</strong></span> <span class='ocrx_word' id='word_1_42' title='bbox 1038 810 1249 888; x_wconf 76' lang='lat' dir='ltr'><strong>generationis,</strong></span> <span class='ocrx_word' id='word_1_43' title='bbox 1293 810 1425 871; x_wconf 78' lang='lat' dir='ltr'>Stemma</span> <span class='ocrx_word' id='word_1_44' title='bbox 1455 817 1557 871; x_wconf 88' lang='lat' dir='ltr'><strong>autern</strong></span> 
     </span>
     <span class='ocr_line' id='line_1_6' title="bbox 258 909 1582 992; baseline 0.002 -18"><span class='ocrx_word' id='word_1_45' title='bbox 258 922 382 975; x_wconf 89' lang='lat' dir='ltr'><strong>uocatur</strong></span> <span class='ocrx_word' id='word_1_46' title='bbox 416 914 511 980; x_wconf 85' lang='lat' dir='ltr'><strong>iilum.</strong></span> <span class='ocrx_word' id='word_1_47' title='bbox 551 931 610 992; x_wconf 87' lang='lat' dir='ltr'><strong>quo</strong></span> <span class='ocrx_word' id='word_1_48' title='bbox 646 910 816 972; x_wconf 80' lang='lat' dir='ltr'><strong>sacerdotes</strong></span> <span class='ocrx_word' id='word_1_49' title='bbox 850 919 983 990; x_wconf 89' lang='lat' dir='ltr'><strong>tempore</strong></span> <span class='ocrx_word' id='word_1_50' title='bbox 1017 909 1152 973; x_wconf 87' lang='lat' dir='ltr'><strong>aestiuali</strong></span> <span class='ocrx_word' id='word_1_51' title='bbox 1185 913 1281 990; x_wconf 88' lang='lat' dir='ltr'><strong>capita</strong></span> <span class='ocrx_word' id='word_1_52' title='bbox 1311 911 1457 990; x_wconf 81' lang='lat' dir='ltr'><strong>ligalrant,</strong></span> <span class='ocrx_word' id='word_1_53' title='bbox 1494 929 1582 978; x_wconf 78' lang='lat' dir='ltr'><strong>nous</strong></span> 
     </span>
     <span class='ocr_line' id='line_1_7' title="bbox 258 1012 1559 1094; baseline -0.002 -18"><span class='ocrx_word' id='word_1_54' title='bbox 258 1014 392 1076; x_wconf 88' lang='lat' dir='ltr'><strong>ualentes</strong></span> <span class='ocrx_word' id='word_1_55' title='bbox 414 1021 535 1094; x_wconf 87' lang='lat' dir='ltr'><strong>portare</strong></span> <span class='ocrx_word' id='word_1_56' title='bbox 558 1012 678 1094; x_wconf 90' lang='lat' dir='ltr'><strong>pilleos,</strong></span> <span class='ocrx_word' id='word_1_57' title='bbox 708 1022 736 1073; x_wconf 87' lang='lat' dir='ltr'><strong>et</strong></span> <span class='ocrx_word' id='word_1_58' title='bbox 760 1032 815 1092; x_wconf 94' lang='lat' dir='ltr'><strong>pro</strong></span> <span class='ocrx_word' id='word_1_59' title='bbox 838 1031 947 1074; x_wconf 90' lang='lat' dir='ltr'><strong>corona</strong></span> <span class='ocrx_word' id='word_1_60' title='bbox 977 1015 1108 1092; x_wconf 88' lang='lat' dir='ltr'><strong>ponitur.</strong></span> <span class='ocrx_word' id='word_1_61' title='bbox 1153 1015 1273 1094; x_wconf 75' lang='lat' dir='ltr'><strong>Antiqui</strong></span> <span class='ocrx_word' id='word_1_62' title='bbox 1303 1014 1381 1075; x_wconf 88' lang='lat' dir='ltr'><strong>enim</strong></span> <span class='ocrx_word' id='word_1_63' title='bbox 1410 1015 1559 1076; x_wconf 88' lang='lat' dir='ltr'><strong>lemioino</strong></span> 
     </span>
     <span class='ocr_line' id='line_1_8' title="bbox 259 1113 1561 1196; baseline 0.002 -20"><span class='ocrx_word' id='word_1_64' title='bbox 259 1135 370 1195; x_wconf 83' lang='lat' dir='ltr'><strong>genere</strong></span> <span class='ocrx_word' id='word_1_65' title='bbox 392 1116 599 1196; x_wconf 82' lang='lat' dir='ltr'><strong>proterebant,</strong></span> <span class='ocrx_word' id='word_1_66' title='bbox 624 1124 656 1175; x_wconf 95' lang='lat' dir='ltr'><strong>ut</strong></span> <span class='ocrx_word' id='word_1_67' title='bbox 680 1114 825 1178; x_wconf 84' lang='lat' dir='ltr'><strong>emblema</strong></span> <span class='ocrx_word' id='word_1_68' title='bbox 849 1113 1023 1176; x_wconf 87' lang='lat' dir='ltr'><strong>emblemae.</strong></span> <span class='ocrx_word' id='word_1_69' title='bbox 1069 1114 1106 1175; x_wconf 86' lang='lat' dir='ltr'><strong>Et</strong></span> <span class='ocrx_word' id='word_1_70' title='bbox 1128 1114 1198 1175; x_wconf 92' lang='lat' dir='ltr'><strong>inde</strong></span> <span class='ocrx_word' id='word_1_71' title='bbox 1220 1116 1364 1176; x_wconf 79' lang='lat' dir='ltr'><strong>remansit</strong></span> <span class='ocrx_word' id='word_1_72' title='bbox 1385 1115 1506 1178; x_wconf 89' lang='lat' dir='ltr'><strong>datiuus</strong></span> <span class='ocrx_word' id='word_1_73' title='bbox 1530 1124 1561 1178; x_wconf 89' lang='lat' dir='ltr'><strong>et</strong></span> 
     </span>
    </p>

    <p class='ocr_par' dir='ltr' id='par_1_5' title="bbox 163 1216 1560 1402">
     <span class='ocr_line' id='line_1_9' title="bbox 163 1216 1560 1296; baseline 0 -18"><span class='ocrx_word' id='word_1_74' title='bbox 163 1231 208 1280; x_wconf 70' lang='lat' dir='ltr'><strong>stu,</strong></span> <span class='ocrx_word' id='word_1_75' title='bbox 223 1233 248 1270; x_wconf 75' lang='lat'><strong>1⁴</strong></span> <span class='ocrx_word' id='word_1_76' title='bbox 261 1217 407 1279; x_wconf 81' lang='lat' dir='ltr'><strong>alrlatiuus</strong></span> <span class='ocrx_word' id='word_1_77' title='bbox 430 1217 561 1296; x_wconf 88' lang='lat' dir='ltr'><strong>pluralis.</strong></span> <span class='ocrx_word' id='word_1_78' title='bbox 609 1217 727 1278; x_wconf 85' lang='lat' dir='ltr'><strong>liuobus</strong></span> <span class='ocrx_word' id='word_1_79' title='bbox 750 1217 844 1278; x_wconf 91' lang='lat' dir='ltr'><strong>modis</strong></span> <span class='ocrx_word' id='word_1_80' title='bbox 867 1219 1069 1295; x_wconf 86' lang='lat' dir='ltr'><strong>cognoscitur,</strong></span> <span class='ocrx_word' id='word_1_81' title='bbox 1093 1216 1266 1296; x_wconf 89' lang='lat' dir='ltr'><strong>analogia</strong></span> <span class='ocrx_word' id='word_1_82' title='bbox 1288 1216 1347 1278; x_wconf 84' lang='lat' dir='ltr'><strong>uel</strong></span> <span class='ocrx_word' id='word_1_83' title='bbox 1371 1236 1412 1278; x_wconf 85' lang='lat' dir='ltr'><strong>ex</strong></span> <span class='ocrx_word' id='word_1_84' title='bbox 1436 1217 1560 1278; x_wconf 90' lang='lat' dir='ltr'><strong>colla·</strong></span> 
     </span>
     <span class='ocr_line' id='line_1_10' title="bbox 260 1318 1502 1402; baseline -0.002 -22"><span class='ocrx_word' id='word_1_85' title='bbox 260 1323 363 1383; x_wconf 86' lang='lat' dir='ltr'><strong>tione</strong></span> <span class='ocrx_word' id='word_1_86' title='bbox 386 1321 652 1402; x_wconf 81' lang='lat' dir='ltr'><strong>positiuorum,</strong></span> <span class='ocrx_word' id='word_1_87' title='bbox 675 1321 695 1379; x_wconf 93' lang='lat' dir='ltr'><strong>i·</strong></span> <span class='ocrx_word' id='word_1_88' title='bbox 720 1339 754 1380; x_wconf 84' lang='lat' dir='ltr'><strong>ex</strong></span> <span class='ocrx_word' id='word_1_89' title='bbox 778 1320 962 1380; x_wconf 73' lang='lat' dir='ltr'><strong>conferentia</strong></span> <span class='ocrx_word' id='word_1_90' title='bbox 986 1321 1139 1380; x_wconf 91' lang='lat' dir='ltr'><strong>nominum</strong></span> <span class='ocrx_word' id='word_1_91' title='bbox 1163 1318 1211 1381; x_wconf 88' lang='lat' dir='ltr'><strong>uel</strong></span> <span class='ocrx_word' id='word_1_92' title='bbox 1234 1338 1270 1381; x_wconf 87' lang='lat' dir='ltr'><strong>ex</strong></span> <span class='ocrx_word' id='word_1_93' title='bbox 1293 1319 1502 1380; x_wconf 85' lang='lat' dir='ltr'><strong>diminutione.</strong></span> 
     </span>
    </p>
   </div>
   <div class='ocr_carea' id='block_1_3' title="bbox 756 1574 1596 1640">
    <p class='ocr_par' dir='ltr' id='par_1_6' title="bbox 756 1574 1596 1640">
     <span class='ocr_line' id='line_1_11' title="bbox 756 1574 1596 1640; baseline 0.005 -4"><span class='ocrx_word' id='word_1_94' title='bbox 756 1574 804 1636; x_wconf 85' lang='lat' dir='ltr'><strong>DE</strong></span> <span class='ocrx_word' id='word_1_95' title='bbox 826 1574 1056 1636; x_wconf 80' lang='lat' dir='ltr'><strong>PRONOllllNll.</strong></span> <span class='ocrx_word' id='word_1_96' title='bbox 1574 1603 1596 1640; x_wconf 85' lang='lat' dir='ltr'><strong>n</strong></span> 
     </span>
    </p>
   </div>
   <div class='ocr_carea' id='block_1_4' title="bbox 225 1727 1561 2115">
    <p class='ocr_par' dir='ltr' id='par_1_7' title="bbox 259 1727 1560 2012">
     <span class='ocr_line' id='line_1_12' title="bbox 345 1727 1559 1809; baseline 0.002 -21"><span class='ocrx_word' id='word_1_97' title='bbox 345 1729 512 1789; x_wconf 84' lang='lat' dir='ltr'><strong>Pronomcn</strong></span> <span class='ocrx_word' id='word_1_98' title='bbox 537 1728 658 1796; x_wconf 89' lang='lat' dir='ltr'><strong>dicitur,</strong></span> <span class='ocrx_word' id='word_1_99' title='bbox 690 1727 826 1807; x_wconf 90' lang='lat' dir='ltr'><strong>eoquod</strong></span> <span class='ocrx_word' id='word_1_100' title='bbox 851 1747 906 1808; x_wconf 92' lang='lat' dir='ltr'><strong>pro</strong></span> <span class='ocrx_word' id='word_1_101' title='bbox 930 1729 1049 1788; x_wconf 84' lang='lat' dir='ltr'><strong>nomina</strong></span> <span class='ocrx_word' id='word_1_102' title='bbox 1072 1731 1091 1788; x_wconf 91' lang='lat' dir='ltr'><strong>i.</strong></span> <span class='ocrx_word' id='word_1_103' title='bbox 1115 1730 1145 1788; x_wconf 93' lang='lat' dir='ltr'><strong>in</strong></span> <span class='ocrx_word' id='word_1_104' title='bbox 1174 1729 1240 1789; x_wconf 87' lang='lat' dir='ltr'><strong>loco</strong></span> <span class='ocrx_word' id='word_1_105' title='bbox 1269 1730 1397 1790; x_wconf 91' lang='lat' dir='ltr'><strong>nominis</strong></span> <span class='ocrx_word' id='word_1_106' title='bbox 1424 1731 1559 1809; x_wconf 89' lang='lat' dir='ltr'><strong>ponitur,</strong></span> 
     </span>
     <span class='ocr_line' id='line_1_13' title="bbox 259 1828 1560 1910; baseline -0.001 -17"><span class='ocrx_word' id='word_1_107' title='bbox 259 1835 337 1893; x_wconf 92' lang='lat' dir='ltr'><strong>sicut</strong></span> <span class='ocrx_word' id='word_1_108' title='bbox 352 1834 545 1891; x_wconf 82' lang='lat' dir='ltr'><strong>‘uicecomes’</strong></span> <span class='ocrx_word' id='word_1_109' title='bbox 560 1828 626 1890; x_wconf 88' lang='lat' dir='ltr'><strong>loco</strong></span> <span class='ocrx_word' id='word_1_110' title='bbox 649 1831 768 1890; x_wconf 75' lang='lat' dir='ltr'><strong>contitis</strong></span> <span class='ocrx_word' id='word_1_111' title='bbox 791 1837 821 1890; x_wconf 92' lang='lat' dir='ltr'><strong>et</strong></span> <span class='ocrx_word' id='word_1_112' title='bbox 842 1828 1029 1910; x_wconf 78' lang='lat' dir='ltr'><strong>‘proconsul’</strong></span> <span class='ocrx_word' id='word_1_113' title='bbox 1053 1830 1117 1891; x_wconf 91' lang='lat' dir='ltr'><strong>loco</strong></span> <span class='ocrx_word' id='word_1_114' title='bbox 1142 1830 1281 1892; x_wconf 88' lang='lat' dir='ltr'><strong>consulis.</strong></span> <span class='ocrx_word' id='word_1_115' title='bbox 1325 1829 1368 1893; x_wconf 77' lang='lat' dir='ltr'><strong>dd</strong></span> <span class='ocrx_word' id='word_1_116' title='bbox 1384 1831 1443 1892; x_wconf 90' lang='lat' dir='ltr'><strong>hoe</strong></span> <span class='ocrx_word' id='word_1_117' title='bbox 1459 1838 1560 1892; x_wconf 86' lang='lat' dir='ltr'><strong>autem</strong></span> 
     </span>
     <span class='ocr_line' id='line_1_14' title="bbox 260 1931 1560 2012; baseline 0 -18"><span class='ocrx_word' id='word_1_118' title='bbox 260 1936 415 1994; x_wconf 88' lang='lat' dir='ltr'><strong>inuentum</strong></span> <span class='ocrx_word' id='word_1_119' title='bbox 438 1943 482 1994; x_wconf 85' lang='lat' dir='ltr'><strong>est</strong></span> <span class='ocrx_word' id='word_1_120' title='bbox 505 1951 686 2012; x_wconf 90' lang='lat' dir='ltr'><strong>pronomen,</strong></span> <span class='ocrx_word' id='word_1_121' title='bbox 716 1941 748 1993; x_wconf 92' lang='lat' dir='ltr'><strong>ut</strong></span> <span class='ocrx_word' id='word_1_122' title='bbox 770 1932 920 1993; x_wconf 89' lang='lat' dir='ltr'><strong>lastidium</strong></span> <span class='ocrx_word' id='word_1_123' title='bbox 944 1934 1132 2012; x_wconf 86' lang='lat' dir='ltr'><strong>repetitionis</strong></span> <span class='ocrx_word' id='word_1_124' title='bbox 1154 1931 1273 1994; x_wconf 86' lang='lat' dir='ltr'><strong>tolleret</strong></span> <span class='ocrx_word' id='word_1_125' title='bbox 1296 1941 1325 1992; x_wconf 91' lang='lat' dir='ltr'><strong>et</strong></span> <span class='ocrx_word' id='word_1_126' title='bbox 1347 1941 1560 1994; x_wconf 88' lang='lat' dir='ltr'><strong>ornamentum</strong></span> 
     </span>
    </p>

    <p class='ocr_par' dir='ltr' id='par_1_8' title="bbox 225 2033 1561 2115">
     <span class='ocr_line' id='line_1_15' title="bbox 225 2033 1561 2115; baseline -0.001 -19"><span class='ocrx_word' id='word_1_127' title='bbox 225 2057 229 2061; x_wconf 93' lang='lat'>·</span> <span class='ocrx_word' id='word_1_128' title='bbox 261 2035 403 2096; x_wconf 91' lang='lat' dir='ltr'><strong>locutioni</strong></span> <span class='ocrx_word' id='word_1_129' title='bbox 428 2037 555 2095; x_wconf 88' lang='lat' dir='ltr'><strong>alierret.</strong></span> <span class='ocrx_word' id='word_1_130' title='bbox 600 2033 673 2095; x_wconf 90' lang='lat' dir='ltr'><strong>Nam</strong></span> <span class='ocrx_word' id='word_1_131' title='bbox 696 2034 845 2095; x_wconf 86' lang='lat' dir='ltr'><strong>lastidiosa</strong></span> <span class='ocrx_word' id='word_1_132' title='bbox 870 2035 978 2095; x_wconf 92' lang='lat' dir='ltr'><strong>locutio</strong></span> <span class='ocrx_word' id='word_1_133' title='bbox 1000 2035 1118 2095; x_wconf 89' lang='lat' dir='ltr'><strong>luisset:</strong></span> <span class='ocrx_word' id='word_1_134' title='bbox 1142 2033 1294 2112; x_wconf 82' lang='lat' dir='ltr'><strong>‘Virgilius</strong></span> <span class='ocrx_word' id='word_1_135' title='bbox 1317 2034 1437 2115; x_wconf 84' lang='lat' dir='ltr'><strong>scripsit</strong></span> <span class='ocrx_word' id='word_1_136' title='bbox 1461 2035 1561 2096; x_wconf 87' lang='lat' dir='ltr'><strong>Buco-</strong></span> 
     </span>
    </p>
   </div>
   <div class='ocr_carea' id='block_1_5' title="bbox 124 2134 1597 4150">
    <p class='ocr_par' dir='ltr' id='par_1_9' title="bbox 124 2134 1597 4150">
     <span class='ocr_line' id='line_1_16' title="bbox 261 2134 1596 2216; baseline 0.005 -20"><span class='ocrx_word' id='word_1_137' title='bbox 261 2136 328 2197; x_wconf 89' lang='lat' dir='ltr'><strong>lica.</strong></span> <span class='ocrx_word' id='word_1_138' title='bbox 374 2134 513 2212; x_wconf 84' lang='lat' dir='ltr'><strong>Virgilius</strong></span> <span class='ocrx_word' id='word_1_139' title='bbox 535 2137 655 2214; x_wconf 90' lang='lat' dir='ltr'><strong>scripsit</strong></span> <span class='ocrx_word' id='word_1_140' title='bbox 677 2137 836 2215; x_wconf 88' lang='lat' dir='ltr'><strong>Georgica,</strong></span> <span class='ocrx_word' id='word_1_141' title='bbox 860 2135 1002 2214; x_wconf 85' lang='lat' dir='ltr'><strong>Virgilius</strong></span> <span class='ocrx_word' id='word_1_142' title='bbox 1024 2138 1144 2216; x_wconf 88' lang='lat' dir='ltr'><strong>scripsit</strong></span> <span class='ocrx_word' id='word_1_143' title='bbox 1165 2136 1317 2199; x_wconf 74' lang='lat' dir='ltr'><strong>Aeneida&#39;.</strong></span> <span class='ocrx_word' id='word_1_144' title='bbox 1361 2137 1433 2198; x_wconf 88' lang='lat' dir='ltr'><strong>Cum</strong></span> <span class='ocrx_word' id='word_1_145' title='bbox 1458 2145 1560 2198; x_wconf 88' lang='lat' dir='ltr'><strong>autem</strong></span> <span class='ocrx_word' id='word_1_146' title='bbox 1574 2165 1596 2203; x_wconf 81' lang='lat' dir='ltr'><strong>u</strong></span> 
     </span>
     <span class='ocr_line' id='line_1_17' title="bbox 261 2236 1563 2319; baseline 0 -21"><span class='ocrx_word' id='word_1_147' title='bbox 261 2237 386 2298; x_wconf 79' lang='lat' dir='ltr'><strong>dixeris:</strong></span> <span class='ocrx_word' id='word_1_148' title='bbox 411 2237 565 2315; x_wconf 85' lang='lat' dir='ltr'><strong>‘Virgilius</strong></span> <span class='ocrx_word' id='word_1_149' title='bbox 588 2239 709 2317; x_wconf 89' lang='lat' dir='ltr'><strong>scripsit</strong></span> <span class='ocrx_word' id='word_1_150' title='bbox 731 2236 883 2306; x_wconf 88' lang='lat' dir='ltr'><strong>Bucolica,</strong></span> <span class='ocrx_word' id='word_1_151' title='bbox 914 2240 977 2318; x_wconf 88' lang='lat' dir='ltr'><strong>ipse</strong></span> <span class='ocrx_word' id='word_1_152' title='bbox 999 2241 1119 2317; x_wconf 90' lang='lat' dir='ltr'><strong>scripsit</strong></span> <span class='ocrx_word' id='word_1_153' title='bbox 1140 2240 1300 2316; x_wconf 80' lang='lat' dir='ltr'><strong>Georgica,</strong></span> <span class='ocrx_word' id='word_1_154' title='bbox 1331 2238 1409 2300; x_wconf 89' lang='lat' dir='ltr'><strong>idem</strong></span> <span class='ocrx_word' id='word_1_155' title='bbox 1439 2241 1563 2319; x_wconf 88' lang='lat' dir='ltr'><strong>scripsit</strong></span> 
     </span>
     <span class='ocr_line' id='line_1_18' title="bbox 204 2338 1559 2412; baseline -0.001 -10"><span class='ocrx_word' id='word_1_156' title='bbox 204 2381 210 2402; x_wconf 79' lang='lat'><em>.</em></span> <span class='ocrx_word' id='word_1_157' title='bbox 262 2340 416 2409; x_wconf 75' lang='lat' dir='ltr'><strong>Aeneida&#39;.</strong></span> <span class='ocrx_word' id='word_1_158' title='bbox 445 2338 594 2401; x_wconf 75' lang='lat' dir='ltr'><strong>fastidium</strong></span> <span class='ocrx_word' id='word_1_159' title='bbox 623 2338 736 2399; x_wconf 91' lang='lat' dir='ltr'><strong>tollitur</strong></span> <span class='ocrx_word' id='word_1_160' title='bbox 764 2348 793 2399; x_wconf 88' lang='lat' dir='ltr'><strong>et</strong></span> <span class='ocrx_word' id='word_1_161' title='bbox 820 2349 1026 2401; x_wconf 92' lang='lat' dir='ltr'><strong>ornamentum</strong></span> <span class='ocrx_word' id='word_1_162' title='bbox 1056 2340 1184 2401; x_wconf 89' lang='lat' dir='ltr'><strong>additur.</strong></span> <span class='ocrx_word' id='word_1_163' title='bbox 1235 2340 1324 2402; x_wconf 88' lang='lat' dir='ltr'><strong>Pars</strong></span> <span class='ocrx_word' id='word_1_164' title='bbox 1354 2342 1559 2412; x_wconf 85' lang='lat' dir='ltr'><strong>orationis,</strong></span> 
     </span>
     <span class='ocr_line' id='line_1_19' title="bbox 262 2442 1560 2522; baseline -0.001 -17"><span class='ocrx_word' id='word_1_165' title='bbox 262 2461 319 2505; x_wconf 89' lang='lat' dir='ltr'><strong>una</strong></span> <span class='ocrx_word' id='word_1_166' title='bbox 348 2445 462 2522; x_wconf 85' lang='lat' dir='ltr'><strong>species</strong></span> <span class='ocrx_word' id='word_1_167' title='bbox 491 2442 664 2503; x_wconf 90' lang='lat' dir='ltr'><strong>Latinitatis.</strong></span> <span class='ocrx_word' id='word_1_168' title='bbox 711 2442 836 2502; x_wconf 79' lang='lat' dir='ltr'><strong>l&#39;osita</strong></span> <span class='ocrx_word' id='word_1_169' title='bbox 865 2444 886 2501; x_wconf 89' lang='lat' dir='ltr'><strong>i·</strong></span> <span class='ocrx_word' id='word_1_170' title='bbox 916 2444 1082 2504; x_wconf 87' lang='lat' dir='ltr'><strong>constituta.</strong></span> <span class='ocrx_word' id='word_1_171' title='bbox 1133 2443 1364 2504; x_wconf 84' lang='lat' dir='ltr'><strong>Tantundem</strong></span> <span class='ocrx_word' id='word_1_172' title='bbox 1393 2447 1419 2503; x_wconf 93' lang='lat' dir='ltr'><strong>i·</strong></span> <span class='ocrx_word' id='word_1_173' title='bbox 1448 2445 1560 2504; x_wconf 87' lang='lat' dir='ltr'><strong>iterum</strong></span> 
     </span>
     <span class='ocr_line' id='line_1_20' title="bbox 262 2543 1561 2640; baseline -0.002 -35"><span class='ocrx_word' id='word_1_174' title='bbox 262 2553 377 2640; x_wconf 80' lang='lat' dir='ltr'><strong>tanturp</strong></span> <span class='ocrx_word' id='word_1_175' title='bbox 400 2552 430 2604; x_wconf 90' lang='lat' dir='ltr'><strong>et</strong></span> <span class='ocrx_word' id='word_1_176' title='bbox 453 2547 642 2622; x_wconf 90' lang='lat' dir='ltr'><strong>componitur</strong></span> <span class='ocrx_word' id='word_1_177' title='bbox 664 2561 700 2602; x_wconf 89' lang='lat' dir='ltr'><strong>ex</strong></span> <span class='ocrx_word' id='word_1_178' title='bbox 717 2545 856 2604; x_wconf 78' lang='lat' dir='ltr'><strong>‘tantum&#39;</strong></span> <span class='ocrx_word' id='word_1_179' title='bbox 873 2551 902 2603; x_wconf 91' lang='lat' dir='ltr'><strong>et</strong></span> <span class='ocrx_word' id='word_1_180' title='bbox 916 2543 1071 2605; x_wconf 82' lang='lat' dir='ltr'><strong>‘demum’.</strong></span> <span class='ocrx_word' id='word_1_181' title='bbox 1118 2545 1252 2614; x_wconf 88' lang='lat' dir='ltr'><strong>Paene,</strong></span> <span class='ocrx_word' id='word_1_182' title='bbox 1277 2548 1296 2605; x_wconf 94' lang='lat' dir='ltr'><strong>i·</strong></span> <span class='ocrx_word' id='word_1_183' title='bbox 1318 2562 1422 2624; x_wconf 88' lang='lat' dir='ltr'><strong>prope.</strong></span> <span class='ocrx_word' id='word_1_184' title='bbox 1460 2545 1561 2615; x_wconf 84' lang='lat' dir='ltr'><strong>Quare</strong></span> 
     </span>
     <span class='ocr_line' id='line_1_21' title="bbox 263 2644 1597 2726; baseline 0.001 -19"><span class='ocrx_word' id='word_1_185' title='bbox 263 2647 335 2709; x_wconf 83' lang='lat' dir='ltr'><strong>dixit</strong></span> <span class='ocrx_word' id='word_1_186' title='bbox 358 2649 488 2726; x_wconf 80' lang='lat' dir='ltr'><strong>‘paene’</strong></span> <span class='ocrx_word' id='word_1_187' title='bbox 520 2653 549 2706; x_wconf 89' lang='lat' dir='ltr'><strong>ot</strong></span> <span class='ocrx_word' id='word_1_188' title='bbox 577 2664 635 2706; x_wconf 94' lang='lat' dir='ltr'><strong>non</strong></span> <span class='ocrx_word' id='word_1_189' title='bbox 665 2644 798 2706; x_wconf 83' lang='lat' dir='ltr'><strong>absolute</strong></span> <span class='ocrx_word' id='word_1_190' title='bbox 825 2647 959 2706; x_wconf 73' lang='lat' dir='ltr'><strong>tantum?</strong></span> <span class='ocrx_word' id='word_1_191' title='bbox 1004 2645 1077 2716; x_wconf 86' lang='lat' dir='ltr'><strong>Quia</strong></span> <span class='ocrx_word' id='word_1_192' title='bbox 1107 2665 1215 2708; x_wconf 92' lang='lat' dir='ltr'><strong>nomen</strong></span> <span class='ocrx_word' id='word_1_193' title='bbox 1245 2646 1364 2726; x_wconf 88' lang='lat' dir='ltr'><strong>plenam</strong></span> <span class='ocrx_word' id='word_1_194' title='bbox 1392 2649 1597 2710; x_wconf 80' lang='lat' dir='ltr'><strong>orationemso</strong></span> 
     </span>
     <span class='ocr_line' id='line_1_22' title="bbox 263 2747 1560 2828; baseline 0.002 -22"><span class='ocrx_word' id='word_1_195' title='bbox 263 2749 332 2809; x_wconf 88' lang='lat' dir='ltr'><strong>t&#39;aait</strong></span> <span class='ocrx_word' id='word_1_196' title='bbox 347 2767 401 2827; x_wconf 91' lang='lat' dir='ltr'><strong>per</strong></span> <span class='ocrx_word' id='word_1_197' title='bbox 416 2768 464 2818; x_wconf 88' lang='lat' dir='ltr'><strong>se,</strong></span> <span class='ocrx_word' id='word_1_198' title='bbox 488 2767 654 2828; x_wconf 86' lang='lat' dir='ltr'><strong>pronomen</strong></span> <span class='ocrx_word' id='word_1_199' title='bbox 671 2767 744 2808; x_wconf 90' lang='lat' dir='ltr'><strong>uero</strong></span> <span class='ocrx_word' id='word_1_200' title='bbox 766 2747 840 2808; x_wconf 88' lang='lat' dir='ltr'><strong>nihil</strong></span> <span class='ocrx_word' id='word_1_201' title='bbox 863 2749 949 2816; x_wconf 88' lang='lat' dir='ltr'><strong>lacit,</strong></span> <span class='ocrx_word' id='word_1_202' title='bbox 974 2749 1032 2809; x_wconf 89' lang='lat' dir='ltr'><strong>uisi</strong></span> <span class='ocrx_word' id='word_1_203' title='bbox 1054 2749 1209 2809; x_wconf 87' lang='lat' dir='ltr'><strong>antecedat</strong></span> <span class='ocrx_word' id='word_1_204' title='bbox 1231 2767 1351 2814; x_wconf 89' lang='lat' dir='ltr'><strong>nomeu.</strong></span> <span class='ocrx_word' id='word_1_205' title='bbox 1388 2747 1560 2810; x_wconf 90' lang='lat' dir='ltr'><strong>Pronomcn</strong></span> 
     </span>
     <span class='ocr_line' id='line_1_23' title="bbox 204 2843 1560 2932; baseline -0.001 -20"><span class='ocrx_word' id='word_1_206' title='bbox 204 2891 210 2912; x_wconf 66' lang='grc' dir='ltr'>ι</span> <span class='ocrx_word' id='word_1_207' title='bbox 263 2851 376 2910; x_wconf 88' lang='lat' dir='ltr'><strong>Graece</strong></span> <span class='ocrx_word' id='word_1_208' title='bbox 405 2843 574 2929; x_wconf 81' lang='grc' dir='ltr'><em>ἀντόνομα</em></span> <span class='ocrx_word' id='word_1_209' title='bbox 610 2849 727 2910; x_wconf 87' lang='lat' dir='ltr'><strong>dicitur.</strong></span> <span class='ocrx_word' id='word_1_210' title='bbox 780 2849 987 2920; x_wconf 85' lang='lat' dir='ltr'><strong>Interdum,</strong></span> <span class='ocrx_word' id='word_1_211' title='bbox 1024 2869 1083 2912; x_wconf 92' lang='lat' dir='ltr'><strong>non</strong></span> <span class='ocrx_word' id='word_1_212' title='bbox 1117 2868 1252 2931; x_wconf 86' lang='lat' dir='ltr'><strong>sempor.</strong></span> <span class='ocrx_word' id='word_1_213' title='bbox 1289 2858 1413 2932; x_wconf 89' lang='lat' dir='ltr'><strong>propter</strong></span> <span class='ocrx_word' id='word_1_214' title='bbox 1445 2852 1560 2913; x_wconf 91' lang='lat' dir='ltr'><strong>inlinita</strong></span> 
     </span>
     <span class='ocr_line' id='line_1_24' title="bbox 243 2952 1559 3032; baseline 0 -21"><span class='ocrx_word' id='word_1_215' title='bbox 243 2958 246 2967; x_wconf 90' lang='lat'>&#39;</span> <span class='ocrx_word' id='word_1_216' title='bbox 262 2953 454 3032; x_wconf 85' lang='lat' dir='ltr'><strong>pronomina,</strong></span> <span class='ocrx_word' id='word_1_217' title='bbox 478 2971 554 3032; x_wconf 86' lang='lat' dir='ltr'><strong>quae</strong></span> <span class='ocrx_word' id='word_1_218' title='bbox 569 2971 628 3012; x_wconf 82' lang='lat' dir='ltr'><strong>iton</strong></span> <span class='ocrx_word' id='word_1_219' title='bbox 644 2953 794 3031; x_wconf 88' lang='lat' dir='ltr'><strong>recipiunt</strong></span> <span class='ocrx_word' id='word_1_220' title='bbox 810 2969 966 3029; x_wconf 78' lang='lat' dir='ltr'><strong>personae.</strong></span> <span class='ocrx_word' id='word_1_221' title='bbox 991 2952 1042 3012; x_wconf 89' lang='lat' dir='ltr'><strong>sed</strong></span> <span class='ocrx_word' id='word_1_222' title='bbox 1059 2953 1229 3032; x_wconf 86' lang='lat' dir='ltr'><strong>inquirunt,</strong></span> <span class='ocrx_word' id='word_1_223' title='bbox 1254 2960 1286 3013; x_wconf 91' lang='lat' dir='ltr'><strong>ut</strong></span> <span class='ocrx_word' id='word_1_224' title='bbox 1301 2954 1379 3031; x_wconf 71' lang='lat' dir='ltr'><strong>‘quis</strong></span> <span class='ocrx_word' id='word_1_225' title='bbox 1395 2955 1442 3014; x_wconf 92' lang='lat' dir='ltr'><strong>uir</strong></span> <span class='ocrx_word' id='word_1_226' title='bbox 1457 2953 1559 3014; x_wconf 79' lang='lat' dir='ltr'><strong>ieciti’</strong></span> 
     </span>
     <span class='ocr_line' id='line_1_25' title="bbox 262 3052 1561 3134; baseline 0 -18"><span class='ocrx_word' id='word_1_227' title='bbox 262 3058 358 3134; x_wconf 79' lang='lat' dir='ltr'><strong>‘quae</strong></span> <span class='ocrx_word' id='word_1_228' title='bbox 380 3053 523 3115; x_wconf 84' lang='lat' dir='ltr'><strong>mulierl&#39;</strong></span> <span class='ocrx_word' id='word_1_229' title='bbox 547 3053 644 3131; x_wconf 74' lang='lat' dir='ltr'><strong>‘quod</strong></span> <span class='ocrx_word' id='word_1_230' title='bbox 668 3052 813 3114; x_wconf 82' lang='lat' dir='ltr'><strong>animalt&#39;</strong></span> <span class='ocrx_word' id='word_1_231' title='bbox 850 3053 886 3113; x_wconf 87' lang='lat' dir='ltr'><strong>Et</strong></span> <span class='ocrx_word' id='word_1_232' title='bbox 908 3053 965 3112; x_wconf 90' lang='lat' dir='ltr'><strong>hoc</strong></span> <span class='ocrx_word' id='word_1_233' title='bbox 987 3054 1149 3115; x_wconf 89' lang='lat' dir='ltr'><strong>secundum</strong></span> <span class='ocrx_word' id='word_1_234' title='bbox 1173 3055 1335 3119; x_wconf 83' lang='lat' dir='ltr'><strong>Donatum:</strong></span> <span class='ocrx_word' id='word_1_235' title='bbox 1369 3074 1437 3116; x_wconf 93' lang='lat' dir='ltr'><strong>nam</strong></span> <span class='ocrx_word' id='word_1_236' title='bbox 1459 3057 1561 3116; x_wconf 89' lang='lat' dir='ltr'><strong>omnia</strong></span> 
     </span>
     <span class='ocr_line' id='line_1_26' title="bbox 264 3155 1596 3236; baseline 0.002 -20"><span class='ocrx_word' id='word_1_237' title='bbox 264 3157 439 3236; x_wconf 90' lang='lat' dir='ltr'><strong>pronomina</strong></span> <span class='ocrx_word' id='word_1_238' title='bbox 462 3156 542 3217; x_wconf 87' lang='lat' dir='ltr'><strong>finita</strong></span> <span class='ocrx_word' id='word_1_239' title='bbox 566 3155 662 3216; x_wconf 89' lang='lat' dir='ltr'><strong>uoluit</strong></span> <span class='ocrx_word' id='word_1_240' title='bbox 689 3155 905 3215; x_wconf 90' lang='lat' dir='ltr'><strong>Priscianus</strong></span> <span class='ocrx_word' id='word_1_241' title='bbox 935 3175 999 3216; x_wconf 88' lang='lat' dir='ltr'><strong>esse</strong></span> <span class='ocrx_word' id='word_1_242' title='bbox 1023 3156 1140 3218; x_wconf 87' lang='lat' dir='ltr'><strong>duobus</strong></span> <span class='ocrx_word' id='word_1_243' title='bbox 1168 3157 1276 3227; x_wconf 91' lang='lat' dir='ltr'><strong>modis,</strong></span> <span class='ocrx_word' id='word_1_244' title='bbox 1306 3157 1596 3218; x_wconf 69' lang='lat' dir='ltr'><strong>demonstrationes</strong></span> 
     </span>
     <span class='ocr_line' id='line_1_27' title="bbox 264 3256 1563 3334; baseline -0.001 -16"><span class='ocrx_word' id='word_1_245' title='bbox 264 3266 315 3319; x_wconf 92' lang='lat' dir='ltr'><strong>aut</strong></span> <span class='ocrx_word' id='word_1_246' title='bbox 337 3258 494 3327; x_wconf 88' lang='lat' dir='ltr'><strong>relatione,</strong></span> <span class='ocrx_word' id='word_1_247' title='bbox 519 3258 786 3325; x_wconf 78' lang='lat' dir='ltr'><strong>eleirronstmtiurre,</strong></span> <span class='ocrx_word' id='word_1_248' title='bbox 811 3264 843 3316; x_wconf 93' lang='lat' dir='ltr'><strong>ut</strong></span> <span class='ocrx_word' id='word_1_249' title='bbox 865 3275 920 3334; x_wconf 89' lang='lat' dir='ltr'><strong>ego</strong></span> <span class='ocrx_word' id='word_1_250' title='bbox 936 3265 968 3318; x_wconf 91' lang='lat' dir='ltr'><strong>tu</strong></span> <span class='ocrx_word' id='word_1_251' title='bbox 984 3256 1048 3326; x_wconf 87' lang='lat' dir='ltr'><strong>ille,</strong></span> <span class='ocrx_word' id='word_1_252' title='bbox 1074 3259 1230 3328; x_wconf 88' lang='lat' dir='ltr'><strong>relatione.</strong></span> <span class='ocrx_word' id='word_1_253' title='bbox 1255 3268 1287 3319; x_wconf 94' lang='lat' dir='ltr'><strong>ut</strong></span> <span class='ocrx_word' id='word_1_254' title='bbox 1302 3259 1351 3320; x_wconf 87' lang='lat' dir='ltr'><strong>hie</strong></span> <span class='ocrx_word' id='word_1_255' title='bbox 1365 3261 1400 3320; x_wconf 89' lang='lat' dir='ltr'><strong>is.</strong></span> <span class='ocrx_word' id='word_1_256' title='bbox 1415 3292 1459 3302; x_wconf 92' lang='lat'>-</span> <span class='ocrx_word' id='word_1_257' title='bbox 1475 3258 1563 3319; x_wconf 87' lang='lat' dir='ltr'><strong>llodo</strong></span> 
     </span>
     <span class='ocr_line' id='line_1_28' title="bbox 124 3357 1563 3442; baseline 0.004 -28"><span class='ocrx_word' id='word_1_258' title='bbox 124 3375 170 3421; x_wconf 85' lang='lat' dir='ltr'><strong>oro.</strong></span> <span class='ocrx_word' id='word_1_259' title='bbox 184 3375 252 3415; x_wconf 57' lang='lat' dir='ltr'><strong>aaut</strong></span> <span class='ocrx_word' id='word_1_260' title='bbox 267 3360 339 3420; x_wconf 91' lang='lat' dir='ltr'><strong>dicit</strong></span> <span class='ocrx_word' id='word_1_261' title='bbox 367 3360 404 3419; x_wconf 91' lang='lat' dir='ltr'><strong>de</strong></span> <span class='ocrx_word' id='word_1_262' title='bbox 432 3358 580 3439; x_wconf 86' lang='lat' dir='ltr'><strong>qualitate.</strong></span> <span class='ocrx_word' id='word_1_263' title='bbox 627 3359 750 3419; x_wconf 83' lang='lat' dir='ltr'><strong>Finita</strong></span> <span class='ocrx_word' id='word_1_264' title='bbox 781 3360 800 3417; x_wconf 87' lang='lat' dir='ltr'><strong>i·</strong></span> <span class='ocrx_word' id='word_1_265' title='bbox 825 3359 1018 3420; x_wconf 88' lang='lat' dir='ltr'><strong>determinata</strong></span> <span class='ocrx_word' id='word_1_266' title='bbox 1044 3357 1056 3442; x_wconf 78' lang='lat' dir='ltr'><strong>ll</strong></span> <span class='ocrx_word' id='word_1_267' title='bbox 1076 3357 1165 3441; x_wconf 73' lang='lat' dir='ltr'><strong>lidii</strong></span> <span class='ocrx_word' id='word_1_268' title='bbox 1190 3362 1422 3439; x_wconf 82' lang='lat' dir='ltr'><strong>circumscripta.</strong></span> <span class='ocrx_word' id='word_1_269' title='bbox 1469 3361 1563 3421; x_wconf 89' lang='lat' dir='ltr'><strong>lnli-</strong></span> 
     </span>
     <span class='ocr_line' id='line_1_29' title="bbox 265 3461 1564 3544; baseline 0.002 -22"><span class='ocrx_word' id='word_1_270' title='bbox 265 3465 356 3531; x_wconf 89' lang='lat' dir='ltr'><strong>nita.</strong></span> <span class='ocrx_word' id='word_1_271' title='bbox 380 3480 455 3540; x_wconf 87' lang='lat' dir='ltr'><strong>quae</strong></span> <span class='ocrx_word' id='word_1_272' title='bbox 471 3462 581 3522; x_wconf 88' lang='lat' dir='ltr'><strong>nullam</strong></span> <span class='ocrx_word' id='word_1_273' title='bbox 598 3461 802 3522; x_wconf 86' lang='lat' dir='ltr'><strong>demonstrant</strong></span> <span class='ocrx_word' id='word_1_274' title='bbox 824 3479 997 3540; x_wconf 87' lang='lat' dir='ltr'><strong>personam:</strong></span> <span class='ocrx_word' id='word_1_275' title='bbox 1022 3463 1099 3538; x_wconf 75' lang='lat' dir='ltr'><strong>‘quis</strong></span> <span class='ocrx_word' id='word_1_276' title='bbox 1122 3462 1217 3544; x_wconf 89' lang='lat' dir='ltr'><strong>qualis</strong></span> <span class='ocrx_word' id='word_1_277' title='bbox 1239 3462 1318 3524; x_wconf 87' lang='lat' dir='ltr'><strong>talis&#39;</strong></span> <span class='ocrx_word' id='word_1_278' title='bbox 1336 3464 1564 3543; x_wconf 80' lang='lat' dir='ltr'><strong>conrecipient</strong></span> 
     </span>
     <span class='ocr_line' id='line_1_30' title="bbox 163 3563 1564 3644; baseline 0.006 -27"><span class='ocrx_word' id='word_1_279' title='bbox 163 3578 212 3627; x_wconf 82' lang='grc' dir='ltr'>ιιι,</span> <span class='ocrx_word' id='word_1_280' title='bbox 227 3579 252 3618; x_wconf 79' lang='lat' dir='ltr'><strong>ao</strong></span> <span class='ocrx_word' id='word_1_281' title='bbox 266 3582 417 3642; x_wconf 88' lang='lat' dir='ltr'><strong>personas.</strong></span> <span class='ocrx_word' id='word_1_282' title='bbox 463 3563 583 3624; x_wconf 85' lang='lat' dir='ltr'><strong>llinus</strong></span> <span class='ocrx_word' id='word_1_283' title='bbox 605 3581 710 3643; x_wconf 86' lang='lat' dir='ltr'><strong>quam</strong></span> <span class='ocrx_word' id='word_1_284' title='bbox 734 3563 861 3630; x_wconf 89' lang='lat' dir='ltr'><strong>linita,</strong></span> <span class='ocrx_word' id='word_1_285' title='bbox 893 3581 950 3622; x_wconf 89' lang='lat' dir='ltr'><strong>mm</strong></span> <span class='ocrx_word' id='word_1_286' title='bbox 974 3581 1008 3622; x_wconf 86' lang='lat' dir='ltr'><strong>ex</strong></span> <span class='ocrx_word' id='word_1_287' title='bbox 1033 3573 1096 3623; x_wconf 86' lang='lat' dir='ltr'><strong>toto</strong></span> <span class='ocrx_word' id='word_1_288' title='bbox 1119 3565 1212 3634; x_wconf 90' lang='lat' dir='ltr'><strong>linita,</strong></span> <span class='ocrx_word' id='word_1_289' title='bbox 1243 3568 1310 3643; x_wconf 87' lang='lat' dir='ltr'><strong>quia</strong></span> <span class='ocrx_word' id='word_1_290' title='bbox 1332 3583 1388 3644; x_wconf 90' lang='lat' dir='ltr'><strong>pro</strong></span> <span class='ocrx_word' id='word_1_291' title='bbox 1409 3567 1564 3644; x_wconf 83' lang='lat' dir='ltr'><strong>praesenti</strong></span> 
     </span>
     <span class='ocr_line' id='line_1_31' title="bbox 267 3664 1597 3746; baseline 0.001 -21"><span class='ocrx_word' id='word_1_292' title='bbox 267 3673 297 3725; x_wconf 88' lang='lat' dir='ltr'><strong>et</strong></span> <span class='ocrx_word' id='word_1_293' title='bbox 317 3665 434 3726; x_wconf 90' lang='lat' dir='ltr'><strong>absenti</strong></span> <span class='ocrx_word' id='word_1_294' title='bbox 455 3671 618 3744; x_wconf 88' lang='lat' dir='ltr'><strong>ponuntur.</strong></span> <span class='ocrx_word' id='word_1_295' title='bbox 664 3664 942 3744; x_wconf 89' lang='lat' dir='ltr'><strong>Praepositiua,</strong></span> <span class='ocrx_word' id='word_1_296' title='bbox 965 3666 1032 3742; x_wconf 80' lang='lat' dir='ltr'><strong>quia</strong></span> <span class='ocrx_word' id='word_1_297' title='bbox 1056 3683 1175 3742; x_wconf 89' lang='lat' dir='ltr'><strong>semper</strong></span> <span class='ocrx_word' id='word_1_298' title='bbox 1198 3675 1421 3746; x_wconf 90' lang='lat' dir='ltr'><strong>praeponuntur</strong></span> <span class='ocrx_word' id='word_1_299' title='bbox 1441 3666 1460 3724; x_wconf 94' lang='lat' dir='ltr'><strong>i·</strong></span> <span class='ocrx_word' id='word_1_300' title='bbox 1480 3675 1597 3727; x_wconf 83' lang='lat' dir='ltr'><strong>ante-ao</strong></span> 
     </span>
     <span class='ocr_line' id='line_1_32' title="bbox 268 3764 1564 3848; baseline 0 -22"><span class='ocrx_word' id='word_1_301' title='bbox 268 3777 428 3848; x_wconf 89' lang='lat' dir='ltr'><strong>pormntur.</strong></span> <span class='ocrx_word' id='word_1_302' title='bbox 474 3767 538 3828; x_wconf 90' lang='lat' dir='ltr'><strong>Non</strong></span> <span class='ocrx_word' id='word_1_303' title='bbox 561 3775 646 3846; x_wconf 91' lang='lat' dir='ltr'><strong>potes</strong></span> <span class='ocrx_word' id='word_1_304' title='bbox 668 3767 747 3826; x_wconf 87' lang='lat' dir='ltr'><strong>enim</strong></span> <span class='ocrx_word' id='word_1_305' title='bbox 772 3764 873 3826; x_wconf 87' lang='lat' dir='ltr'><strong>dicere</strong></span> <span class='ocrx_word' id='word_1_306' title='bbox 897 3767 955 3827; x_wconf 88' lang='lat' dir='ltr'><strong>‘uir</strong></span> <span class='ocrx_word' id='word_1_307' title='bbox 978 3769 1057 3845; x_wconf 87' lang='lat' dir='ltr'><strong>quis&#39;</strong></span> <span class='ocrx_word' id='word_1_308' title='bbox 1081 3764 1168 3827; x_wconf 75' lang='lat' dir='ltr'><strong>‘lilrer</strong></span> <span class='ocrx_word' id='word_1_309' title='bbox 1184 3767 1253 3838; x_wconf 88' lang='lat' dir='ltr'><strong>hic’,</strong></span> <span class='ocrx_word' id='word_1_310' title='bbox 1277 3768 1328 3828; x_wconf 90' lang='lat' dir='ltr'><strong>sed</strong></span> <span class='ocrx_word' id='word_1_311' title='bbox 1352 3771 1433 3845; x_wconf 77' lang='lat' dir='ltr'><strong>‘quis</strong></span> <span class='ocrx_word' id='word_1_312' title='bbox 1455 3769 1519 3828; x_wconf 88' lang='lat' dir='ltr'><strong>uir’</strong></span> <span class='ocrx_word' id='word_1_313' title='bbox 1536 3777 1564 3826; x_wconf 88' lang='lat' dir='ltr'><strong>et</strong></span> 
     </span>
     <span class='ocr_line' id='line_1_33' title="bbox 164 3867 1563 3949; baseline 0.004 -25"><span class='ocrx_word' id='word_1_314' title='bbox 164 3885 213 3934; x_wconf 81' lang='lat' dir='ltr'><strong>aas,</strong></span> <span class='ocrx_word' id='word_1_315' title='bbox 227 3885 253 3924; x_wconf 83' lang='lat' dir='ltr'><strong>oo</strong></span> <span class='ocrx_word' id='word_1_316' title='bbox 268 3869 327 3929; x_wconf 77' lang='lat' dir='ltr'><strong>‘liic</strong></span> <span class='ocrx_word' id='word_1_317' title='bbox 342 3869 441 3930; x_wconf 86' lang='lat' dir='ltr'><strong>liber&#39;.</strong></span> <span class='ocrx_word' id='word_1_318' title='bbox 474 3869 717 3930; x_wconf 88' lang='lat' dir='ltr'><strong>Subiunctiua</strong></span> <span class='ocrx_word' id='word_1_319' title='bbox 733 3877 817 3944; x_wconf 86' lang='lat' dir='ltr'><strong>sunt,</strong></span> <span class='ocrx_word' id='word_1_320' title='bbox 834 3871 901 3949; x_wconf 87' lang='lat' dir='ltr'><strong>quia</strong></span> <span class='ocrx_word' id='word_1_321' title='bbox 917 3878 1134 3949; x_wconf 88' lang='lat' dir='ltr'><strong>supponuntur,</strong></span> <span class='ocrx_word' id='word_1_322' title='bbox 1150 3879 1182 3929; x_wconf 91' lang='lat' dir='ltr'><strong>nt</strong></span> <span class='ocrx_word' id='word_1_323' title='bbox 1197 3871 1323 3930; x_wconf 71' lang='lat' dir='ltr'><strong>‘Aeneas</strong></span> <span class='ocrx_word' id='word_1_324' title='bbox 1338 3867 1414 3930; x_wconf 83' lang='lat' dir='ltr'><strong>illius</strong></span> <span class='ocrx_word' id='word_1_325' title='bbox 1426 3869 1563 3939; x_wconf 85' lang='lat' dir='ltr'><strong>Veneris.</strong></span> 
     </span>
     <span class='ocr_line' id='line_1_34' title="bbox 266 3971 1563 4050; baseline -0.003 -17"><span class='ocrx_word' id='word_1_326' title='bbox 266 3975 292 4033; x_wconf 91' lang='lat' dir='ltr'><strong>is</strong></span> <span class='ocrx_word' id='word_1_327' title='bbox 316 3973 410 4033; x_wconf 92' lang='lat' dir='ltr'><strong>tenuit</strong></span> <span class='ocrx_word' id='word_1_328' title='bbox 432 3971 568 4042; x_wconf 87' lang='lat' dir='ltr'><strong>Troiam,</strong></span> <span class='ocrx_word' id='word_1_329' title='bbox 592 3971 671 4031; x_wconf 90' lang='lat' dir='ltr'><strong>idem</strong></span> <span class='ocrx_word' id='word_1_330' title='bbox 694 3973 849 4050; x_wconf 85' lang='lat' dir='ltr'><strong>superauit</strong></span> <span class='ocrx_word' id='word_1_331' title='bbox 870 3971 1026 4032; x_wconf 85' lang='lat' dir='ltr'><strong>Turnum’.</strong></span> <span class='ocrx_word' id='word_1_332' title='bbox 1073 3973 1164 4032; x_wconf 86' lang='lat' dir='ltr'><strong>Sunt</strong></span> <span class='ocrx_word' id='word_1_333' title='bbox 1192 3971 1265 4031; x_wconf 90' lang='lat' dir='ltr'><strong>alia</strong></span> <span class='ocrx_word' id='word_1_334' title='bbox 1289 3973 1426 4050; x_wconf 83' lang='lat' dir='ltr'><strong>gentis,</strong></span> <span class='ocrx_word' id='word_1_335' title='bbox 1458 3971 1563 4032; x_wconf 81' lang='lat' dir='ltr'><strong>utlaio</strong></span> 
     </span>
     <span class='ocr_line' id='line_1_35' title="bbox 268 4070 1562 4150; baseline 0 -16"><span class='ocrx_word' id='word_1_336' title='bbox 268 4083 298 4134; x_wconf 87' lang='lat' dir='ltr'><strong>et</strong></span> <span class='ocrx_word' id='word_1_337' title='bbox 320 4073 393 4133; x_wconf 89' lang='lat' dir='ltr'><strong>haec</strong></span> <span class='ocrx_word' id='word_1_338' title='bbox 415 4082 444 4133; x_wconf 89' lang='lat' dir='ltr'><strong>et</strong></span> <span class='ocrx_word' id='word_1_339' title='bbox 465 4072 522 4132; x_wconf 85' lang='lat' dir='ltr'><strong>lroc</strong></span> <span class='ocrx_word' id='word_1_340' title='bbox 545 4075 638 4133; x_wconf 91' lang='lat' dir='ltr'><strong>cuias:</strong></span> <span class='ocrx_word' id='word_1_341' title='bbox 662 4073 776 4150; x_wconf 87' lang='lat' dir='ltr'><strong>antiqui</strong></span> <span class='ocrx_word' id='word_1_342' title='bbox 799 4070 936 4134; x_wconf 91' lang='lat' dir='ltr'><strong>dicebant</strong></span> <span class='ocrx_word' id='word_1_343' title='bbox 959 4073 1018 4133; x_wconf 79' lang='lat' dir='ltr'><strong>‘liic</strong></span> <span class='ocrx_word' id='word_1_344' title='bbox 1035 4081 1064 4132; x_wconf 93' lang='lat' dir='ltr'><strong>et</strong></span> <span class='ocrx_word' id='word_1_345' title='bbox 1078 4074 1152 4134; x_wconf 87' lang='lat' dir='ltr'><strong>lraec</strong></span> <span class='ocrx_word' id='word_1_346' title='bbox 1167 4075 1284 4134; x_wconf 88' lang='lat' dir='ltr'><strong>cuiatis’</strong></span> <span class='ocrx_word' id='word_1_347' title='bbox 1308 4083 1338 4134; x_wconf 92' lang='lat' dir='ltr'><strong>et</strong></span> <span class='ocrx_word' id='word_1_348' title='bbox 1359 4072 1428 4134; x_wconf 78' lang='lat' dir='ltr'><strong>‘hoc</strong></span> <span class='ocrx_word' id='word_1_349' title='bbox 1444 4075 1562 4140; x_wconf 89' lang='lat' dir='ltr'><strong>cuiate&#39;.</strong></span> 
     </span>
    </p>
   </div>
   <div class='ocr_carea' id='block_1_6' title="bbox 268 4245 494 4254">
    <p class='ocr_par' dir='ltr' id='par_1_10' title="bbox 268 4245 494 4254">
     <span class='ocr_line' id='line_1_36' title="bbox 268 4245 494 4254; baseline -0.004 0"><span class='ocrx_word' id='word_1_350' title='bbox 268 4245 494 4254; x_wconf 77' lang='lat'>.—-————</span> 
     </span>
    </p>
   </div>
   <div class='ocr_carea' id='block_1_7' title="bbox 267 4361 1563 4566">
    <p class='ocr_par' dir='ltr' id='par_1_11' title="bbox 267 4361 1563 4566">
     <span class='ocr_line' id='line_1_37' title="bbox 336 4361 1563 4429; baseline -0.001 -16"><span class='ocrx_word' id='word_1_351' title='bbox 336 4365 352 4413; x_wconf 80' lang='lat'>2</span> <span class='ocrx_word' id='word_1_352' title='bbox 370 4363 454 4428; x_wconf 84' lang='lat' dir='ltr'><strong>grecis</strong></span> <span class='ocrx_word' id='word_1_353' title='bbox 510 4363 724 4429; x_wconf 69' lang='lat' dir='ltr'><strong>igonoraciouis</strong></span> <span class='ocrx_word' id='word_1_354' title='bbox 778 4371 959 4412; x_wconf 85' lang='lat' dir='ltr'><strong>sternanutem</strong></span> <span class='ocrx_word' id='word_1_355' title='bbox 1029 4364 1222 4412; x_wconf 84' lang='lat' dir='ltr'><strong>9c011serentla</strong></span> <span class='ocrx_word' id='word_1_356' title='bbox 1293 4365 1324 4412; x_wconf 82' lang='lat'><strong>14</strong></span> <span class='ocrx_word' id='word_1_357' title='bbox 1342 4361 1479 4413; x_wconf 89' lang='lat' dir='ltr'><strong>lucutionis</strong></span> <span class='ocrx_word' id='word_1_358' title='bbox 1533 4365 1563 4412; x_wconf 85' lang='lat' dir='ltr'><strong>ta</strong></span> 
     </span>
     <span class='ocr_line' id='line_1_38' title="bbox 267 4427 1561 4499; baseline -0.001 -18"><span class='ocrx_word' id='word_1_359' title='bbox 267 4449 333 4499; x_wconf 88' lang='lat' dir='ltr'><strong>pene</strong></span> <span class='ocrx_word' id='word_1_360' title='bbox 401 4435 516 4498; x_wconf 69' lang='lat' dir='ltr'><strong>ddpeue</strong></span> <span class='ocrx_word' id='word_1_361' title='bbox 568 4428 679 4497; x_wconf 88' lang='lat' dir='ltr'><strong>tantum]</strong></span> <span class='ocrx_word' id='word_1_362' title='bbox 701 4433 754 4480; x_wconf 88' lang='lat' dir='ltr'><strong>An:</strong></span> <span class='ocrx_word' id='word_1_363' title='bbox 776 4430 939 4480; x_wconf 81' lang='lat' dir='ltr'><strong>tantundem?</strong></span> <span class='ocrx_word' id='word_1_364' title='bbox 1000 4433 1281 4495; x_wconf 79' lang='lat' dir='ltr'><strong>22greceantonoma</strong></span> <span class='ocrx_word' id='word_1_365' title='bbox 1350 4427 1561 4494; x_wconf 65' lang='lat' dir='ltr'><strong>noluissimus]</strong></span> 
     </span>
     <span class='ocr_line' id='line_1_39' title="bbox 268 4500 826 4566; baseline 0.007 -16"><span class='ocrx_word' id='word_1_366' title='bbox 268 4501 302 4563; x_wconf 71' lang='lat' dir='ltr'><strong>rs.</strong></span> <span class='ocrx_word' id='word_1_367' title='bbox 321 4500 336 4550; x_wconf 90' lang='lat' dir='ltr'><em>I</em></span> <span class='ocrx_word' id='word_1_368' title='bbox 353 4518 381 4566; x_wconf 87' lang='lat' dir='ltr'><strong>p.</strong></span> <span class='ocrx_word' id='word_1_369' title='bbox 400 4503 459 4562; x_wconf 85' lang='grc'><em>578,</em></span> <span class='ocrx_word' id='word_1_370' title='bbox 479 4502 511 4551; x_wconf 84' lang='grc'><strong>18</strong></span> <span class='ocrx_word' id='word_1_371' title='bbox 527 4515 581 4566; x_wconf 82' lang='lat' dir='ltr'><strong>seq.</strong></span> <span class='ocrx_word' id='word_1_372' title='bbox 599 4517 627 4565; x_wconf 82' lang='lat' dir='ltr'><strong>p.</strong></span> <span class='ocrx_word' id='word_1_373' title='bbox 646 4503 704 4562; x_wconf 78' lang='lat'><strong><em>⁵79,</em></strong></span> <span class='ocrx_word' id='word_1_374' title='bbox 723 4503 755 4549; x_wconf 82' lang='lat'><strong>15</strong></span> <span class='ocrx_word' id='word_1_375' title='bbox 773 4515 826 4564; x_wconf 80' lang='lat' dir='ltr'><strong>seq.</strong></span> 
     </span>
    </p>
   </div>
   <div class='ocr_carea' id='block_1_8' title="bbox 270 4719 1561 4855">
    <p class='ocr_par' dir='ltr' id='par_1_12' title="bbox 270 4719 1561 4855">
     <span class='ocr_line' id='line_1_40' title="bbox 340 4719 1561 4785; baseline -0.003 -13"><span class='ocrx_word' id='word_1_376' title='bbox 340 4727 371 4773; x_wconf 78' lang='lat'><strong>12</strong></span> <span class='ocrx_word' id='word_1_377' title='bbox 391 4724 482 4774; x_wconf 81' lang='lat' dir='ltr'><strong>Gloaru</strong></span> <span class='ocrx_word' id='word_1_378' title='bbox 499 4722 595 4773; x_wconf 85' lang='lat' dir='ltr'><strong>codicis</strong></span> <span class='ocrx_word' id='word_1_379' title='bbox 607 4722 749 4772; x_wconf 71' lang='lat' dir='ltr'><strong>Beruenses</strong></span> <span class='ocrx_word' id='word_1_380' title='bbox 769 4723 820 4772; x_wconf 76' lang='lat'><strong>386</strong></span> <span class='ocrx_word' id='word_1_381' title='bbox 835 4721 857 4784; x_wconf 81' lang='lat' dir='ltr'><strong>s.</strong></span> <span class='ocrx_word' id='word_1_382' title='bbox 872 4724 904 4772; x_wconf 83' lang='lat'><strong>8·</strong></span> <span class='ocrx_word' id='word_1_383' title='bbox 916 4737 995 4785; x_wconf 76' lang='lat' dir='ltr'><strong>marg.</strong></span> <span class='ocrx_word' id='word_1_384' title='bbox 1009 4722 1112 4774; x_wconf 57' lang='lat' dir='ltr'><strong>dextra</strong></span> <span class='ocrx_word' id='word_1_385' title='bbox 1137 4719 1209 4769; x_wconf 86' lang='lat' dir='ltr'><strong>Sicut</strong></span> <span class='ocrx_word' id='word_1_386' title='bbox 1226 4720 1292 4770; x_wconf 87' lang='lat' dir='ltr'><strong>enim</strong></span> <span class='ocrx_word' id='word_1_387' title='bbox 1311 4721 1452 4784; x_wconf 88' lang='lat' dir='ltr'><strong>proconsul</strong></span> <span class='ocrx_word' id='word_1_388' title='bbox 1469 4721 1494 4769; x_wconf 89' lang='lat' dir='ltr'><strong>in</strong></span> <span class='ocrx_word' id='word_1_389' title='bbox 1508 4719 1561 4769; x_wconf 89' lang='lat' dir='ltr'><strong>loco</strong></span> 
     </span>
     <span class='ocr_line' id='line_1_41' title="bbox 270 4788 1531 4855; baseline -0.003 -15"><span class='ocrx_word' id='word_1_390' title='bbox 270 4792 383 4840; x_wconf 84' lang='lat' dir='ltr'><strong>consulis</strong></span> <span class='ocrx_word' id='word_1_391' title='bbox 403 4803 426 4840; x_wconf 90' lang='lat' dir='ltr'><strong>et</strong></span> <span class='ocrx_word' id='word_1_392' title='bbox 443 4792 585 4840; x_wconf 84' lang='lat' dir='ltr'><strong>niceeomes</strong></span> <span class='ocrx_word' id='word_1_393' title='bbox 604 4791 629 4839; x_wconf 90' lang='lat' dir='ltr'><strong>in</strong></span> <span class='ocrx_word' id='word_1_394' title='bbox 649 4790 704 4840; x_wconf 91' lang='lat' dir='ltr'><strong>loco</strong></span> <span class='ocrx_word' id='word_1_395' title='bbox 722 4790 822 4839; x_wconf 86' lang='lat' dir='ltr'><strong>comitis</strong></span> <span class='ocrx_word' id='word_1_396' title='bbox 842 4791 953 4855; x_wconf 83' lang='lat' dir='ltr'><strong>ponium,</strong></span> <span class='ocrx_word' id='word_1_397' title='bbox 972 4790 1167 4854; x_wconf 82' lang='lat' dir='ltr'><strong>ita&#39;prooomen</strong></span> <span class='ocrx_word' id='word_1_398' title='bbox 1187 4791 1242 4838; x_wconf 85' lang='lat' dir='ltr'><strong>nice</strong></span> <span class='ocrx_word' id='word_1_399' title='bbox 1259 4788 1369 4838; x_wconf 81' lang='lat' dir='ltr'><strong>nominis</strong></span> <span class='ocrx_word' id='word_1_400' title='bbox 1389 4789 1531 4838; x_wconf 83' lang='lat' dir='ltr'><strong>ordiuntur.</strong></span> 
     </span>
    </p>
   </div>
   <div class='ocr_carea' id='block_1_9' title="bbox 0 0 1716 5444">
    <p class='ocr_par' dir='ltr' id='par_1_13' title="bbox 0 0 1716 5444">
     <span class='ocr_line' id='line_1_42' title="bbox 0 0 1716 5444; baseline 0 0"><span class='ocrx_word' id='word_1_401' title='bbox 0 0 1716 5444; x_wconf 95' lang='lat' dir='ltr'><strong> </strong></span> 
     </span>
    </p>
   </div>
  </div>
 </body>
</html>
