3394 5448
495 380 570 430 CVM
590 380 794 430 EXCERPTIS
813 379 984 434 INEDITlS.
1264 393 1382 441 CCXVII

172 566 370 648 lnpersonalis
400 566 544 647 ‘legitur'.
590 568 643 628 llic
671 587 730 629 non
759 576 804 629 est
831 569 948 640 medua,
973 567 1039 646 quia
1061 569 1154 628 currit
1181 586 1235 647 per
1269 567 1381 629 modos.

93 652 260 723 Quomodo?
304 652 504 734 inpersonalia
532 652 625 714 uerba
654 671 708 731 per
736 654 839 714 modos
867 662 1000 715 currunt.
1046 653 1119 714 Nam
1142 653 1253 714 iaciunt
1274 653 1383 714 iudica·

92 739 178 800 tiuum
194 738 318 800 modum
341 739 445 818 ‘pudet
460 743 519 799 me'
542 747 598 799 etc.
644 739 692 799 Sic
715 748 744 799 et
766 748 881 800 ceteros
903 739 1015 800 iaciunt
1034 739 1147 799 modos.
1192 739 1276 799 Hunc
1299 741 1381 819 qui-

92 823 163 884 dam
185 823 307 885 modum
323 842 378 904 pro
393 841 504 902 genere
528 831 556 884 et
571 825 781 901 significatione
797 823 882 886 uerbi
898 827 1055 904 accipiunt.
1087 824 1202 895 Quare?
1240 823 1313 895 Quia
1329 843 1383 903 par

70 917 163 968 stotos
184 909 290 970 modos
313 911 414 980 currit,
438 920 467 970 et
487 909 555 969 ideo
578 927 633 988 pro
656 925 766 986 genere
789 908 882 980 uerbi,
907 928 965 970 non
988 927 1043 989 pra
1066 909 1154 973 modo
1176 911 1334 989 accipiunt.

171 1075 183 1160 ll
202 1077 225 1141 l.
241 1075 304 1141 95·
320 1075 332 1162 ll
349 1079 424 1141 Sunt
441 1081 528 1142 etiam
552 1087 672 1150 neutra,
704 1098 778 1160 quae
800 1081 811 1139 i
832 1079 1163 1160 litteraltermiuautum
1187 1087 1220 1140 ut
1241 1079 1290 1140 odi
1312 1081 1382 1140 uoui

92 1166 218 1225 memini.
264 1164 358 1225 Habet
380 1183 521 1244 praesens
544 1174 659 1244 tempus
682 1173 733 1226 aut
749 1166 825 1227 non?
869 1165 934 1226 Non
950 1164 1048 1234 babet,
1073 1171 1119 1225 set
1134 1165 1267 1226 futurum
1284 1164 1381 1234 babet,

91 1259 119 1310 ut
139 1249 233 1310 odero
254 1268 368 1310 nouero
391 1253 564 1312 meminero.
610 1251 651 1311 ba
675 1251 737 1311 eius
760 1249 937 1331 exemplum.

240 1334 360 1396 Odero
382 1338 412 1396 si
435 1345 584 1413 potero,
608 1335 670 1397 sed
694 1355 766 1398 non
788 1337 935 1397 inuitus
957 1336 1101 1396 amabo.

60 1577 80 1615 ro
594 1557 641 1616 lli]
664 1555 884 1618 l‘dll'l'lCll‘lO.

172 1725 185 1808 ΙΙ
202 1727 222 1788 1.
241 1725 304 1788 999
321 1724 332 1808 ΙΙ
348 1726 528 1806 Aduerbium
552 1727 589 1788 de
617 1690 772 1808 participio
795 1690 858 1788 lieri
881 1745 968 1807 posse
990 1724 1163 1789 nonnulli
1186 1737 1308 1807 negant,
1332 1728 1383 1788 sed

92 1813 141 1872 bos
173 1811 303 1891 plurima
337 1812 472 1873 lectionis
504 1815 630 1873 reuincit
663 1815 831 1875 auctoritas.
890 1811 1050 1888 indulgens
1086 1831 1159 1874 uero
1182 1809 1383 1894 'participium

92 1895 280 1974 indulgenter
303 1897 373 1957 lacit
394 1897 578 1967 aduerbium,
602 1901 678 1960 siout
700 1917 802 1960 amans
824 1909 958 1959 amanter
981 1907 1011 1958 et
1033 1905 1139 1960 cetera.

548 2138 595 2198 ut
618 2136 925 2198 tuturostttottu.

62 2325 81 2363 u
174 2303 185 2388 ll
200 2307 220 2368 1.
232 2305 313 2369 100t
328 2303 341 2390 ΙΙ
358 2309 480 2386 ‘Vsque’
497 2270 677 2388 praepositio
693 2269 865 2387 plurimis
881 2325 940 2368 non
956 2307 1083 2369 uidetur.
1115 2306 1288 2379 Quomodo?
1311 2307 1385 2378 Quia

94 2395 152 2452 siue
175 2391 271 2473 aliqua
301 2393 521 2473 praepositione
549 2393 677 2472 proferri
706 2399 787 2453 recte
817 2409 875 2452 non
907 2399 1013 2471 potest.
1058 2392 1141 2453 Vnde
1164 2399 1192 2453 et
1214 2393 1384 2472 adiungitur

93 2479 223 2558 utrisque
247 2477 381 2547 casibus,
410 2488 444 2539 ut
465 2487 523 2538 est:
553 2482 658 2558 ‘usque
687 2478 722 2538 ad
745 2479 873 2538 amicum
896 2475 1057 2538 ambulaui’
1087 2485 1116 2537 et
1138 2481 1244 2556 ‘usque
1267 2476 1303 2537 ab
1326 2477 1385 2538 alto
1487 2487 1491 2496 “

94 2563 252 2624 descendi’.
334 2619 337 2624 ,

174 2730 187 2817 ΙΙ
204 2735 225 2794 l.
244 2731 325 2795 100b
340 2729 354 2818 ll
370 2736 527 2815 Vtriusque
550 2753 636 2796 casus
658 2696 726 2796 sunt
744 2695 981 2815 praepositiones
997 2739 1151 2811 quattuor:
1178 2733 1208 2794 io
1224 2732 1278 2794 sub
1294 2752 1385 2813 super

62 2818 202 2888 aosubtcr,
227 2836 302 2898 quac
325 2820 442 2898 quando
467 2828 578 2882 motum
601 2821 775 2900 significant,
799 2820 967 2880 accusatiuo
990 2820 1071 2881 casui
1093 2821 1243 2889 seruiunt,
1266 2819 1384 2898 quando

93 2905 190 2975 situm,
214 2904 358 2974 ablatiuo,
383 2913 416 2967 ut
438 2905 574 2986 superius
598 2905 735 2966 diximus.

173 3035 375 3154 Separatae
408 3039 716 3156 praepositiones
749 3036 943 3136 acciuntur.
994 3073 1168 3146 Quomodo?
1216 3075 1247 3136 Si
1277 3093 1293 3135 a
1321 3079 1384 3137 suis

93 3159 207 3220 casibus
243 3169 432 3241 separentur,
471 3171 557 3223 acuto
589 3161 822 3240 pronuntiandae
855 3167 924 3220 suut
956 3167 1091 3221 accentu.
1147 3160 1385 3222 Coniunctae
1472 3193 1477 3202 ·

94 3244 239 3305 casibus
267 3245 536 3326 aut'loquellis
565 3249 658 3307 uiam
688 3264 786 3307 suam
809 3264 920 3325 saepe
943 3251 1170 3306 commutant
1192 3253 1228 3305 et
1249 3263 1384 3320 graues

61 3330 201 3398 toliunt;
225 3333 533 3410 praepositiones
556 3339 620 3392 aut
642 3334 723 3411 ipsa
748 3329 862 3391 uerba
887 3331 1382 3409 conrumpuntutconlicio.

94 3413 265 3482 Quomodo?
316 3415 402 3476 'lnlta
430 3419 649 3496 praepositione
679 3436 734 3478 con
763 3415 837 3476 nibil
868 3422 1010 3477 remanet.
1063 3419 1131 3477 dut
1163 3418 1265 3493 ipsae
1296 3433 1384 3475 con·

95 3508 329 3579 rumpuntur,
364 3509 402 3561 ut
431 3501 588 3562 suiiero.
641 3499 814 3572 Quomodo?
864 3501 895 3562 Si
932 3499 1053 3561 subiero
1089 3500 1194 3561 luisset
1230 3500 1383 3568 scribtum,

94 3587 271 3663 praepositio
300 3603 365 3647 esse
399 3585 509 3647 debuit.
560 3590 627 3649 dut
655 3593 903 3664 conrumpunt
932 3594 967 3645 et
1000 3594 1319 3664 conrumpuotur,
1351 3598 1384 3647 ut

95 3671 270 3748 suspicio.
321 3669 493 3742 Quomodo?
543 3673 599 3733 Sus
627 3671 701 3733 nibil
729 3681 786 3740 est,
816 3673 894 3751 picio
922 3669 1069 3732 similiter.
1121 3670 1211 3731 item
1241 3680 1323 3750 post
1352 3681 1384 3730 et

62 3761 174 3814 eante
196 3763 229 3816 et
252 3757 396 3817 circum
422 3758 616 3838 utriusque
645 3775 754 3818 casus
776 3755 975 3817 adiunctas
998 3757 1226 3825 insanimus,
1257 3764 1287 3816 et
1306 3761 1385 3836 ‘post

95 3839 238 3901 dominam
268 3859 363 3902 meam
392 3841 518 3903 stabam’
543 3851 573 3902 et
594 3843 672 3923 ‘post
695 3841 814 3902 domitto
837 3859 905 3902 meo
932 3839 1142 3904 ambulabam‘.
1189 3840 1258 3902 Sed
1287 3841 1383 3902 scire

160 4130 284 4179 imudus
353 4133 465 4181 2currit
482 4147 539 4180 nam
559 4130 619 4180 lacit
687 4129 781 4181 3iacit
849 4130 1033 4180 dterminatnr
1102 4132 1163 4180 let
1187 4129 1298 4178 luiturum
1368 4132 1384 4180 9

96 4199 115 4244 si
133 4212 181 4246 uon
201 4198 323 4248 inuitatus
393 4203 424 4250 15
442 4198 555 4265 prolerre
612 4201 646 4250 20
665 4209 692 4248 ut
709 4199 829 4264 superius
847 4195 973 4262 diximus]
993 4199 1215 4263 ofiartipraplban
1226 4195 1384 4248 Bemeaaem

94 4265 195 4326 filib.-
230 4265 267 4315 Da
291 4269 424 4330 utriusque
445 4283 521 4318 casus
545 4268 761 4332 praepositiones.
797 4267 825 4315 lu
847 4268 895 4316 sub
924 4281 1003 4331 super
1025 4267 1123 4317 subter.
1159 4267 1244 4328 Quare
1267 4267 1385 4315 dicuntur

97 4333 221 4394 aridusque
237 4337 332 4384 casus?
369 4336 432 4394 Quia
452 4347 476 4384 et
492 4336 639 4385 occursatiuo
657 4336 728 4383 casui
748 4336 863 4383 seruiunt
880 4345 904 4382 et
922 4335 1043 4383 ablatiuo.
1080 4332 1186 4392 Quando
1210 4334 1325 4385 seruiunt
1342 4349 1384 4384 ac-

97 4403 207 4450 cusatiuo
231 4404 321 4452 casiri?
358 4405 469 4466 Quando
496 4407 595 4452 motum
621 4403 768 4468 significant
794 4401 844 4463 (·at
862 4397 938 4467 cod).
976 4401 1082 4460 Quando
1110 4401 1239 4451 ablatiuc?
1276 4400 1383 4460 Quando

98 4469 176 4520 situm.
212 4470 294 4521 Motus
318 4473 379 4534 quid
404 4471 575 4537 intellegitur?
612 4469 733 4536 Corporis
756 4470 894 4520 mobilitas.
930 4469 961 4519 m
983 4470 1065 4520 situs?
1102 4469 1183 4518 Statio
1203 4469 1242 4519 uel
1261 4470 1383 4520 sedulitas

98 4547 148 4594 otc,
165 4538 200 4600 ef.
217 4538 313 4590 Iuliani
328 4558 355 4605 p.
376 4543 424 4588 107
441 4542 481 4590 ed.
503 4541 571 4589 Bona.
642 4541 674 4590 22
693 4535 839 4606 separatae]
860 4539 961 4601 Domp.
974 4540 1076 4602 391,11
1146 4539 1179 4588 23
1196 4539 1384 4602 pronuntianda

100 4603 289 4680 ¹Coniunctus]
310 4608 377 4658 Don.
396 4625 421 4671 p.
441 4609 500 4670 391,
521 4611 560 4658 11.
581 4610 613 4656 12
681 4608 714 4657 ut
733 4616 760 4655 ut
776 4607 894 4684 loquiellis
913 4607 979 4655 uiam
1000 4621 1072 4685 suurn
1091 4621 1153 4670 sepe
1171 4617 1284 4655 comumt
1350 4609 1384 4658 25

100 4675 247 4790 librali
263 4673 409 4808 Titiis?
422 4675 590 4796 bittit·
611 4675 936 4805 ³tt’lt.¹.⁸..l;...tt⁸a
959 4675 1083 4805 obli?
1083 4671 1143 4804 tt?
1156 4675 1227 4792 1¹2⁰?
1238 4676 1294 4792 'il
1297 4675 1384 4807 iti?

102 4807 159 4858 don.
178 4827 203 4874 p.
223 4813 280 4875 3⁹1,
300 4814 333 4862 15
400 4813 621 4863 3Qaatecircum
675 4806 821 4876 adiunctus]
841 4811 876 4872 rs.
894 4809 959 4864 Bon.
978 4826 1004 4874 p.
1025 4813 1090 4874 391,
1110 4813 1142 4860 16
1160 4818 1211 4860 not.
1281 4813 1311 4862 31
1333 4811 1382 4860 Sed

102 4874 171 4941 scira]
191 4879 252 4930 Don.
269 4896 296 4944 p.
317 4883 377 4943 391,
398 4880 429 4930 Id
