3390 5444
645 353 849 405 exoneras,
1341 353 1401 418 193

106 551 189 614 runt,
223 541 302 602 uode
330 539 469 602 dicebant
496 540 562 601 ‘iric
590 543 654 602 uir'
685 552 715 603 et
743 541 835 604 ‘haec
858 539 985 603 mulier'
1010 551 1039 602 et
1062 542 1137 604 ‘hoc
1159 541 1251 622 lapis’
1275 551 1304 603 et
1327 543 1401 602 ‘hoc

105 642 205 705 arbor’
231 652 260 704 ct
282 643 350 703 ‘hoc
373 646 453 704 cora'
476 650 506 702 et
528 642 597 703 ‘hoc
619 645 716 723 panis'
734 649 763 703 et
777 643 846 704 ‘hoc
868 643 986 704 domus’
1004 652 1033 704 et
1047 643 1117 704 ‘hoc
1133 645 1261 706 manus'.
1295 643 1401 705 Moneo

105 748 205 825 itaque
227 753 272 814 te,
302 745 393 806 irater
416 745 584 815 carissime,
615 754 647 805 ut
669 747 807 826 quamuis
828 764 888 806 non
911 744 966 806 hac
987 763 1067 807 nunc
1089 746 1305 807 consuetudine
1328 747 1401 806 scri-

104 846 194 908 bentii
216 848 341 916 utimur,
371 853 468 907 omen
498 847 565 925 quia
589 845 647 908 hoc
669 846 747 926 apud
771 853 889 907 ueteres
911 864 966 926 pro
988 857 1070 909 recto
1094 847 1274 918 habebatur,
1304 846 1400 927 siquid
1433 837 1448 844 ”’

79 949 183 1009 siorte
205 947 374 1010 huiusmodi
396 949 537 1026 scriptum
561 949 726 1027 repereris,
750 946 819 1008 licat
842 965 902 1008 non
924 947 959 1008 ad
976 947 1171 1010 indubitatam
1193 951 1401 1010 auctoritatem

104 1049 295 1112 referendum
317 1058 419 1129 putes,
449 1057 547 1110 tamon
571 1050 637 1128 quia
662 1068 677 1110 a
700 1047 853 1111 ueteribus
882 1057 1059 1131 usurpatum
1088 1059 1147 1120 est,
1180 1050 1401 1131 reprehendere

104 1171 165 1213 non
188 1150 279 1212 debes
301 1152 432 1212 omniuo.

182 1251 230 1336 ]i.
249 1251 304 1316 15·
320 1250 332 1334 ΙΙ
362 1254 439 1314 Dicit
460 1252 660 1331 Virgilius:
695 1252 837 1324 Nomina,
861 1271 939 1332 quac
962 1255 1113 1333 conposita
1137 1261 1207 1314 sunt
1228 1273 1265 1315 cx
1287 1253 1403 1315 duabus

103 1355 239 1436 partibus
261 1357 426 1436 corruptis,
460 1374 519 1417 non
543 1333 737 1416 reuertuntur
759 1353 795 1415 ad
818 1356 1036 1434 integritatem,
1066 1362 1098 1415 ut
1119 1357 1183 1434 ipse
1206 1355 1291 1416 dicit:
1330 1355 1402 1417 Cor-

68 1473 92 1512 1⁰
104 1458 201 1538 ruptis
227 1465 326 1518 autem
348 1457 443 1518 modis
465 1458 623 1535 integritas
645 1474 704 1516 nou
733 1466 778 1517 est
805 1455 989 1534 quaerenda,
1019 1457 1096 1516 sicut
1123 1473 1179 1517 nec
1203 1458 1328 1536 integris
1351 1457 1402 1518 de·

105 1558 228 1628 menda,
257 1561 309 1638 qui
332 1561 411 1620 enim
434 1559 568 1637 corrupti
590 1557 738 1628 dicuntur,
768 1576 828 1620 uon
850 1559 929 1640 quod
951 1559 1060 1638 integri
1088 1566 1156 1620 aute
1183 1559 1320 1630 luerunt,
1349 1560 1403 1620 sed

103 1662 173 1741 quia
197 1659 251 1722 soli
273 1659 377 1722 Latine
401 1660 459 1722 dici
479 1666 640 1739 nequeunt.

188 1763 266 1824 ibid.
312 1761 392 1834 Quot
419 1771 489 1823 sunt
515 1762 619 1823 casusi
656 1762 724 1824 Sex.
764 1760 862 1832 Quare
890 1769 958 1823 sunt
987 1763 1057 1822 sexi
1100 1761 1178 1822 Dicit
1200 1763 1402 1842 Virgilius:

104 1865 198 1928 Casus
230 1865 385 1925 nominum
420 1872 489 1926 sunt
521 1881 583 1924 sex.
629 1861 747 1934 Quare?
791 1863 865 1935 Quia
898 1882 950 1924 sex
982 1864 1098 1942 negotia
1129 1862 1267 1926 homines
1295 1875 1402 1943 agunt:

69 1981 91 2021 n
104 1968 259 2028 nominant
280 1975 425 2044 generant
446 1965 518 2026 dant
539 1972 631 2042 agunt
652 1963 700 2025 uel
723 1975 863 2025 accusant
885 1973 995 2028 uocant
1016 1965 1166 2026 auserunt.

182 2065 231 2152 111.
248 2064 335 2150 15¹³]
366 2066 424 2129 Sed
455 2064 526 2127 dicit
547 2065 747 2143 Virgilius:
786 2065 911 2137 Quando
934 2065 1000 2127 dico
1025 2065 1137 2127 ‘doceo
1160 2065 1330 2128 hominem'
1353 2069 1402 2130 uel

102 2170 191 2232 ‘amo
213 2170 394 2239 hominem',
425 2186 484 2230 non
508 2175 552 2229 est
574 2169 738 2237 accusatio,
769 2167 821 2228 sed
849 2167 1040 2248 glorificatio,
1071 2177 1101 2229 ct
1123 2167 1201 2247 quod
1225 2169 1327 2230 uerius
1349 2178 1402 2240 est,

103 2273 135 2332 m
157 2269 285 2332 uerbum
310 2273 462 2338 ‘accuso',
492 2267 570 2329 idest
591 2285 660 2347 ago,
690 2277 861 2331 accusatum
883 2272 928 2330 ire
950 2271 1021 2332 lacit
1043 2270 1190 2330 inlinitiuo
1213 2271 1327 2345 iuturo,
1353 2290 1403 2332 ex-

103 2372 189 2453 pulsa
210 2375 255 2433 ire
278 2381 309 2433 et
331 2390 475 2434 conuersa
499 2377 560 2431 tum
583 2372 614 2430 iu
636 2372 731 2440 tiuus,
761 2373 805 2432 sic
828 2373 860 2432 ut
882 2373 1069 2433 accusatiuus
1096 2372 1174 2432 idest
1196 2372 1321 2433 actiuus.
1366 2373 1404 2433 Vt

66 2491 90 2530 eo
103 2474 290 2555 Virgilius
313 2475 399 2536 dicit:
422 2473 465 2534 ue
487 2473 658 2533 accusatiuo
681 2489 751 2532 casu
773 2475 936 2550 quaeritur,
959 2472 1029 2553 quid
1046 2474 1092 2532 sit.
1130 2472 1270 2551 Plerique
1285 2482 1402 2534 nostro-

102 2596 170 2638 rum
195 2576 253 2638 hoc
275 2575 403 2637 uerbum
425 2577 601 2655 frequenter
623 2571 837 2643 adhibuerunt,
861 2574 937 2636 idest
958 2573 1128 2636 accusandi.
1166 2576 1298 2636 Cicero
1322 2577 1400 2636 enim

101 2680 145 2738 sic
174 2676 262 2739 dicit:
298 2683 472 2739 accusate
501 2675 594 2756 quod
623 2681 767 2736 rectum
797 2683 866 2745 cst,
897 2675 954 2737 hoo
976 2685 1021 2738 est
1043 2675 1156 2752 ‘agitet
1201 2677 1402 2740 Terentius

102 2799 238 2860 quoquc:
268 2796 385 2860 quare
409 2795 479 2839 non
508 2779 698 2839 accusatis
725 2777 1026 2856 paenitudinem,
1050 2777 1107 2838 hoc
1131 2786 1176 2838 est
1197 2777 1268 2837 ‘nou
1292 2781 1400 2857 agitis’.

101 2881 296 2944 Giluidius
319 2881 406 2941 otiam
423 2878 460 2939 do
474 2877 631 2941 Ambrosio
646 2879 755 2956 inquit:
779 2877 906 2940 Omnia
929 2878 1037 2940 laude
1058 2878 1259 2941 accusabat
1280 2879 1400 2960 digna,

65 3001 88 3039 ao
101 3003 158 3065 pro
183 2981 325 3062 ‘agebat'.
370 2980 454 3041 Vnde
484 2979 681 3058 intellegitur,
708 2979 789 3060 quod
812 2983 1005 3042 accusatione
1019 2998 1105 3042 casus
1128 2980 1165 3042 ab
1188 2982 1245 3042 hoc
1266 2989 1401 3053 uocatur,

101 3085 172 3164 quia
204 3082 297 3145 uerbo
328 3083 431 3144 haeret
460 3082 565 3142 actiuo.
616 3081 654 3142 Et
681 3089 714 3141 ut
742 3082 845 3143 uerius
875 3083 984 3152 dicam,
1021 3085 1085 3162 ipse
1114 3085 1301 3146 accusatiuus
1330 3086 1401 3146 acti-

101 3207 157 3249 uus
191 3189 256 3248 crit.

189 3287 241 3372 111.
259 3283 317 3349 16ὴ
335 3283 346 3367 l]
384 3285 458 3345 uicit
478 3281 681 3363 Virgilius:
721 3285 801 3346 luter
827 3305 992 3366 pronomen
1022 3294 1120 3348 autem
1151 3297 1179 3346 et
1207 3306 1316 3349 nomeu
1345 3287 1402 3350 hoc

100 3395 243 3460 interest,
272 3387 350 3468 quod
379 3403 545 3467 pronomen
573 3387 786 3464 conparatione
808 3405 913 3449 carens
934 3407 1093 3469 personam
1124 3387 1245 3461 habeat,
1275 3399 1306 3451 ut
1328 3392 1402 3469 ‘ogo

62 3511 87 3550 :to
98 3503 130 3554 tu
154 3491 230 3562 ille',
261 3507 368 3552 nomen
392 3497 490 3549 autem
513 3506 643 3565 persona
671 3487 785 3550 abiecta
815 3491 1055 3570 conparationem
1079 3491 1217 3569 recipiat,
1241 3499 1274 3550 ut
1296 3493 1403 3551 ‘carus

99 3597 202 3657 carior
224 3591 420 3656 carissimus'.

169 3871 183 3918 1
205 3865 265 3916 iude
282 3864 369 3916 Maius
437 3872 462 3910 et
479 3860 529 3910 hoc
546 3860 622 3910 arbor
639 3870 665 3910 et
682 3862 731 3912 lroo
748 3878 806 3912 cere
823 3877 848 3914 et
865 3865 913 3914 lroc
931 3865 1005 3930 panis
1025 3866 1116 3915 decant
1132 3865 1205 3929 opud
1221 3865 1317 3915 Maium
1386 3867 1402 3914 2

98 3937 200 3994 monio,
218 3949 288 3986 corr.
306 3945 398 3982 moneo
416 3947 447 3979 m.
466 3929 501 3978 11
570 3926 647 3978 abac
703 3929 781 3997 nunc]
801 3946 853 3982 non
921 3933 1078 3983 dhobectur
1096 3932 1182 3982 Maius
1238 3931 1314 3994 sedq3
1338 3932 1402 3982 loric

98 4009 114 4054 fi
133 4005 197 4066 quia
214 4002 344 4052 uictoribus
431 4000 447 4048 ‘l
466 3997 570 4046 omnino
589 4010 640 4046 nou
659 3999 735 4049 debes
755 3999 842 4050 Maius
920 4003 937 4051 8
957 3997 1091 4066 Virgilius]
1112 4000 1192 4050 Deest
1209 4001 1280 4065 opud
1297 4001 1401 4050 Motum.

98 4072 253 4138 lipartibus
270 4085 351 4134 cupro
368 4070 412 4118 lin.
431 4081 462 4115 m.
481 4064 516 4115 11
586 4067 618 4114 10
635 4067 764 4126 querenda
821 4069 953 4128 dimenda,
973 4085 1042 4122 corr.
1061 4068 1130 4118 dem·
1148 4085 1179 4118 m.
1196 4067 1233 4116 ΙΙ
1300 4071 1401 4117 iinon

98 4155 124 4202 q;
142 4139 292 4204 integritate
309 4147 368 4186 ante
437 4135 469 4182 12
488 4132 613 4194 nequiunr
665 4137 696 4184 13
715 4137 784 4197 quod
837 4135 973 4202 Virgilius]
991 4140 1083 4202 p.135
1101 4136 1166 4192 Mai.
1219 4138 1251 4185 14
1269 4137 1401 4185 nominum

98 4225 147 4258 om.
167 4207 256 4257 Maius
306 4203 420 4254 hominis
472 4201 589 4249 homiues
608 4201 702 4251 liabent
719 4205 806 4254 Maior
858 4207 890 4255 15
909 4205 949 4254 uel
967 4214 1104 4254 accusscnt
1121 4202 1334 4269 (amireorum),
1353 4219 1401 4254 om.

98 4276 188 4326 Maius
240 4273 357 4324 sitierant
434 4270 466 4319 16
479 4266 619 4333 Virgilius]
639 4270 698 4319 Nou
716 4278 790 4322 extat
806 4275 878 4336 apud
893 4273 1002 4336 Maisan,
1021 4273 1069 4323 red
1079 4273 1113 4336 cf.
1127 4288 1172 4321 ors
1184 4271 1402 4337 ononpmchrn.

96 4360 123 4408 p.
136 4345 182 4406 88,
197 4344 295 4408 toaeq.
314 4348 340 4391 et
358 4339 424 4390 Mota·
441 4337 520 4387 editio
538 4352 565 4399 p.
585 4338 643 4386 136.
748 4341 781 4390 20
799 4339 937 4405 Virgilius]
955 4358 983 4405 p.
1003 4343 1055 4390 135
1068 4340 1139 4399 Mac·
1161 4341 1196 4402 rs.
1216 4355 1261 4389 oro
1278 4355 1403 4404 anonymo

97 4411 180 4463 Ber-n.
198 4427 226 4475 p.
243 4413 286 4474 87,
300 4411 400 4472 30seq.
469 4413 596 4466 quaeruut
613 4404 699 4454 Maius
768 4409 799 4456 21
819 4405 1001 4476 adhibuerunt]
1021 4408 1173 4465 tribuerunt,
1193 4410 1262 4473 quod
1277 4423 1325 4458 om.
1344 4410 1401 4457 cod.

99 4481 179 4558 Mq'r',
200 4477 361 4545 quomobrem
377 4477 419 4525 ille
437 4472 626 4536 ‘frequentant'
644 4475 775 4538 legendum
792 4477 907 4531 coniecit.
985 4477 1018 4524 22
1037 4475 1103 4525 idest
1120 4476 1195 4540 agite.
1232 4475 1402 4524 Acerrsntiuus

97 4563 176 4597 casus
195 4547 228 4596 ab
246 4545 295 4594 hoc
314 4551 418 4594 uocatur
436 4539 526 4591 Maior
543 4541 637 4589 aeterra
654 4545 767 4600 omissi&
785 4547 904 4594 contrella
921 4561 958 4595 erc
974 4545 1038 4607 illis,
1056 4559 1123 4609 qrroe
1134 4559 1215 4607 supra
1229 4545 1318 4606 posito
1334 4551 1401 4607 mant,

98 4617 190 4665 tondat
210 4613 379 4676 Goinsrcdm,
398 4624 469 4675 quem
485 4615 562 4657 uocat
579 4607 679 4672 Maior,
701 4613 878 4675 prommotieuo
893 4630 923 4677 p.
941 4615 974 4663 18
992 4618 1045 4661 aot.
1064 4612 1132 4672 Mol,
1161 4611 1195 4674 cs.
1215 4627 1260 4661 arr
1277 4626 1402 4674 anonymo

98 4682 286 4746 Beruenriop.
306 4683 349 4742 87,
370 4681 474 4729 arnor.
544 4677 678 4726 terrentius
752 4681 786 4730 23
804 4681 978 4745 penitudinem
989 4675 1003 4747 ΙΙ
1014 4681 1179 4745 penitentiam
1198 4694 1243 4728 ars
1261 4679 1403 4728 Bcrraearir

98 4759 124 4801 et
144 4751 304 4812 Guinfredns
387 4747 421 4796 24
439 4743 528 4806 inquld
606 4745 639 4792 26
657 4757 682 4794 ot
701 4748 786 4796 iterius
804 4748 886 4796 diram
906 4749 992 4798 Maius
1061 4747 1222 4797 accersatiuus
1241 4747 1298 4811 ipsc
1316 4747 1403 4796 Maius

98 4819 131 4868 28
152 4814 293 4884 Virgilius]
316 4817 372 4865 Non
389 4819 463 4864 eaetut
481 4813 553 4875 repud
571 4813 673 4877 Maium,
692 4817 726 4877 cf.
745 4833 791 4865 aru
808 4833 932 4882 orroaprnu
952 4816 1069 4880 Beros.
1091 4813 1159 4865 113]
1177 4833 1202 4878 p.
1227 4819 1286 4878 131,
1300 4817 1403 4864 25--29

122 4919 223 4961 (luxu.
235 4927 289 4959 ur.
302 4917 384 4972 suurn¹
1168 4902 1199 4949 13
