3400 5450
302 221 362 286 102
816 218 883 271 Ans
902 217 1078 270 ιιιοιιιιιιι

295 413 478 474 nominatiuo
502 410 618 478 dicitur,
641 408 726 470 iridis
748 408 819 469 iacit
841 409 990 486 genetiuo.
1034 405 1107 467 lndc
1128 407 1394 485 grammaticus
1415 403 1500 465 dicit:
1523 405 1596 465 iris
1688 457 1689 462 ,

295 517 390 576 enim
415 521 450 574 et
471 511 586 574 iridis
609 509 755 590 duplici
778 510 957 590 genetiuo
980 507 1210 570 efferuntur.
1254 507 1287 568 ln
1310 526 1348 568 ur
1370 525 1461 568 unum
1485 525 1596 568 nomen

295 615 490 679 masculinum
513 614 665 674 inuenitur
687 613 718 672 in
741 611 869 673 secunda
893 609 1104 680 declinatione,
1128 616 1160 671 ul
1182 609 1231 670 hic
1252 617 1343 679 satur,
1372 609 1457 669 cuius
1478 608 1595 670 lemini-

296 737 365 779 num
396 719 425 777 in
454 736 469 778 a
499 716 610 777 desinit
638 723 668 774 et
695 715 807 794 primae
836 720 880 774 est
907 710 1122 773 declinationis,
1171 713 1243 772 Alia
1270 729 1345 772 aero
1367 713 1466 770 omnin
1488 713 1596 771 tertiae

296 821 507 882 declinationis
529 824 611 888 sunt,
635 826 668 878 ut
689 816 737 877 bic
760 816 808 876 lur
830 816 904 876 luris
927 821 957 875 et
978 813 1036 874 hoc
1057 813 1182 895 sulphur
1204 812 1291 873 huius
1313 811 1475 893 sulphuris.
1512 812 1546 874 ln
1564 833 1619 880 uss

278 923 326 982 *in
349 920 479 982 secunda
508 920 705 982 declinatione
733 917 895 979 masculina
925 917 1066 976 feminina
1096 923 1200 976 neutra
1230 915 1397 978 communia
1427 916 1596 993 promiscua

295 1024 488 1085 inueniuntur
512 1023 645 1083 nomina:
676 1018 854 1090 masculina,
884 1024 916 1079 ut
937 1017 985 1078 hic
1014 1017 1119 1079 doctus
1148 1016 1235 1079 huius
1262 1017 1354 1084 docti;
1385 1016 1544 1088 feminina,
1566 1025 1597 1079 ut

296 1126 370 1187 haec
400 1128 564 1205 Aegyptus:
601 1124 721 1194 neutri,
756 1129 788 1182 ut
816 1121 873 1182 hoc
900 1121 1036 1200 pelagum
1067 1115 1234 1181 communia
1264 1121 1353 1181 trium
1377 1137 1538 1198 generum,
1567 1127 1597 1180 ut

297 1227 345 1288 nic
374 1236 403 1288 ct
430 1226 503 1288 haec
533 1234 562 1287 et
590 1226 647 1286 hoc
669 1242 785 1305 specus.
831 1221 904 1283 lnde
932 1222 1157 1283 Priscianus
1187 1221 1274 1283 dicit:
1313 1238 1392 1282 nam
1421 1239 1536 1302 pecus
1564 1231 1597 1281 et

297 1347 433 1409 specus
455 1336 526 1389 tam
548 1325 747 1388 masculini
770 1331 806 1386 et
827 1325 999 1386 seminini
1022 1329 1058 1384 et
1080 1325 1205 1384 neutri
1226 1325 1378 1403 generis
1398 1325 1631 1391 inueniunt]

299 1438 366 1491 tur.
413 1431 448 1490 lit
475 1427 624 1490 secundae
644 1437 682 1488 'et
710 1429 815 1490 tertiae
844 1424 1064 1496 declinationis,
1094 1433 1126 1486 ut
1148 1425 1197 1486 hic
1218 1431 1248 1512 et
1269 1425 1344 1485 haec
1370 1443 1481 1504 penus,
1511 1425 1600 1487 huius

298 1533 377 1612 peni.
415 1532 513 1593 Penus
536 1539 633 1592 autem
656 1529 776 1611 quando
791 1528 938 1591 secundae
955 1525 966 1610 ΙΙ
983 1526 1003 1589 l.
1019 1523 1077 1588 99·
1093 1523 1104 1609 ss
1121 1525 1328 1589 declinationis
1351 1535 1408 1596 est,
1433 1527 1600 1589 communis

299 1635 427 1697 duorum
450 1651 594 1712 generum
617 1640 676 1702 est;
707 1631 825 1709 quando
848 1647 958 1692 nomen
980 1631 1077 1709 gentis
1100 1637 1145 1690 est
1331 1646 1399 1689 nam
1421 1628 1543 1689 Poenus
1564 1626 1599 1687 de

298 1736 459 1798 Phoenicia
482 1735 605 1804 dicitur;
629 1733 699 1795 hinc
722 1732 908 1812 Virgilius
931 1731 1018 1792 dicit:

202 1821 208 1828 ⁵
450 1836 530 1898 Non
553 1844 623 1897 tam
645 1835 738 1897 adeo
759 1843 948 1915 gestamus
971 1839 1130 1912 optunsa
1154 1841 1305 1912 pectora
1328 1833 1449 1894 Poeni.
1613 1868 1634 1908 n

299 1941 336 2002 Et
348 1939 404 2000 hoc
419 1957 514 2019 penus
529 1939 618 1999 huius
633 1939 755 2018 penoris
767 1945 797 1997 ct
811 1937 868 1997 hoc
883 1954 996 2016 penum
1011 1933 1099 1995 huius
1114 1937 1184 2015 peni
1199 1941 1229 1995 ct
1244 1934 1301 1994 hoc
1311 1953 1392 2014 penu
1406 1933 1601 2012 naiaspenm

300 2039 437 2103 similiter
452 2040 501 2100 hic
517 2048 546 2100 et
562 2039 636 2101 haec
651 2057 757 2119 specus
773 2038 862 2100 huius
877 2039 973 2116 speci,
997 2045 1027 2096 et
1041 2037 1098 2098 hoc
1113 2054 1220 2115 specus
1235 2036 1324 2098 huius
1338 2037 1482 2115 specoris,
1501 2043 1532 2096 et
1545 2035 1602 2096 hoc

299 2161 421 2223 specum
445 2142 532 2202 liuius
554 2143 650 2222 speci,
682 2148 712 2202 ct
733 2139 789 2201 hoc
818 2158 910 2220 specu
937 2139 1026 2200 huius
1054 2157 1154 2218 specu.
1199 2139 1279 2200 Haec
1308 2138 1366 2200 duo
1396 2139 1518 2199 nomina
1541 2145 1602 2198 tres

300 2245 532 2323 significationes
555 2251 584 2302 et
605 2251 667 2304 tres
695 2242 908 2304 declinationes
937 2243 1098 2302 continent.
1141 2240 1214 2300 ltem
1238 2240 1275 2301 de
1297 2239 1343 2301 his
1365 2239 1482 2302 duobus
1505 2241 1602 2301 nomi-

302 2347 389 2407 nibus
416 2346 636 2407 Priscianus
664 2344 749 2406 dixit:
780 2361 886 2424 specus
909 2351 939 2404 ct
960 2361 1056 2424 penus
1084 2349 1143 2404 tam
1172 2341 1328 2404 masculini
1355 2361 1443 2422 quam
1466 2342 1636 2416 feminini„

303 2456 333 2511 ct
356 2451 453 2510 neutri
475 2449 594 2528 generis
617 2465 683 2508 esse
705 2455 843 2507 auctores
864 2445 1001 2524 probant.
1047 2443 1180 2505 Seruio
1208 2444 1306 2524 placet
1333 2443 1390 2504 hoc
1412 2462 1522 2523 specus
1545 2444 1604 2504 dici

300 2553 333 2611 in
356 2547 501 2630 singulari
523 2556 553 2610 et
575 2550 604 2609 in
627 2548 735 2628 plurali
758 2547 789 2608 hi
811 2566 928 2628 specus,
973 2547 1163 2608 Horatius:

357 2705 363 2721 ,
456 2649 532 2720 Ouo
554 2668 607 2711 me
629 2651 772 2712 Bacche
795 2651 897 2730 rapis
919 2650 976 2710 tui

455 2751 627 2814 Plenumi
651 2771 743 2832 quae
766 2768 918 2813 nemora
942 2758 977 2811 et
999 2768 1088 2831 quos
1110 2769 1198 2829 agor
1219 2752 1258 2811 in
1282 2751 1434 2829 specus?

303 2859 336 2917 Α,
353 2853 503 2916 Gellius
525 2855 670 2915 feminino
684 2871 795 2932 genere
811 2852 899 2914 dixit:
923 2850 1003 2913 sole
1025 2851 1148 2913 medio
1172 2861 1207 2913 et
1228 2852 1333 2913 arido
1357 2859 1392 2912 ct
1413 2850 1648 2931 flagranteff

303 2975 453 3037 specum
483 2954 663 3034 quandam
692 2964 852 3017 nanctus
879 2963 1056 3016 remotam
1087 2951 1331 3034 [inueniens]
1355 2951 1603 3015 latebrosam·

304 3077 388 3138 que,
412 3065 572 3137 penetro
596 3065 633 3118 et
654 3057 815 3120 recondo
838 3075 900 3117 me.
945 3055 1100 3117 Ennius:

457 3158 544 3220 Tum
566 3177 657 3222 caua
681 3159 746 3221 sub
769 3166 893 3221 monte
915 3157 990 3220 late
1012 3175 1147 3237 specus
1170 3158 1270 3219 intus
1292 3156 1452 3238 patebat.

304 3263 501 3324 Pacuuius:

458 3362 626 3425 Aduenio
648 3365 685 3426 in
708 3361 970 3444 scrupulosam
994 3379 1153 3443 specum.

304 3533 540 3546 -—-—-

373 3635 496 3686 lhiridis
548 3637 704 3702 gramaticus
757 3635 820 3684 hiris
889 3633 1015 3686 Phinidis
1033 3630 1161 3700 dupplici]
1181 3631 1348 3684 scribendam
1362 3633 1441 3696 sort:
1461 3634 1483 3683 ir
1495 3636 1566 3685 enim
1583 3647 1606 3684 et
1690 3617 1691 3620 Ἴ

304 3706 350 3754 iris
369 3703 463 3770 duplici
484 3719 509 3769 g.
530 3720 562 3766 e.,
582 3704 649 3754 idest
666 3705 711 3754 iris
730 3713 754 3754 et
772 3704 853 3753 iridis.
907 3704 934 3753 in
953 3699 994 3767 ur]
1013 3703 1048 3766 cs.
1067 3701 1196 3753 Ριὺοίιιιι.
1215 3702 1364 3752 denomino
1382 3709 1474 3767 ete.p.
1493 3705 1556 3766 444,
1569 3707 1604 3754 23

304 3771 390 3852 dulia
407 3787 469 3822 uero
489 3772 574 3821 omnis
594 3773 681 3822 tertiae
699 3771 876 3822 declinationis
895 3787 942 3824 om.
965 3770 1090 3835 Suppleai
1106 3785 1142 3822 ea
1158 3771 1290 3820 Prisciani
1306 3772 1350 3824 tt.
1396 3769 1541 3836 bsulpltor
1589 3772 1605 3820 6
1690 3795 1691 3844 p

304 3855 399 3941 seminia
451 3893 591 3957 Seggptus
626 3889 673 3940 hec
683 3889 792 3957 pelagus
839 3886 1604 3956 9Priscianu]efilp.25ti‚18:ethicspeousquodtam
1690 3897 1691 3956 ι

304 3959 473 4009 masculinum
494 3973 570 4024 quam
588 3969 706 4009 neutrum
718 3959 860 4014 inuenitur:
879 3958 939 4012 ibid.
949 3960 995 4009 23:
1013 3957 1136 4008 feminino
1145 3965 1229 4006 temen
1240 3955 1288 4006 hoc
1298 3970 1391 4006 nomen
1401 3972 1505 4020 quoque
1515 3973 1604 4024 genere
1690 4021 1691 4024 Ἴ

306 4028 443 4079 inuenitur.
474 4029 513 4077 Dc
532 4031 647 4092 ‘pecore’
666 4029 701 4092 cf.
714 4031 732 4080 i.
747 4030 762 4078 l.
774 4043 802 4092 p.
813 4029 901 4089 2⁷0,3
960 4027 991 4076 il
1010 4027 1101 4092 penius
1155 4026 1186 4074 13
1199 4039 1320 4090 generum
1333 4026 1436 4087 quando
1479 4025 1605 4091 penusde

306 4092 426 4161 phinitic]
445 4094 567 4146 Lacaenas
578 4097 616 4146 ita
628 4098 749 4160 expleas:
767 4109 814 4159 per
827 4110 857 4145 oe
870 4109 919 4144 non
933 4109 980 4160 per
997 4111 1011 4142 e
1028 4092 1192 4144 scribendum
1249 4093 1281 4142 14
1293 4090 1431 4158 Virgilius]
1451 4094 1520 4146 Aen.
1530 4095 1547 4144 1
1558 4097 1604 4144 567
1690 4127 1691 4158 3

306 4177 357 4212 non
376 4165 468 4213 obtuso
484 4163 549 4213 adeo
567 4173 699 4228 gestamus
717 4174 821 4230 pectora
838 4162 917 4212 Poeni
970 4164 1001 4213 lo
1020 4172 1131 4228 optonsa
1148 4169 1252 4226 pectoro
1270 4160 1349 4226 pheui
1401 4163 1433 4212 16
1450 4162 1573 4228 placueris

307 4231 419 4297 plrenum
456 4231 532 4297 pheni
568 4231 732 4298 phenuhuius
749 4247 818 4298 penu
831 4231 922 4282 addidi
989 4233 1021 4282 l‘l
1039 4231 1107 4294 spati
1159 4228 1398 4294 19signiflcntionis
1433 4230 1461 4278 ln
1473 4230 1604 4281 terdenis
1690 4253 1691 4268 ι

307 4303 340 4350 ⁴20
358 4297 518 4364 Priscianus]
538 4301 574 4362 cs.
593 4300 612 4349 I
627 4317 654 4365 p.
674 4303 735 4364 259,
749 4303 782 4351 18
798 4314 853 4366 aeq.
891 4299 923 4348 In
939 4298 1101 4416 sepaentiiaa
1118 4298 1283 4362 artigraphus
1301 4313 1352 4349 non
1369 4304 1420 4348 tana
1436 4295 1518 4349 uerba
1535 4313 1604 4365 quent
1690 4327 1691 4334 ι

989 4382 1012 4416 ιι

306 4369 447 4418 sententiae
464 4369 596 4418 Prisciani
613 4371 752 4434 expressit.
821 4370 854 4418 21
873 4367 954 4433 plecet
1029 4381 1122 4433 specus
1174 4367 1207 4416 22
1225 4364 1266 4415 hic
1283 4379 1377 4431 specus
1429 4366 1516 4417 hotius
1572 4368 1603 4415 23
1690 4411 1691 4414 ,

306 4435 385 4485 buche
454 4437 490 4486 tui
508 4437 604 4486 amoris
622 4437 724 4502 plenam
749 4433 838 4502 inque]
863 4437 1021 4501 Scriptorem
1043 4435 1171 4484 Priscian
1196 4435 1307 4485 codicem
1332 4438 1469 4498 placeatne:
1495 4434 1603 4486 manibus
1690 4439 1691 4496 ξ

306 4506 416 4555 tanaim
434 4505 569 4555 uerisimile
587 4512 634 4556 est.
703 4505 737 4555 io
754 4501 893 4571 eggelliue]
913 4505 947 4568 cf.
967 4503 1004 4554 M.
1018 4503 1123 4553 Hertzii
1139 4503 1329 4554 adnotationem
1346 4504 1383 4553 ad
1398 4503 1483 4558 Prisc.
1501 4508 1517 4557 l.
1536 4506 1552 4556 l.
1570 4503 1603 4550 23
1690 4501 1691 4566 ᾖ

341 4587 406 4638 gene
465 4588 467 4594 ¹
490 4574 523 4625 26
541 4573 675 4623 inueniens
691 4577 763 4623 aneu
780 4574 881 4634 inclusi,
903 4575 963 4638 qaia
979 4571 1095 4623 uocabula·
1112 4573 1240 4620 ‘mucan’
1250 4575 1337 4635 glocca
1355 4577 1403 4621 eet.
1474 4571 1604 4621 latebram·
1690 4581 1691 4624 ι

307 4656 356 4702 qne
391 4642 458 4756 127
476 4638 587 4707 Ennius]
607 4641 691 4692 Prisc.
710 4645 726 4693 l.
744 4645 761 4692 t.
778 4658 806 4706 p.
825 4643 923 4705 260,3
1009 4640 1041 4691 28
1059 4653 1124 4688 cauo
1177 4639 1241 4690 iuter
1327 4641 1360 4692 29
1379 4638 1504 4690 Pncubius
1573 4639 1603 4690 30
1690 4637 1691 4640 ’

308 4722 472 4779 crupucsam
