3400 5450
647 345 859 402 besuensis
1360 347 1402 412 75

34 543 94 610 prbe
122 555 176 621 pp
191 555 249 611 ,ns;
274 537 302 596 in
325 534 441 607 culum,
465 542 497 595 ut
519 551 572 596 oro
595 544 710 596 oratum
732 537 777 597 ire
797 535 964 606 oraculum,
988 537 1082 598 miror
1098 538 1236 598 miratum
1251 538 1296 598 ire
1312 537 1400 598 miras

29 640 116 703 tola
126 649 219 713 dida,
240 654 397 719 propugno
420 643 638 717 propugnatum
660 639 704 699 ire
727 636 998 717 propugnaculum
1029 639 1059 698 in
1083 644 1231 707 mentum,
1254 645 1287 699 ut
1308 637 1401 700 iundo

30 731 75 799 'lle
91 743 255 814 ultimatum
283 740 328 799 ire
353 738 592 810 laudamentum,
622 756 697 800 orno
720 746 855 801 ornatum
879 741 922 801 ire
944 747 1166 808 ornamentum,
1196 759 1281 802 sacro
1304 760 1401 804 saera·

22 832 166 927 '‘lt‘'tum
193 844 234 903 ire
261 848 496 911 sacramentum,
526 843 569 903 sic
598 847 781 902 momontum
809 840 979 902 alimentum
1007 844 1239 912 incrementum
1267 845 1298 904 in
1322 861 1399 914 men,

24 924 48 977 'l‘
84 937 138 1007 abt
163 945 229 1006 loro
255 943 384 1004 foratum
413 944 458 1004 ire
486 944 635 1014 toramen,
665 961 762 1022 purgo
784 951 941 1023 purgatum
964 945 1008 1004 ire
1032 961 1208 1023 purgamen,
1239 944 1278 1006 llo
1300 945 1400 1006 flatum

105 1050 147 1109 ire
176 1047 296 1117 damen,
326 1044 408 1123 liquo
435 1044 576 1125 liquatum
605 1046 650 1106 ire
678 1043 844 1123 liquamen,
874 1046 917 1104 sic
946 1053 1096 1107 certamen
1125 1062 1230 1124 agmen
1266 1047 1399 1125 fragmen

103 1164 227 1212 acumen
248 1146 379 1208 lenimen
402 1148 570 1218 munimen,
600 1147 660 1208 lluo
682 1147 794 1209 durum
817 1147 861 1207 ire
883 1147 1008 1216 tlumen;
1037 1148 1068 1206 in
1091 1148 1151 1217 sio,
1176 1155 1207 1210 ut
1228 1146 1317 1210 iubeo
1338 1150 1400 1210 ius·

101 1269 166 1312 sum
189 1255 235 1312 irc
256 1251 364 1318 iussio,
395 1266 498 1328 mergo
520 1266 651 1310 mersum
675 1251 720 1309 ire
742 1250 867 1319 mersio,
891 1247 976 1311 laedo
999 1247 1111 1310 laesum
1134 1251 1179 1310 ire
1201 1229 1292 1312 laesio
1314 1251 1400 1312 mitto

102 1353 224 1414 missum
251 1351 297 1411 ire
326 1351 443 1419 missio:
465 1352 502 1410 in
531 1352 586 1421 tio,
616 1369 666 1412 um
694 1348 803 1431 syllaba
827 1352 856 1411 in
881 1352 910 1411 io
933 1369 1095 1421 conuersa,
1123 1357 1156 1411 ut
1177 1349 1335 1432 probatum
1357 1354 1401 1415 ire

66 1451 252 1534 reprobatio,
275 1453 318 1514 sic
340 1453 490 1514 inuocatio
513 1450 642 1515 laudatio
664 1453 792 1514 eleuatio
815 1454 968 1533 usurpatio
991 1455 1066 1516 ratio
1089 1457 1207 1533 equatio
1231 1453 1403 1518 obseruatio

102 1555 193 1617 dictio
215 1556 311 1632 oratio
334 1553 423 1615 lectio
445 1552 572 1622 auditio:
596 1555 627 1616 in
649 1539 718 1626 tor,¹
731 1562 763 1616 ut
785 1552 864 1615 bello
887 1553 1027 1616 bellatum
1045 1557 1089 1617 ire
1105 1555 1239 1625 bellator,
1264 1563 1294 1617 et
1315 1557 1402 1620 lomi·

102 1659 208 1718 ninum
235 1658 267 1718 in
294 1657 367 1726 trix,
398 1662 430 1716 ut
457 1654 607 1724 bellatrix,
636 1674 731 1717 uenor
759 1664 900 1717 uenatum
927 1657 972 1718 ire
1001 1659 1153 1726 uenatrix,
1182 1656 1272 1719 luicio
1294 1658 1400 1721 ruitum

103 1761 147 1819 ire
175 1755 292 1828 lultrix,
321 1759 366 1819 sic
392 1759 489 1818 uictor
513 1759 636 1824 uictrix,
665 1759 774 1838 petitor
796 1757 930 1838 petitrix‚
959 1757 1077 1820 auditor
1099 1759 1243 1838 auditrix,
1272 1760 1402 1822 nutritor

104 1861 202 1922 nutrix
231 1862 328 1921 minus
357 1879 413 1921 una
443 1857 553 1938 syllaba
582 1868 707 1940 propter
733 1859 927 1941 euphoniam,
953 1861 1027 1956 item
1050 1859 1153 1922 doctor
1176 1861 1291 1923 doctrix
1314 1873 1343 1923 et
1365 1861 1401 1924 ab

71 1981 139 2024 meo
162 1961 312 2032 doctrina,
344 1970 447 2024 tonsor
469 1963 594 2024 tonstrix
618 1963 778 2032 tonstrina,
806 1967 903 2022 textor
926 1962 1032 2023 textrix
1056 1963 1199 2032 textrina3
1229 1965 1259 2024 in
1283 1981 1347 2035 sor,
1372 1971 1404 2024 ut

104 2063 190 2126 iubeo
212 2065 326 2126 iussum
349 2065 394 2126 ire
415 2066 522 2135 iussor,
546 2063 656 2125 suadeo
678 2081 797 2125 suasum
820 2065 864 2124 ire
886 2081 1001 2133 suasor,
1024 2062 1109 2124 rideo
1131 2066 1222 2126 risum
1245 2065 1290 2126 ire
1313 2066 1402 2135 risor,

106 2169 146 2230 sie
169 2183 295 2246 pransor
318 2183 425 2229 censor
448 2165 585 2228 deiensor
608 2164 706 2234 lusor;
734 2167 765 2226 in
788 2163 869 2235 bilis,
893 2171 926 2226 ut
948 2173 1078 2227 amatum
1099 2167 1143 2227 ire
1166 2165 1316 2238 amabilis,
1339 2166 1402 2229 lau·

107 2267 204 2329 datum
234 2269 279 2330 ire
308 2266 477 2338 laudabilis,
508 2274 615 2330 statum
645 2269 689 2329 ire
712 2266 838 2336 stabilis,
867 2277 979 2330 motum
1001 2269 1046 2328 ire
1068 2267 1203 2339 mobilis,
1233 2277 1336 2330 notum
1359 2271 1403 2330 ire

109 2369 229 2438 nobilis.
258 2370 392 2432 auditum
421 2373 467 2432 ire
493 2369 647 2439 audibilis,
675 2371 719 2430 sic
744 2367 871 2430 uisibilis
893 2368 1042 2448 passibilis
1064 2369 1228 2438 sensibilis:
1259 2371 1291 2430 in
1313 2373 1402 2440 tiuus,

75 2479 138 2533 rout
157 2479 290 2552 optatum
313 2474 357 2534 ire
380 2474 542 2553 optatiuus,
572 2473 735 2534 diriuotum
757 2473 802 2533 ire
820 2467 869 2554 111.
887 2467 977 2554 eosq
999 2470 1190 2541 diriuatiuus,
1220 2473 1402 2533 nominatum

109 2575 150 2635 ire
176 2575 391 2644 nominatiuus;
421 2577 450 2636 in
477 2576 565 2644 icius,
595 2581 626 2634 ut
648 2573 808 2636 aduentum
830 2573 875 2634 ire
898 2571 1082 2634 aduenticius
1104 2580 1335 2635 commentatum
1359 2575 1404 2636 ire

110 2677 368 2739 commentaticius.
406 2677 611 2757 Apertioipiis
633 2677 830 2737 inueniuntur
853 2674 1004 2738 deriuatae
1028 2676 1252 2738 terminationes
1273 2677 1304 2736 in
1327 2675 1400 2738 bun·

111 2777 175 2850 dus,
197 2779 228 2840 in
251 2797 322 2848 uus,
346 2779 378 2839 in
401 2779 458 2848 tio,
480 2779 511 2840 in
534 2797 565 2848 a;
591 2779 622 2839 iu
646 2776 779 2852 bundus,
802 2783 835 2838 ut
856 2777 958 2839 lunens
981 2776 1174 2847 furibundus,
1197 2776 1303 2839 ludens
1324 2775 1402 2839 ludi·

111 2878 235 2950 bundus,
266 2882 398 2941 moriens
425 2879 635 2952 moribundus,
665 2878 775 2940 saltans
803 2879 1011 2949 saltabundus,
1038 2885 1161 2941 cantans
1182 2877 1402 2949 cantabundus;

79 2983 138 3043 sin
169 2999 239 3053 uus,
276 2989 309 3044 ut
341 2985 511 3044 nominatus
544 2983 687 3042 nominati
718 2982 931 3052 nominatiuus,
966 2987 1088 3043 uocatus
1114 2983 1211 3043 uocati
1241 2983 1402 3052 uocatiuus,

111 3083 264 3146 meditatus
287 3083 419 3146 meditati
442 3083 639 3146 meditatibus.
677 3083 710 3144 ln
733 3086 783 3152 tio,
808 3091 841 3146 ut
863 3084 967 3145 doctus
989 3083 1068 3146 docti
1091 3082 1198 3153 doctio,
1222 3089 1404 3146 memoratus

111 3187 261 3248 memorati
289 3188 477 3257 memoratio,
507 3185 676 3248 consolatus
704 3185 847 3248 consolati
875 3185 1052 3256 consolatio;
1081 3189 1112 3247 in
1135 3202 1205 3257 ura,
1234 3194 1266 3246 ut
1289 3186 1403 3265 pictura

110 3289 253 3369 scriptura
277 3296 382 3352 natura
404 3295 539 3350 creatura
562 3305 697 3350 censura.
742 3289 779 3349 Et
802 3288 943 3350 uerbialia
966 3290 1086 3350 nomina
1107 3291 1138 3349 in
1162 3307 1216 3350 ura
1240 3287 1403 3350 desinentia

110 3391 229 3452 formam
254 3389 366 3453 babent
387 3392 609 3471 participiorum
631 3392 798 3453 aetiuorum
812 3392 905 3453 futuri
920 3393 1074 3469 temporis,
1097 3397 1129 3450 ut
1145 3388 1276 3452 lecturus
1290 3388 1404 3450 lectura

78 3491 262 3554 relecturum.
302 3491 450 3554 blemento
473 3498 569 3554 tannen
593 3493 816 3573 participiorum
833 3499 862 3554 et
876 3495 1032 3554 nominum
1055 3493 1186 3554 eiusdem
1204 3492 1295 3564 uocis,
1317 3491 1403 3570 quin·

110 3613 163 3675 que
184 3593 283 3656 modis
304 3594 441 3665 differre,
469 3596 684 3673 signiticatione
710 3596 921 3675 conparatione
943 3596 1088 3656 seruitute
1111 3593 1306 3655 declinatione
1329 3600 1403 3654 tem·

109 3715 192 3776 pore;
221 3697 454 3776 significatione:
484 3699 567 3778 quia,
597 3697 715 3776 quando
744 3705 940 3767 nomencst,
969 3702 1136 3757 creaturam
1159 3697 1223 3756 sinc
1244 3711 1403 3774 personam

110 3797 234 3861 bominis
267 3800 414 3878 significat
444 3797 539 3877 qualis
565 3802 619 3870 sit,
655 3807 687 3860 ut
713 3800 846 3878 sapiens:
882 3799 1001 3879 quando
1029 3815 1103 3860 uero
1133 3798 1337 3878 participium,
1372 3804 1406 3859 ut

110 3901 254 3981 Opilius
275 3901 421 3970 ostendit,
446 3900 554 3981 aliquid
579 3903 639 3980 agit
660 3907 712 3962 aut
739 3901 848 3981 patitur
877 3902 907 3961 in
935 3902 1086 3981 praesenti
1115 3898 1162 3960 uei
1190 3901 1221 3960 in
1244 3899 1405 3980 praeterito

76 4002 204 4065 cuelin
228 4004 346 4074 iuturo;
377 4005 603 4082 conparatione:
633 4002 750 4082 quando
774 4004 853 4065 enim
876 4004 996 4064 nomina
1018 4011 1101 4071 sunt,
1130 4006 1344 4082 conparantur,
1375 4007 1407 4063 ut

109 4105 210 4168 doctus
239 4106 356 4168 doctior
383 4104 586 4176 doctissimus,
622 4105 779 4186 partieipia
808 4123 881 4166 nero
909 4123 968 4166 non
997 4112 1209 4184 cooperantem
1244 4102 1405 4166 seruitute:

110 4207 225 4288 quando
253 4207 374 4270 nomina
395 4217 477 4278 sunt,
505 4209 644 4287 genetiuo
668 4207 818 4282 seruiunt,
848 4214 880 4269 ut
901 4224 1003 4269 amans
1025 4206 1118 4277 illius,
1148 4205 1205 4268 boc
1228 4212 1272 4266 est
1293 4210 1408 4266 amator

174 4427 357 4479 loreeculum
437 4429 598 4479 diucremen
616 4427 644 4479 td
709 4429 880 4494 bpurgatum
899 4441 1067 4493 repurgemen
1087 4425 1135 4476 ilus
1203 4425 1287 4476 blico
1304 4425 1407 4476 litatum

107 4497 142 4546 ire
159 4497 267 4547 licomen
339 4493 477 4563 certamen]
497 4512 571 4546 sacer
588 4506 670 4546 mmen
740 4493 845 4561 agmen]
865 4493 923 4545 erim
1013 4495 1145 4544 'liussum
1163 4495 1245 4544 iussio
1313 4493 1406 4544 stede

108 4572 153 4618 ete,
222 4565 354 4617 ilmisum
405 4566 481 4614 misio
534 4565 604 4615 inid
623 4579 748 4614 conuersa
801 4566 832 4614 11
851 4562 933 4614 inlceo
1003 4565 1034 4614 15
1051 4562 1147 4612 tontrix
1201 4564 1233 4613 16
1251 4563 1323 4612 iusor
1375 4564 1406 4612 i'l

108 4629 204 4700 censor]
224 4643 316 4684 tonsor
384 4635 417 4685 10
434 4633 572 4683 diriuatum
592 4633 628 4682 ire
645 4649 691 4689 cm.
760 4634 791 4681 11
811 4631 870 4681 itius
930 4631 1071 4681 aduenticia
1141 4631 1173 4680 11
1191 4630 1306 4680 deriuote
1374 4631 1407 4681 13

109 4701 200 4752 furiens
219 4700 367 4752 inrbnndns
426 4703 459 4750 16
478 4701 592 4752 meditati
610 4702 740 4751 meditatio
759 4701 786 4749 in
804 4700 849 4749 itio
901 4701 933 4750 17
952 4699 1102 4750 consulatus
1120 4697 1246 4748 consulati
1263 4698 1407 4748 consolatio

108 4770 140 4820 18
156 4769 196 4819 uel
215 4769 340 4819 uerbielin
424 4771 457 4820 19
475 4765 629 4836 octiuorum]
649 4769 829 4835 pessuieorum
899 4767 977 4818 lectos
1064 4769 1096 4818 33
1117 4766 1279 4832 perticipium
1303 4766 1407 4833 opillius

109 4837 216 4888 ostendit
234 4836 297 4900 qnid
317 4837 371 4902 agit
438 4837 472 4888 34
489 4839 513 4887 in
533 4838 669 4903 praeterito
739 4837 772 4888 eo
789 4835 939 4886 doctissima
1008 4837 1040 4886 37
1058 4849 1129 4884 amns
1148 4834 1216 4884 illins
