3394 5448
272 362 392 410 ccxxll
564 348 615 397 DE
633 345 784 398 IVLIANO
803 345 997 398 TOLETANO
1016 345 1257 430 GRAMMATICO

270 535 404 615 regulam
434 553 499 596 cum
529 535 761 614 praepositione:
790 533 917 594 ‘doctior
939 533 1123 595 Trasemirus
1151 551 1166 594 a
1191 533 1300 608 Petro',
1329 533 1452 594 ostendo
1478 534 1550 604 illud,

271 623 352 702 quod
375 620 560 682 Trasemirns
588 621 658 689 scit,
687 638 701 677 a
726 618 814 679 Petro
844 619 990 681 didicisse.
1036 620 1095 680 lam
1119 621 1143 680 si
1165 619 1267 679 dixero
1290 619 1452 680 secundum
1476 637 1553 696 regn-

269 707 328 768 lam
357 709 420 767 sine
447 705 681 785 praepositione:
715 704 842 764 ‘doctior
867 705 953 766 Petro
976 705 1185 772 Trasemirus’,
1214 705 1338 764 ostendo
1360 703 1552 765 Trasemirum

271 793 337 870 plus
369 793 445 851 scire
480 789 516 850 de
543 788 640 848 Petro.
693 789 759 867 lpse
793 791 1002 869 conparatiuus
1036 789 1146 867 gradus
1175 790 1281 866 quibus
1309 789 1428 850 casibus
1453 791 1554 850 seruit?

272 877 388 938 Tribus.
427 875 558 948 Quibus?
595 874 684 935 Sexto
707 876 831 953 septimo
848 881 876 934 et
891 875 1073 936 nominatius
1092 876 1261 953 interposita
1278 878 1402 952 ‘quam'.
1440 874 1578 944 Quando⁵

270 963 363 1022 seruit
390 962 491 1022 sexto?
535 959 659 1030 Quando
688 958 790 1019 dixero
819 977 884 1020 cum
913 961 1146 1038 praepositione:
1175 959 1302 1020 ‘doctior
1327 958 1511 1021 Trasemirus
1537 979 1555 1019 o

272 1047 384 1107 Petro.'
429 1044 553 1117 Quando
581 1045 724 1122 septimo?
769 1044 892 1116 Quando
921 1045 1023 1106 dixero
1051 1045 1212 1106 secundum
1237 1043 1368 1124 reguiam
1392 1046 1457 1106 sine
1478 1063 1554 1123 prae·

272 1133 431 1212 positione:
456 1131 585 1192 ‘doctior
607 1130 794 1190 Trasemirus
816 1129 928 1190 Petro’

357 1301 399 1363 Da
423 1299 592 1379 exemplum
614 1301 787 1378 congregati
809 1301 920 1379 populi.

446 1385 511 1446 llic
534 1384 690 1464 populus
713 1384 898 1446 dominum
920 1385 1011 1446 dura
1034 1387 1186 1447 ceruice
1209 1388 1370 1464 negauit.
1572 1400 1593 1436 10

275 1473 362 1534 ltern:
386 1471 492 1532 ‘audi
515 1469 650 1550 popule
673 1477 796 1530 meus!
841 1473 889 1530 Da
910 1475 1079 1549 exemplum
1101 1473 1228 1532 arboris.

444 1555 610 1633 Populus
631 1557 667 1615 in
690 1554 817 1625 siluis,
841 1556 942 1617 abies
963 1558 998 1616 in
1023 1556 1214 1619 montibus
1237 1557 1334 1617 altis.

273 1643 359 1704 item:
389 1640 546 1702 ‘Subter
574 1639 748 1721 populum
777 1649 812 1702 et
842 1641 1085 1710 terebintum,
1115 1645 1197 1722 quia
1221 1641 1312 1702 bona
1336 1651 1416 1702 erat
1438 1640 1561 1702 umbra

273 1729 377 1789 eius’

358 1894 373 1980 ΙΙ
390 1898 411 1957 f.
428 1894 490 1957 22¹³
505 1893 519 1978 ΙΙ
534 1895 719 1957 Tantundem
741 1898 798 1973 ipsi
820 1915 870 1957 sex
894 1914 979 1958 casus
1002 1897 1148 1958 habentur
1170 1899 1200 1958 in
1224 1897 1360 1958 nomine?
1400 1896 1453 1956 Est
1475 1899 1561 1974 septi·
1578 1907 1597 1945 ¹⁵

275 2000 340 2044 mus
364 1989 390 2043 et
414 1990 545 2043 octauus.
590 1979 712 2051 Quando
735 1982 792 2040 erit
813 1983 973 2060 septimus?
1010 1982 1133 2054 Quando
1156 1982 1301 2043 ablatiuus
1323 1982 1480 2059 singularis
1502 1984 1564 2041 sine

273 2069 492 2149 praepositione
515 2066 673 2145 protertur,
696 2073 728 2126 ut
740 2073 824 2144 puta:
848 2067 991 2129 ‘doctiore
1008 2071 1150 2147 magistro
1165 2073 1258 2128 utor.'
1289 2067 1412 2139 Quando
1428 2067 1564 2126 octauus?

276 2154 400 2226 Quando
422 2171 477 2233 per
499 2153 698 2212 accusatiuum
721 2169 822 2213 casum
845 2151 965 2230 loquor,
987 2161 1125 2232 utputa:
1156 2153 1204 2214 ‘ad
1228 2152 1331 2214 cellam
1354 2151 1454 2213 uado?
1499 2151 1564 2213 ‘Ad'

278 2289 504 2298 ....-.-—-—.-.—-

343 2370 570 2406 eruremvnrmas.

274 2429 428 2505 positione?
456 2427 540 2500 Puta,
564 2427 586 2484 si
608 2428 693 2485 ‹lieam
720 2436 815 2485 contra
839 2429 959 2502 regulam
982 2447 1044 2486 cnm
1066 2431 1269 2505 praepositione
1293 2426 1418 2486 ‘doctior
1439 2429 1567 2502 Virgilius

275 2514 437 2583 aCaione',
460 2513 591 2580 ostendo,
623 2522 653 2569 ut
680 2513 753 2589 quod
776 2513 906 2588 Virgilius
936 2517 1003 2584 scit,
1033 2515 1171 2570 aCatone
1199 2514 1252 2571 boc
1280 2515 1432 2572 didicisset:
1462 2516 1567 2570 namsi

274 2601 365 2656 dixero
393 2599 540 2655 secundum
569 2597 689 2671 regulam
719 2601 778 2655 sine
806 2601 1010 2673 praepositione
1039 2598 1165 2657 ‘doctior
1193 2599 1258 2656 Cato
1282 2598 1424 2671 Virgilio’‚
1454 2599 1567 2656 ostendo

275 2689 402 2741 Catonem
426 2684 487 2757 plns
510 2685 580 2740 scire
603 2684 636 2740 de
659 2684 783 2757 Virgilio.
829 2683 877 2741 23.
906 2685 966 2758 lpse
989 2687 1192 2758 comparatiuus
1215 2685 1315 2756 gradus
1339 2685 1438 2758 quibus
1462 2683 1567 2756 casibus

273 2765 411 2826 deseruit?
447 2769 553 2825 Tribus.
592 2767 713 2835 Quibus?
742 2769 822 2825 Sexto
851 2771 967 2842 septimo
997 2779 1025 2827 et
1053 2771 1222 2826 nominatius
1250 2770 1411 2843 interposita
1442 2769 1591 2842 ‘quam'.t

274 2853 433 2922 Quomodo?
462 2854 496 2908 Vt
518 2863 600 2928 puta,
624 2857 646 2910 si
669 2855 755 2910 dicam
778 2871 837 2910 cum
862 2857 1078 2929 praepositione:
1102 2853 1220 2912 ‘doctior
1241 2855 1318 2910 Plato
1341 2855 1373 2910 ab
1397 2855 1567 2925 Aristotele,

180 2991 183 2996 .
275 2949 317 2997 est
340 2948 433 2996 sextus
456 2957 544 2995 casus.
583 2939 610 2994 Si
633 2939 693 2996 dico
716 2939 776 2996 sine
799 2939 1002 3013 praepositione
1018 2940 1152 2996 ‘doctiore
1168 2942 1300 3014 magistro
1316 2939 1402 3010 uior’‚
1426 2949 1469 2995 est
1485 2941 1568 3014 septi-

276 3043 336 3081 mus
357 3041 446 3081 casus.
483 3021 589 3080 ‘Stoico
612 3025 719 3081 doctior
740 3024 887 3096 esidorus,
910 3042 989 3099 quam
1006 3023 1152 3081 Antonins'
1170 3033 1235 3080 tunc
1249 3025 1370 3081 deseruit
1387 3027 1567 3094 nominatiuo,

275 3111 437 3183 interposita
460 3108 574 3183 ‘quam’.

360 3193 533 3251 illationes
558 3211 587 3265 p.
612 3197 664 3250 od:
701 3195 736 3250 lla
765 3197 971 3268 auctoritatem,
1000 3195 1046 3252 ubi
1075 3195 1182 3269 legatur
1209 3213 1258 3268 pro
1286 3195 1451 3252 bominibus.
1505 3194 1569 3251 ‘llic
1581 3205 1602 3242 1⁰

276 3280 395 3356 pupulus
418 3280 555 3336 bominum
579 3279 645 3335 dura
667 3280 773 3336 ceruice
796 3280 927 3352 negauit'.
959 3282 993 3336 lla
1015 3299 1065 3355 pro
1088 3280 1241 3338 arboribus.
1274 3279 1406 3354 ‘Populus
1428 3280 1456 3335 iu
1481 3280 1569 3352 siluis,

276 3365 351 3423 abies
373 3366 399 3421 in
424 3364 561 3421 montibus
585 3363 669 3421 altis’.

342 3449 380 3507 15
402 3449 535 3506 Iulianus
554 3467 584 3522 p.
602 3452 653 3506 69:
675 3450 872 3506 Tantummodo
895 3451 958 3506 sex?
982 3450 1029 3507 Est
1051 3451 1184 3524 septimus
1207 3459 1234 3507 et
1257 3460 1380 3508 octauus.
1410 3448 1570 3518 Quomodo?

277 3535 389 3604 Quando
412 3535 547 3591 ablaiiuns
569 3535 717 3608 singularis
740 3535 799 3590 sine
822 3537 1025 3609 praepositione
1048 3537 1203 3609 profertur,
1226 3545 1257 3591 nt
1279 3545 1345 3610 puta
1368 3535 1493 3592 ‘doctore
1516 3553 1570 3590 rua·

277 3623 365 3695 gistro
389 3619 483 3690 utor’‚
510 3629 552 3676 est
580 3621 714 3694 septimus
741 3637 836 3691 casus,
866 3621 973 3694 qnando
997 3638 1046 3694 per
1068 3623 1251 3678 accusatiuum
1274 3638 1366 3678 casum
1396 3618 1513 3694 loquor,
1542 3628 1570 3676 nt
1584 3629 1603 3667 15

278 3715 342 3780 puta
366 3705 410 3760 ‘od
433 3705 526 3761 cellam
550 3704 649 3769 uado';
686 3704 754 3760 ‘ad'
778 3706 946 3779 praepositio
970 3716 1027 3778 est,
1062 3705 1193 3762 ‘cellam'
1217 3707 1389 3762 aecusatiuus
1411 3722 1491 3762 casus
1515 3715 1569 3761 esi:

278 3792 386 3864 dempta
408 3792 613 3864 praepositione
636 3788 690 3844 ‘ad’
715 3807 796 3846 uerso
819 3793 975 3848 accusatiuo
998 3793 1025 3846 in
1048 3792 1168 3878 datiuum
1193 3792 1255 3849 lacit
1279 3790 1373 3848 ‘ceilae
1389 3789 1482 3856 uado’;
1508 3799 1571 3846 tunc

278 3884 321 3933 est
342 3883 457 3932 octauus
479 3893 568 3932 casus.

278 4109 388 4144 conrcrs
407 4107 565 4144 sennensis
583 4095 632 4144 207
651 4107 799 4146 rauracus.

346 4164 528 4213 dtrusemuus
548 4172 619 4227 petro
689 4163 812 4214 8dictior
898 4164 927 4212 11
947 4163 979 4212 da
998 4161 1143 4228 exemplum
1162 4163 1259 4212 arboris
1278 4179 1323 4214 om.
1396 4165 1425 4213 12
1445 4159 1570 4228 populns]

280 4231 391 4296 populus
408 4233 435 4280 in
454 4231 540 4280 llurriis
560 4239 606 4280 etc.
624 4231 810 4296 Verpiliuaeci.
829 4230 887 4281 VII
905 4233 937 4280 dd
1006 4233 1036 4282 17
1055 4230 1196 4296 praelector
1266 4232 1297 4282 18
1314 4231 1346 4281 ad
1364 4231 1468 4280 caeliam

282 4369 286 4374 .
303 4367 507 4374 ——..——.—...

280 4449 391 4488 rumam
410 4449 522 4486 comere
540 4449 695 4486 nesnsrrsrs
715 4435 763 4484 123
782 4448 929 4485 sneisane.

347 4503 499 4568 auirgiiins
518 4505 575 4553 iseit
651 4502 792 4553 leatbone
809 4503 867 4567 plus
936 4503 963 4551 in
982 4517 1009 4551 se
1026 4503 1207 4568 conparatibus
1276 4503 1403 4565 5qnibus
1421 4505 1571 4568 perticulam

280 4582 354 4621 sexto
373 4569 494 4638 septimo]
514 4573 568 4622 Pro
586 4573 758 4636 ‘particulam’
772 4574 842 4636 lepos
854 4574 1003 4635 ‘particula'
1015 4572 1092 4636 idque
1104 4577 1161 4636 post
1174 4573 1339 4636 ‘interposita
1350 4575 1434 4638 quean’
1452 4575 1571 4624 colloces.

281 4643 295 4690 ‘l
314 4640 412 4689 doctior
431 4641 554 4704 magistro
574 4653 601 4688 ue
619 4655 647 4689 or
665 4650 703 4689 est
720 4640 939 4704 septimnseasus‚
962 4637 988 4687 Si
999 4639 1057 4688 dico
1075 4640 1175 4688 doctior
1192 4639 1308 4690 esidorus
1379 4641 1410 4690 10
1429 4639 1466 4690 Da
1485 4653 1572 4691 arieto-

280 4705 553 4772 ritatem]d'oi.119¹‘
605 4723 651 4772 pro
670 4707 786 4756 homiues
856 4709 886 4756 11
906 4721 953 4773 pro
970 4708 1081 4756 arbores.
1117 4707 1222 4772 Populis
1308 4710 1340 4758 13
1357 4709 1413 4760 Fal.
1432 4707 1502 4758 120¹>
1520 4721 1573 4759 tan·

280 4775 384 4824 eundem
397 4791 443 4824 sex
496 4776 600 4825 octabus
655 4777 685 4826 15
704 4787 799 4825 utorem
818 4777 942 4840 septimus
995 4791 1040 4840 per
1057 4777 1202 4826 necrrsatibo
1257 4777 1287 4825 16
1305 4777 1336 4826 ad
1357 4778 1572 4842 praepositionem

281 4843 368 4896 cellam
422 4846 451 4894 ri
470 4843 556 4895 demto
574 4843 765 4910 praepositione
782 4843 891 4894 aduerso
910 4845 1056 4894 accersatluo
1074 4858 1134 4894 caso
1148 4845 1172 4892 in
1186 4843 1271 4893 daribo
1308 4844 1369 4894 celle
1422 4847 1454 4898 18
1467 4847 1571 4897 octabus
