3412 5452
387 417 426 469 IN
443 417 582 470 DONA‘I'I
601 417 716 470 turus
734 419 783 471 lot·
800 419 1070 476 BARBARISMVM.
1317 437 1385 490 CXV

30 639 55 716 p,
115 625 160 668 uon
178 612 257 664 recte
280 603 466 666 Latinitatem
489 607 625 687 prolerre
649 607 781 670 ualentes
808 619 951 690 ceperunt
981 629 1045 672 eam
1069 629 1276 694 corrumpere,
1307 613 1386 675 unde

30 854 36 922 l

114 707 204 788 placuit
224 706 374 778 Romanis,
399 707 501 770 utilia
523 708 624 790 lingua
646 709 850 773 barbarismus
873 721 1043 775 uocaretur.

180 808 197 873 i.
223 805 281 869 18·
311 811 405 882 (lion.
428 829 463 888 p.
489 817 560 888 392,
587 817 619 890 7)
656 813 805 893 llastruga
834 812 932 894 lingua
956 814 1066 877 Gallica
1094 815 1201 879 dicitur
1229 819 1322 880 uestis
1350 837 1387 880 ex

113 910 219 991 pellibus
242 912 373 972 terarum
395 912 481 976 iacta.
526 914 641 978 Cateias
668 914 768 995 lingua
790 917 929 979 dirorum
958 917 1067 982 dicitur
1096 918 1219 998 gladius,
1264 919 1386 998 Magalia

113 1023 136 1074 et
152 1011 270 1092 mapalia
298 1012 377 1076 idem
400 1025 472 1077 sunt
493 1016 633 1080 uidelicet
654 1016 754 1080 casule
776 1026 928 1098 pastorum
956 1019 1005 1082 uel
1028 1039 1175 1093 1111111,
1205 1022 1257 1084 sed
1285 1024 1317 1084 in
1340 1021 1387 1084 lris

113 1114 241 1190 didcruut,
264 1124 331 1195 quia
355 1120 478 1200 magalia
500 1120 685 1200 producitur,
709 1121 835 1203 mapalia
858 1124 1029 1203 corripitur.

179 1252 197 1314 l.
215 1247 274 1312 18·
297 1251 391 1324 (Dor.
403 1267 439 1326 p.
457 1254 522 1324 392,
542 1254 594 1325 14)
619 1213 775 1335 tntancpbu’
798 1250 872 1313 dixit
893 1251 1136 1332 proicientibus.
1181 1253 1292 1314 Versus
1307 1254 1386 1314 enim

112 1361 154 1421 cst,
174 1354 199 1412 iu
222 1370 280 1431 quo
303 1351 401 1414 littera
425 1351 623 1423 subtrabitur,
652 1354 720 1433 quia
749 1351 835 1415 aliter
863 1356 893 1414 in
924 1355 1022 1415 croico
1051 1362 1147 1416 metro
1170 1355 1301 1417 ordinari
1325 1373 1385 1416 non

111 1461 200 1601 ml..
223 1536 282 1601 18b
304 1540 398 1615 (Bon.
417 1557 452 1616 p.
477 1545 541 1613 392,
561 1544 612 1617 21)
635 1540 836 1602 firmabuntur
859 1549 1006 1612 accentus,
1030 1551 1070 1602 ut
1084 1544 1110 1604 si
1125 1545 1191 1621 quis
1214 1550 1386 1604 metaurum

110 1652 134 1704 ct
156 1653 249 1704 cetera
278 1641 346 1705 talia
374 1641 431 1704 sub
460 1651 545 1703 acuto
575 1650 699 1704 accentu
725 1645 976 1723 pronuntiauerit,
1011 1662 1080 1706 cum
1107 1642 1163 1705 sub
1193 1645 1385 1706 circumflexo

108 1744 310 1825 pronuntianda
332 1745 501 1805 siut:.tunc
523 1745 556 1805 lit
577 1743 721 1806 detractio
744 1744 927 1808 circumflexi
951 1755 981 1807 et
1001 1747 1110 1827 positio
1132 1748 1221 1808 acuti.

178 1848 199 1913 i.
222 1843 289 1908 18¹³
317 1848 410 1920 (lion.
429 1865 464 1923 p.
490 1852 558 1920 392,
588 1852 639 1924 26)
670 1846 826 1910 Scilicet
853 1865 958 1928 quam
988 1845 1054 1909 alii
1082 1847 1153 1929 etc]
1182 1847 1292 1910 Sensus
1321 1847 1386 1910 talis

109 1958 157 2010 cst:
177 1948 217 2009 illi
240 1950 290 2029 qui
311 1948 446 2010 iudicant
468 1966 532 2010 cam
556 1966 623 2010 esse
644 1948 783 2020 litteram,
807 1949 849 2009 bii
871 1956 977 2029 putant
997 1968 1062 2012 esse
1077 1948 1311 2050 barbarismurp,
1334 1951 1386 2030 qui

107 2070 150 2129 per
171 2069 233 2112 cam
256 2053 347 2112 sitin
370 2053 481 2130 scripto
505 2050 605 2122 ethii,
629 2051 678 2130 qui
700 2069 761 2112 non
782 2050 913 2113 iudicant
936 2069 1001 2112 eam
1024 2070 1088 2113 esse
1110 2051 1255 2122 litteram,
1279 2051 1385 2112 barba-

106 2157 227 2226 rismum,
251 2156 302 2234 qui
324 2172 379 2234 per
401 2171 466 2216 eam
490 2155 532 2234 ut,
555 2153 658 2215 dicunt
679 2171 745 2215 osse
768 2155 799 2214 11
822 2153 1076 2233 pronuntiatione.

178 2258 196 2317 1.
219 2251 281 2318 181
304 2257 397 2330 (Bon.
417 2275 452 2334 p.
477 2261 592 2334 393,1)
614 2256 803 2318 bletucismus
826 2265 870 2316 est
892 2256 1000 2317 uicium
1024 2257 1087 2318 siue
1109 2257 1212 2318 scissio
1234 2275 1263 2316 m
1285 2254 1386 2318 littere

106 2375 171 2436 quae
191 2359 223 2419 bt
245 2357 364 2439 quaudo
386 2376 415 2418 m
439 2357 535 2421 littera
554 2359 632 2419 inter
655 2357 727 2420 duas
756 2355 874 2419 uocales
896 2358 1029 2437 ponitur,
1059 2367 1093 2419 ut
1120 2357 1245 2419 ‘bonum
1267 2361 1384 2441 aurum'

105 2459 261 2522 ‘docibilem
284 2463 438 2530 amicum’,
467 2469 500 2521 ut
527 2459 615 2522 talem
638 2477 744 2522 sonum
766 2458 875 2521 babeat
896 2479 987 2522 uuum
1011 2479 1057 2530 ur,
1085 2468 1118 2522 ut
1138 2459 1198 2522 duo
1220 2480 1251 2522 m
1266 2481 1296 2522 ru
1319 2479 1385 2522 esse

105 2562 261 2624 uideantur.
285 2597 324 2607 —
340 2557 543 2643 Laptacismub
559 2570 603 2624 cst
617 2562 724 2623 uitium
739 2562 804 2623 siue
819 2561 922 2622 scissio
945 2561 955 2622 l
978 2561 1084 2633 littere,
1108 2581 1184 2642 quaa
1200 2565 1241 2633 tn,
1266 2561 1385 2642 quaudo

105 2663 154 2723 duo
178 2662 199 2724 ll
226 2667 257 2726 in
287 2665 385 2726 medio
413 2667 509 2745 posita
537 2683 675 2744 asperum
704 2668 811 2725 sonum
840 2663 983 2735 reddunt,
1013 2672 1045 2726 ut
1072 2664 1143 2726 sella
1173 2663 1266 2726 stella.
1311 2665 1385 2726 Nam

103 2784 183 2827 unum
205 2766 216 2826 l
238 2768 268 2828 iu
291 2765 390 2828 medio
412 2768 541 2845 positum
565 2765 671 2828 exilem
693 2785 799 2828 sonum
823 2766 900 2842 iacit,
925 2774 956 2828 ut
978 2767 1125 2845 relinquo.
1147 2801 1190 2813 -
1212 2765 1386 2830 Collisioues

104 2866 231 2930 dicuntur
253 2868 485 2931 confricationes
507 2868 625 2950 quaudo
647 2869 715 2929 linis
738 2868 820 2948 (sinis
841 2869 922 2949 cod.)
945 2869 1150 2949 praecedentis
1172 2868 1307 2930 dictionis
1329 2869 1385 2928 ini·

30 3045 31 3048 ,
103 2971 167 3030 tium
188 2979 233 3032 est
254 2973 418 3050 sequentis,
441 2979 474 3032 ut
494 2969 631 3033 ‘materia
646 2989 662 3032 a
678 2974 780 3041 terra’,
803 2980 834 3032 et
854 2971 973 3050 quaudo
995 2970 1087 3033 multe
1108 2971 1253 3033 dictiones
1274 2970 1312 3032 ab
1328 2989 1386 3031 una

30 3071 32 3122 :
102 3070 189 3135 littera
210 3072 361 3145 inchoant,
385 3083 418 3135 ut
440 3082 484 3135 est
505 3072 593 3136 illud:

286 3176 416 3238 urire
438 3175 528 3238 Tale
551 3185 629 3238 tute
653 3176 721 3236 tibi
745 3184 844 3237 tauta
869 3177 1018 3237 tiranno
1041 3175 1175 3240 tulisti.

151 3283 156 3288 “
177 3281 198 3339 1.
223 3275 285 3341 18b
308 3280 401 3352 (uon.
420 3297 455 3354 p.
474 3284 539 3354 393,
558 3283 591 3354 5)
615 3276 814 3339 Soloecismus
836 3277 944 3339 dicitur
966 3296 982 3338 a
1006 3277 1074 3338 Sole
1096 3279 1216 3339 ciuitate
1233 3277 1385 3346 llalmatie.

103 3395 169 3456 quae
196 3399 278 3441 nuuc
305 3379 519 3461 Ponpeiopolis
546 3379 671 3450 dicitur,
700 3381 786 3442 cuius
813 3378 993 3442 habitatores
1022 3381 1151 3442 Athenas
1179 3389 1385 3460 perrexeruut,

104 3488 131 3540 ut
152 3481 195 3542 ibi
222 3483 367 3544 Graecam
395 3481 526 3561 linguam
555 3481 703 3544 discerent
731 3491 759 3543 et
787 3500 869 3544 suam
898 3491 1068 3570 seruarent,
1098 3501 1185 3562 quam
1214 3491 1298 3543 recte
1327 3499 1386 3542 non

102 3582 224 3647 ualentes
246 3586 384 3666 prolerre
406 3592 562 3663 utramque
584 3593 791 3663 corruperunt.
836 3583 919 3644 Vnde
941 3583 1052 3664 placuit
1074 3583 1259 3653 doctoribus,
1289 3592 1321 3645 ut
1344 3585 1387 3645 ui·

103 3685 171 3746 cium
192 3685 271 3748 illius
292 3686 396 3766 lingue
417 3685 610 3749 soloecismus
633 3693 800 3764 uocaretur.
1311 3677 1318 3700 ⁸

176 3786 196 3848 i.
221 3785 280 3850 19·
302 3789 396 3863 (Bon.
414 3806 450 3866 p.
475 3794 546 3862 393,
574 3793 623 3864 18)
646 3785 836 3868 partibus]
867 3787 991 3858 Quidam
1019 3787 1089 3850 libri
1111 3788 1223 3850 liabent
1245 3790 1386 3869 ‘partium

40 3971 43 3978 ι
103 3891 260 3961 orationis’,
282 3890 335 3953 sed
351 3899 432 3953 recte
454 3900 484 3951 et
506 3879 633 3952 nobilius
655 3891 728 3952 dicit
750 3889 918 3970 ‘partibus',
942 3893 1011 3969 quio
1027 3891 1129 3952 accido
1145 3890 1270 3952 uerbum
1286 3890 1386 3951 datiuo

104 3993 175 4052 casui
195 3995 248 4054 iun
270 3994 341 4056 tur.

177 4094 198 4159 l.
223 4011 398 4169 13¹¹(Ilon.
417 4115 452 4172 p.
477 4101 543 4171 393,
570 4100 622 4171 20)
644 4095 777 4158 Toruum
801 4114 909 4158 nomeu
933 4104 992 4167 cst,
1016 4096 1093 4176 quod
1118 4096 1177 4174 (qui
1199 4094 1278 4174 cod.)
1302 4097 1386 4174 poui-

105 4203 145 4254 tur
166 4215 219 4274 pro
243 4197 388 4260 aduerbio
410 4205 510 4258 toruo:
541 4196 701 4259 dudmala
724 4216 817 4259 uxore
840 4198 936 4259 Latini
959 4197 1045 4267 dicit,
1070 4199 1120 4277 qui
1143 4215 1211 4258 curu
1234 4198 1386 4258 Lauiniam

104 4295 182 4359 liliam
204 4317 288 4362 suaru
310 4299 392 4362 Enec
407 4301 543 4370 sociaret,
567 4309 687 4361 toruum
710 4301 729 4360 i·
748 4299 922 4362 terribiliter
939 4299 1095 4369 clamabat,
1118 4300 1202 4360 cuius
1218 4297 1386 4380 exemplum

105 4395 180 4460 latius
201 4421 263 4463 es:

219 4411 467 4568 Stauguineam
489 4497 672 4568 torquens
695 4489 827 4549 facicm
850 4497 1072 4569 toruumque
1095 4495 1250 4568 repente

219 4589 372 4652 Clamat:
396 4591 429 4651 io
453 4599 590 4652 matres
613 4590 741 4652 audite
764 4589 825 4651 ubi
849 4607 1018 4669 quaeque
1041 4589 1183 4651 Latine.

179 4692 198 4751 i.
223 4689 287 4752 19¹³
309 4695 402 4767 (Bon.
424 4711 457 4769 p.
482 4699 555 4770 393,
580 4698 631 4764 39)
660 4693 718 4754 Per
746 4710 856 4772 genera
879 4695 953 4753 irunt
974 4691 1156 4776 soloecismi,
1187 4694 1263 4753 sicut
1285 4691 1388 4752 ‘ualidi

106 4790 213 4854 silices’.
260 4794 338 4856 Siler
362 4797 440 4856 cuim
464 4796 598 4856 feminini
621 4796 739 4874 generis
761 4805 815 4856 est.
861 4795 944 4856 Vnde
972 4796 1171 4874 Virgilius:

424 4897 473 4959 Ha
495 4896 606 4958 silice
630 4900 666 4957 in
690 4897 782 4958 nuda
806 4896 973 4976 reliquit.

1144 4999 1185 5048 h*
