3390 5444
551 335 601 386 on
619 335 758 388 nouom
776 334 981 388 rmomssvs.
1002 295 1007 300 ’
1355 337 1415 401 149

116 522 183 584 talis
211 523 332 590 multem
362 522 518 585 extribus
546 520 723 602 generibus,
756 532 788 586 nt
815 533 886 605 puta
909 523 966 585 hoc
988 523 1101 586 dicere:
1131 533 1161 586 tu
1185 526 1231 586 uir
1253 533 1285 586 tu
1308 525 1416 588 mulier

115 635 147 686 tu
169 625 358 704 mancipium.

201 743 244 804 lie
266 745 407 805 numeris.
453 743 599 806 Numerus
621 744 730 805 accidit
750 745 907 823 singularis
928 745 992 815 lric,
1015 743 1138 825 pluralis
1161 746 1200 805 iri.

202 864 244 932 De
273 865 376 942 ligura.
427 862 540 924 Accidit
567 865 675 942 ligure,
705 872 737 924 ut
764 866 795 924 in
823 866 958 934 nomine,
987 866 1029 924 sic
1060 865 1148 924 etiam
1177 866 1207 925 in
1237 867 1415 944 pronomine

88 964 242 1046 ssimplox
266 974 295 1026 et
317 965 478 1044 conposita.
523 961 673 1045 Simplex,
697 974 729 1027 ut
751 967 832 1046 quis;
860 966 1029 1046 conposita,
1059 973 1091 1028 ut
1113 967 1247 1046 quisquis
1269 969 1413 1048 quispiam

114 1086 260 1148 quisnam.

199 1202 346 1265 Accidunt
368 1220 524 1282 personae.
569 1203 644 1264 Suot
665 1222 826 1282 personae,
851 1221 925 1282 quae
949 1203 1028 1264 finita
1052 1205 1237 1283 pronomina.
1269 1205 1414 1267 Accidunt

113 1321 201 1366 casus
224 1302 465 1384 pronominibus
494 1305 570 1365 sicut
592 1312 620 1365 et
642 1303 822 1366 nominibus.
858 1303 928 1380 †ld
952 1323 1116 1384 pronomen
1139 1307 1169 1365 in
1192 1313 1261 1367 nota
1284 1325 1340 1368 nec
1362 1307 1413 1369 ad·

113 1407 202 1467 iectio
226 1413 255 1466 et
278 1403 346 1465 nolo
369 1411 496 1466 tractare
520 1425 575 1468 nec
597 1406 756 1476 declinare,
774 1407 825 1468 sed
842 1407 1045 1468 tautummodo
1061 1408 1118 1468 hoc
1140 1406 1222 1469 dico:
1246 1408 1303 1469 hoe
1325 1407 1414 1470 dehet

75 1527 99 1566 ιο
113 1509 195 1578 lieri,
219 1505 291 1570 illud
315 1505 404 1566 debet
426 1509 504 1576 fieri,
528 1514 559 1568 et
580 1527 639 1569 non
662 1507 745 1576 dico,
770 1526 862 1586 quare
885 1510 928 1570 sic
951 1509 1123 1570 declinatur.

200 1641 330 1704 Dicimus
353 1645 528 1722 pronomina
552 1652 602 1704 aut
623 1644 703 1704 linita
727 1650 777 1706 aut
800 1646 914 1706 inlinita
943 1661 1018 1705 esse.
1064 1645 1160 1706 Finita
1182 1652 1252 1706 sunt
1273 1643 1322 1706 illa
1346 1647 1410 1716 tria,

112 1740 145 1806 'ut
170 1763 226 1823 ego
249 1742 362 1804 tuille.
409 1743 523 1808 infinita
547 1763 619 1806 uero
642 1747 818 1825 pronomina
842 1745 894 1807 llll
923 1749 1038 1826 species
1066 1745 1191 1816 liabent;
1222 1754 1271 1808 aut
1297 1749 1412 1810 intinita

112 1855 184 1907 sunt
206 1846 376 1906 autminus
399 1864 487 1926 quam
511 1849 591 1909 firrita
613 1854 664 1908 aut
685 1847 853 1910 articularia
876 1856 926 1909 aut
948 1850 1124 1928 possessiua.
1170 1848 1285 1910 infinita
1309 1849 1410 1911 dicun·

112 1957 172 2018 tur,
197 1965 274 2027 quae
296 1949 414 2026 penitus
437 1966 496 2010 non
519 1947 666 2011 deliniunt
688 1967 861 2029 personam,
886 1957 917 2011 ut
940 1957 1009 2029 puta
1033 1949 1197 2029 quisquae
1220 1951 1313 2030 quod:
1339 1951 1412 2011 haec

75 2051 227 2112 rsinfinita
250 2057 328 2110 sunt.

197 2185 295 2246 llinus
318 2201 406 2262 quam
430 2186 523 2256 linita,
553 2204 629 2264 quae
658 2187 788 2249 medium
812 2186 921 2266 aliquid
944 2185 1056 2248 habent
1077 2188 1155 2248 inter
1178 2189 1291 2250 linitum
1315 2194 1345 2250 et
1365 2191 1411 2250 in·

109 2289 243 2348 linitum:
280 2287 377 2347 minus
404 2288 571 2366 significant
598 2309 614 2350 a
642 2289 738 2359 finito,
768 2287 834 2367 plus
862 2289 1029 2366 significant
1056 2289 1092 2349 ab
1121 2291 1251 2358 inlinito,
1282 2297 1314 2350 ut
1341 2297 1411 2369 puta

110 2391 210 2469 ‘ipse':
236 2388 353 2466 quando
370 2389 456 2469 ‘ipse’
473 2390 554 2460 dieo,
578 2408 676 2468 neque
691 2391 765 2460 scis,
788 2390 826 2451 de
848 2407 907 2467 quo
930 2390 1026 2450 dicam
1042 2392 1065 2464 †
1080 2390 1129 2452 uel
1152 2391 1188 2451 de
1211 2397 1290 2462 arte,
1314 2409 1412 2470 neque

110 2493 219 2552 iterum
243 2491 314 2572 licet
336 2489 391 2550 tibi
413 2487 530 2569 ungarii
555 2493 632 2571 ‘ipse
654 2494 693 2552 sit
716 2490 762 2551 orel
786 2490 859 2561 ille',
883 2477 1072 2552 sedericum
1089 2492 1310 2571 releresipsam
1334 2510 1409 2563 rem,

73 2594 160 2672 oqui
185 2595 242 2654 iam
266 2600 353 2653 notus
376 2602 433 2662 est,
459 2601 489 2652 ut
512 2603 596 2672 puta:
620 2590 780 2670 ‘Vergilius
796 2595 916 2672 scripsit
933 2592 1078 2664 Bucolica,
1101 2595 1165 2673 ipse
1183 2595 1302 2673 scripsit
1317 2594 1411 2655 Geor·

109 2697 206 2773 gica',
238 2695 288 2771 qni
316 2695 415 2773 ‘ipse'
445 2693 508 2754 sine
532 2692 621 2755 dubio
646 2692 791 2772 Vergilius
814 2703 871 2766 est,
902 2694 995 2774 quod,
1026 2694 1144 2773 quando
1172 2695 1297 2757 dicimus
1327 2696 1410 2776 ‘ipse

108 2797 263 2876 scripsit',
288 2813 342 2874 pro
366 2797 484 2856 nomine
508 2797 636 2875 positum
659 2794 830 2874 ‘Vergilius'
853 2815 911 2857 non
935 2803 1018 2876 potes
1039 2797 1152 2858 relerre
1167 2786 1211 2857 ¹ad
1235 2797 1410 2860 Ciceronem

108 2907 160 2959 sut
184 2897 220 2958 ad
244 2896 419 2966 Salustium,
443 2896 496 2958 sed
520 2897 555 2958 ad
579 2895 667 2968 illud,
692 2899 776 2958 cuius
798 2916 907 2959 nomen
929 2900 1085 2978 proprium
1107 2895 1203 2979 nomi}
1220 2895 1364 2961 lol.143¹'
1382 2896 1410 2984 ΙΙ-

108 3017 249 3062 naueras.
294 2997 357 3059 lloc
379 2999 525 3079 possimus
548 2998 584 3058 de
605 2996 657 3060 illo
680 3002 857 3078 pronomine
879 3007 1023 3062 tractare:
1051 3000 1110 3062 hoc
1132 3009 1177 3062 est
1200 3001 1298 3062 minus
1321 3019 1408 3080 quam

71 3119 95 3159 es
108 3103 241 3171 finitum,
265 3101 382 3180 quoties
405 3118 570 3179 pronomen
593 3099 723 3162 relertur
737 3102 773 3162 ad
789 3120 898 3164 nomen
914 3104 1137 3180 praemissumn
1147 3101 1265 3186 ‘Cicero
1280 3103 1408 3183 scripsit,

107 3207 174 3284 ipse
200 3203 287 3263 etiam
311 3201 367 3262 lroc
389 3202 480 3263 iecit’.
526 3201 673 3281 Numquid
703 3205 803 3283 ‘ipse’
832 3222 953 3283 possum
981 3202 1158 3282 intellegere
1185 3222 1242 3286 pro
1264 3204 1409 3266 Cicerone
1480 3237 1486 3249 ·

108 3305 296 3384 ‘Vergilius’.
340 3302 455 3364 Pendet
476 3321 491 3364 e
514 3303 669 3384 superiore
691 3306 821 3365 nomino.
867 3304 931 3365 Hoc
959 3313 1006 3365 est
1028 3323 1099 3384 ergo
1121 3324 1288 3385 pronomen
1310 3307 1409 3368 minus

107 3427 200 3487 quam
229 3407 359 3467 linitum:
390 3407 702 3467 commemorationem
727 3406 796 3467 lacit
825 3409 888 3467 eius
916 3425 1076 3487 personae,
1106 3407 1141 3468 de
1165 3424 1222 3485 qua
1245 3409 1302 3470 iam
1325 3407 1406 3470 locu·

106 3519 152 3571 tus
179 3516 260 3569 est·

70 3645 94 3683 ιι
195 3625 359 3688 Articulare
388 3625 511 3697 dicitur,
541 3626 618 3705 quod
647 3625 812 3688 declinatur
841 3646 907 3689 cum
932 3627 1051 3687 nomine
1073 3633 1192 3687 etcum
1215 3631 1406 3704 pronomine:

106 3747 174 3790 eum
199 3731 332 3789 nomine:
369 3728 417 3789 hic
439 3730 552 3789 deneas
575 3728 663 3789 huius
684 3730 815 3798 Aeneam
847 3747 914 3789 cum
937 3729 1113 3808 pronomine
1142 3728 1322 3791 declinatur:
1358 3731 1407 3792 hic

106 3834 171 3910 ipse
196 3829 284 3891 huius
305 3831 409 3909 ipsius.

195 3949 383 4018 Possessiua,
422 3967 496 4027 quae
524 3967 578 4010 nos
611 3949 720 4029 aliquid
752 3951 905 4031 possidere
939 3950 1119 4029 significant,
1158 3958 1191 4012 ut
1223 3970 1305 4013 meus
1338 3960 1407 4016 tuus

107 4062 213 4113 noster
240 4058 343 4112 uester
371 4058 400 4111 et
422 4048 487 4110 alie.
533 4051 607 4111 lstae
636 4059 705 4112 sunt
732 4054 848 4132 species
875 4054 1006 4113 omnium
1035 4053 1255 4132 pronominum.
1301 4055 1406 4118 Omnia

71 4167 95 4209 ιι
108 4153 288 4233 pronomina
311 4158 362 4212 aut
383 4152 464 4212 linita
486 4159 555 4212 sunt
577 4161 627 4214 aut
649 4153 773 4214 inlinite.
816 4152 911 4215 Finita
935 4162 1013 4224 sunt,
1037 4162 1069 4216 ut
1092 4172 1146 4233 ego
1169 4163 1201 4216 tu
1222 4153 1273 4216 ille
1296 4163 1352 4218 etc.

108 4339 338 4349 ——.-.-——-—

175 4473 391 4526 3denumeribus
426 4473 462 4524 hii
514 4470 664 4536 9neclcum
701 4475 848 4525 teutomodo
902 4477 934 4526 10
943 4475 1077 4526 declinatio
1131 4480 1160 4526 11
1173 4485 1222 4526 tres
1276 4479 1308 4527 14
1317 4479 1404 4543 paeni-

108 4555 148 4594 tos
218 4541 340 4591 diliniunt
408 4543 519 4608 quisque
536 4541 606 4605 quod
675 4543 707 4592 l'l
725 4557 740 4592 a
759 4541 830 4592 liirito
848 4542 907 4609 plus
925 4544 1073 4608 significent
1094 4547 1121 4595 in
1138 4560 1216 4609 comp.
1235 4548 1320 4609 suppl.
1338 4546 1406 4595 nol

109 4611 268 4662 lurcones
328 4611 362 4660 20
379 4611 482 4660 scribsit
500 4611 611 4660 boculiea
645 4611 760 4670 scribsit,
782 4627 884 4676 semper
951 4615 984 4662 22
1002 4614 1102 4678 positus
1149 4627 1200 4662 oon
1220 4623 1305 4677 potest
1371 4613 1405 4662 25

108 4679 193 4738 linita,
213 4693 284 4729 corr.
303 4687 356 4727 tum
408 4677 515 4728 retertur
533 4687 558 4728 et
575 4692 667 4728 nomen
685 4679 842 4744 promissum
906 4682 939 4731 27
957 4681 1045 4745 pendit
1113 4682 1146 4732 28
1163 4681 1405 4730 comemorntionem

109 4747 169 4798 iecit
238 4760 351 4812 persone
424 4749 456 4798 31
475 4761 532 4795 com
551 4747 652 4796 nomine
670 4749 761 4797 addidi
828 4762 951 4813 cumpro
971 4749 1071 4797 nominc
1139 4750 1172 4799 35
1191 4758 1283 4812 utego
1302 4745 1402 4814 tuille]

110 4816 230 4882 Seqadtur
246 4815 420 4880 pronominum
434 4815 505 4866 XXI
522 4816 677 4866 enumeratio
693 4817 828 4866 secundum
845 4816 989 4881 Pompeium
1007 4833 1034 4881 p.
1053 4819 1114 4879 201,
1133 4819 1168 4866 30
1184 4831 1239 4882 sep.
