3390 5444
661 345 874 400 susannam.
896 370 902 383 ·
1354 346 1415 412 133

116 534 205 596 item:

272 635 458 715 Conplexa
498 653 623 698 somno
657 654 818 716 corpora
852 638 1075 718 operiuntur
1109 655 1151 698 ac
1187 639 1292 698 suani
1326 633 1415 715 qui'e

927 738 1112 810 dicantur,

114 844 183 919 quie
204 860 260 922 pro
282 842 382 922 quiete
411 839 494 901 dixit.
538 839 611 900 lnde
639 848 669 902 et
695 841 816 922 requies
843 839 880 900 ab
911 859 946 901 eo
974 841 1161 920 conpositum
1190 841 1305 921 requiei
1334 841 1412 904 lacit.

88 943 199 1004 sScire
229 953 327 1004 autem
354 941 512 1012 debemus,
542 941 621 1021 quod
651 949 768 1005 ueteres
789 942 820 1003 in
843 942 889 1004 his
918 941 1101 1012 nominibus,
1130 943 1208 1003 sicut
1234 941 1413 1004 Claudius

115 1044 258 1114 ostendit,
292 1044 464 1123 genetiuum
498 1041 678 1121 singularem
711 1043 837 1104 similem
870 1044 1054 1105 nominatiuo
1086 1043 1289 1124 proferebant.
1337 1044 1413 1106 Hinc

114 1144 259 1226 †illius
282 1145 382 1207 ‘huius
404 1145 567 1225 pernicies’
590 1144 674 1214 dixit,
698 1143 890 1226 quiquidem
913 1144 1047 1224 regulam
1069 1153 1254 1217 secutusest,
1271 1146 1413 1226 quamde

114 1246 234 1309 casibus
262 1248 333 1310 dant
360 1247 610 1326 grammatici,
645 1246 725 1326 quod
758 1247 975 1309 nominatiuum
1004 1245 1148 1327 pluralem
1176 1256 1206 1308 et
1232 1246 1413 1326 singularem

115 1351 289 1428 genetiuum
320 1349 475 1410 enuntiant
502 1346 552 1410 uel
578 1365 652 1409 sono
680 1346 729 1409 ucl
755 1347 875 1430 syllabis
897 1367 985 1429 pares
1007 1358 1037 1410 et
1058 1351 1187 1410 maxime
1208 1349 1239 1408 in
1262 1350 1413 1411 femininis

80 1465 103 1504 1⁰
115 1453 235 1532 quintae
257 1449 475 1512 declinationis:
498 1451 543 1510 sic
563 1451 778 1512 anominatiuo
801 1448 908 1529 plurali
929 1449 1013 1512 illum
1035 1451 1208 1530 genetiuum
1232 1449 1412 1530 singularem

115 1555 260 1615 formasse
283 1552 437 1622 uidentur;
461 1549 600 1614 dicebant
621 1553 702 1612 enim
724 1550 798 1612 haee
820 1552 970 1631 pernicies
992 1559 1022 1612 et
1043 1550 1132 1612 huius
1154 1553 1311 1631 pernicies.
1349 1552 1413 1612 lloo

115 1661 213 1717 autem
242 1656 321 1716 scire
348 1653 456 1723 debes,
495 1652 575 1732 quod
602 1651 675 1714 illud
705 1670 828 1723 nomen,
864 1653 942 1732 quod
966 1661 1011 1715 est
1032 1653 1144 1723 ‘dies',
1169 1653 1274 1714 incerti
1295 1655 1414 1732 generis

117 1753 129 1837 ll
146 1756 195 1818 iol.
215 1753 293 1818 113·
315 1753 327 1839 ll
348 1757 378 1817 in
401 1755 545 1834 singadari
574 1771 698 1816 numero
727 1755 806 1816 inter
834 1755 1030 1817 masculinum
1053 1761 1083 1816 et
1105 1754 1279 1816 femininum
1302 1762 1360 1824 est,
1385 1762 1415 1816 et

116 1857 293 1919 alterutrum
328 1872 422 1935 genus
455 1855 599 1937 exemplis
626 1854 792 1916 ostenditur
818 1857 849 1918 in
882 1859 1085 1937 scriptura,
1122 1855 1333 1927 masculinum,
1367 1864 1413 1918 ut:

80 1959 194 2020 oham
218 1965 253 2020 et
276 1960 352 2019 erit
374 1957 485 2021 uobis
507 1959 570 2020 hic
593 1955 730 2018 diesin
754 1959 981 2029 memoriam,
1006 1965 1050 2020 et:
1072 1958 1169 2020 diem
1191 1959 1329 2020 testum
1353 1976 1412 2020 ce·

114 2059 318 2122 lebrabitis
345 2059 469 2128 illum;
499 2067 529 2120 et
558 2058 614 2120 hoc
642 2058 810 2120 ostenditur
837 2060 868 2122 in
897 2058 1038 2121 aduerbio
1061 2059 1177 2121 abhoc
1200 2060 1320 2120 nominc
1343 2058 1414 2118 diri-

115 2170 182 2224 uato
206 2169 238 2223 et
260 2163 430 2242 conposito,
453 2161 530 2222 idest
553 2159 656 2232 hodie,
680 2159 759 2240 quod
781 2159 854 2222 nilril
878 2159 956 2222 aliud
971 2162 1133 2240 significat,
1157 2162 1213 2222 nisi
1229 2159 1266 2221 ab
1282 2161 1339 2222 hoc
1355 2158 1412 2223 die.

114 2264 186 2326 ltem
209 2264 240 2324 in
265 2263 408 2324 leminino
431 2280 542 2341 genere
565 2261 683 2340 legitur,
707 2262 785 2322 siout
806 2263 836 2322 in
859 2262 1020 2342 Virgilio
1042 2261 1166 2340 legitur:

320 2365 428 2427 Venit
449 2381 586 2426 summa
610 2362 689 2424 dies
712 2372 747 2423 et
769 2363 1030 2424 inreuocabile
1053 2371 1209 2444 tempus.

80 2467 186 2529 ²⁰ltem
217 2467 250 2528 in
279 2464 491 2543 euangelio:
523 2464 582 2525 die
610 2465 724 2525 tertia
751 2465 905 2544 nuptiae
933 2465 1060 2526 iactae
1087 2470 1174 2526 sunt
1200 2463 1237 2525 in
1263 2463 1413 2526 Channa

115 2568 294 2631 Galileae.
338 2567 371 2628 ln
392 2565 502 2646 plurali
524 2574 623 2627 autem
646 2583 771 2626 numero
793 2583 912 2646 semper
934 2564 1090 2628 masculini
1112 2565 1230 2645 generis
1253 2572 1313 2636 est,
1336 2567 1413 2626 sicut

113 2669 236 2748 legitur:
267 2669 347 2730 dies
374 2668 466 2728 lesti
494 2669 613 2728 uestri
643 2675 918 2730 conuertentur
945 2671 982 2729 in
1010 2667 1150 2729 luctum
1173 2675 1207 2728 et
1228 2666 1413 2727 lamenta·

115 2775 266 2834 tionem:
292 2770 359 2831 lasti
382 2769 456 2830 dixit
477 2767 641 2831 masculino
662 2785 787 2848 genere,
811 2787 871 2830 non
894 2770 1001 2837 iestae;
1023 2769 1081 2830 hoc
1103 2775 1201 2830 autem
1223 2784 1332 2828 nomen
1355 2767 1411 2828 sub

114 2865 233 2935 incerto'
251 2889 364 2951 genere
384 2872 416 2932 in
437 2870 580 2951 singulari
602 2889 726 2932 numero
748 2873 788 2932 ita
812 2860 990 2933 declinatui:
1014 2869 1063 2931 liic
1079 2870 1127 2931 uel
1142 2869 1216 2930 haec
1231 2867 1304 2938 dies,
1320 2867 1410 2930 huius

80 2983 102 3023 2⁵
115 2975 181 3052 diei,
198 2976 269 3036 huie
285 2973 354 3044 diei,
370 2972 451 3035 hune
466 2971 515 3034 uel
530 2973 605 3034 hauc
620 2972 709 3043 diem,
727 2992 744 3032 o
759 2970 839 3042 dies,
862 2970 899 3033 ab
914 2971 972 3033 hoc
992 2971 1040 3033 uel
1056 2971 1093 3034 ab
1107 2971 1163 3032 hac
1178 2969 1241 3040 die,
1265 2977 1296 3031 et
1311 2969 1410 3050 plura·

113 3077 180 3138 liter
201 3077 234 3138 hi
257 3075 336 3147 dies,
360 3074 467 3136 horum
489 3075 620 3144 dierum,
644 3073 833 3144 hisdiebus,
857 3073 913 3133 hos
936 3072 1013 3146 dies,
1036 3093 1053 3135 o
1076 3073 1154 3144 dies,
1177 3071 1277 3134 abhis
1293 3071 1408 3135 diebus.

196 3213 367 3273 Pronomen
383 3210 530 3290 quomodo
547 3209 703 3270 delinitur?
726 3209 889 3270 lionatus
910 3208 1047 3270 definiuit
1062 3210 1177 3270 dicens:
1202 3208 1410 3270 Pronomen

114 3323 166 3375 est
189 3331 279 3394 pars
302 3313 500 3381 orationis,
524 3327 615 3388 quae
637 3329 702 3391 pro
724 3312 871 3372 nomine
898 3313 1021 3392 posita
1049 3309 1269 3373 tantundem
1293 3328 1410 3390 paene

113 3414 310 3494 significat
342 3430 619 3494 personamque
652 3411 839 3474 interdum
873 3413 1021 3492 recipit.
1067 3412 1140 3473 ltcm
1171 3412 1411 3474 dominianus

80 3526 142 3579 atet
163 3515 372 3578 Flauianus
399 3531 565 3593 pronomen
589 3513 733 3574 deliniunt
755 3516 809 3574 ita:
841 3515 1051 3576 Pronomen
1074 3522 1238 3594 estpars
1266 3514 1409 3573 oratio·

113 3618 181 3689 nis,
205 3635 302 3699 quae
324 3633 390 3695 pro
413 3616 559 3678 nomine
582 3617 704 3696 posita
728 3612 1263 3696 minusquidemplene,idem
1286 3620 1409 3674 tamen

113 3721 321 3799 significat.
366 3718 547 3798 Asperius
576 3734 694 3795 quoque
723 3717 759 3778 de
788 3720 964 3799 pronomine
986 3719 1027 3780 ita
1050 3717 1184 3777 deliniuit
1206 3715 1325 3777 dicens:
1363 3715 1412 3776 lle

113 3821 337 3902 pronomine
365 3839 456 3881 uero
484 3817 579 3880 nihil
608 3821 780 3899 apertius
807 3820 895 3880 lieri
924 3828 1065 3900 potest,
1095 3835 1200 3897 quam
1230 3815 1411 3895 quomodo

113 3927 147 3985 in
176 3925 312 4014 Donati
342 3930 421 3988 arte
453 3920 620 3999 legimus.
665 3920 746 3982 inter
774 3938 883 3981 nomen
911 3929 942 3982 et
967 3938 1132 4002 pronomen
1167 3919 1235 3998 qtrid
1267 3919 1407 3980 interest?

79 4025 192 4087 ³⁵llaec
222 4024 393 4086 differentia
421 4031 480 4093 est,
515 4022 594 4104 quod
622 4041 730 4084 nomen
758 4023 845 4104 plena
874 4022 1026 4103 eloquutio
1055 4031 1114 4094 est,
1142 4038 1308 4104 pronomen
1337 4039 1411 4083 uero

116 4177 344 4190 —ma—n---n-——fl-¹

178 4277 282 4345 aquic]
296 4294 346 4340 que
392 4292 512 4342 pro‚om.
526 4279 586 4340 quie
637 4274 792 4342 dsicntlsie
837 4273 970 4343 Claudius]
991 4277 1147 4329 loedtticoc
1160 4277 1413 4329 Vindoboaenaiaon

114 4351 206 4412 imni,
218 4350 268 4399 aed
279 4348 314 4410 cs.
325 4346 424 4397 Charis.
435 4361 463 4410 p.
476 4349 519 4406 31,
532 4347 579 4396 18.-
596 4344 642 4396 sed
655 4355 754 4396 ueteres
766 4347 792 4396 in
805 4346 852 4395 hac
864 4347 951 4411 specio
961 4345 1139 4397 declinationis
1157 4346 1305 4410 genetiunm
1322 4345 1412 4410 singu-

114 4416 189 4467 larem
202 4415 314 4467 similem
327 4413 622 4464 nominatiuodioebant.
673 4416 689 4466 ‘l
701 4423 891 4476 secuturquam
943 4413 1104 4479 8gmmatiei
1137 4412 1261 4480 pluralem
1274 4412 1412 4499 singularis

115 4485 257 4536 denuntiat
290 4482 387 4533 sillabis
440 4481 594 4532 lluthuius
648 4485 679 4534 la
691 4483 717 4530 in
729 4481 861 4548 singulare
894 4491 933 4532 est
944 4483 1036 4532 addidi
1086 4475 1317 4546 1·talaeruuum]tr
1329 4491 1432 4539 utrum,

115 4554 146 4603 17
163 4550 243 4618 quod]
265 4561 293 4602 ut
352 4552 384 4601 18
396 4546 518 4615 Virgilio]
539 4551 606 4605 Aen.
624 4549 658 4602 II
677 4551 731 4600 324
789 4550 860 4600 20in
879 4545 1189 4615 euuangelio]lolr.111
1242 4549 1330 4612 nuptie
1347 4547 1413 4597 lacte

8 4619 9 4680 ζ
115 4621 145 4670 21
158 4619 266 4670 masculi
318 4619 351 4670 22
362 4617 542 4669 lamentatione
593 4617 702 4670 aslesaa
753 4617 1088 4668 26indielrorumdieru'm
1125 4614 1198 4684 o]ho
1222 4615 1412 4674 ,traiicitur

112 4690 170 4753 sere
185 4703 288 4752 semper
338 4683 466 4754 Donatus]
483 4703 513 4752 p.
523 4689 583 4750 379,
593 4689 630 4736 23
699 4687 732 4737 28
749 4701 815 4750 pene
883 4687 917 4736 29
934 4701 1071 4753 personam
1089 4701 1166 4750 quam
1218 4684 1412 4734 communiones

148 4755 315 4806 (lomimanns
333 4765 358 4803 et
375 4752 524 4820 Flauianus]
543 4755 578 4817 es.
599 4754 699 4804 Clark.
716 4771 742 4818 p.
762 4756 824 4815 m,
843 4756 879 4804 24
896 4763 923 4805 et
939 4754 1233 4806 Keilii'adnotatt'onem.
1311 4755 1342 4805 31
1362 4766 1412 4814 que

8 4859 9 4870 2
116 4825 294 4888 pronominum
364 4825 396 4874 32
414 4819 551 4888 Asperius]
570 4823 654 4874 Huius
670 4822 730 4873 titre·
746 4839 772 4887 p.
791 4824 834 4885 48,
846 4824 872 4872 8.
942 4825 975 4874 33
993 4823 1074 4889 aperti
