3394 5448
308 404 413 452 excw
850 387 1040 441 SERGIANA.

308 596 372 658 per
401 581 410 638 i
439 577 612 641 scribere
640 575 820 644 solemus,
850 576 1019 638 ‘accedo'
1054 593 1120 654 per
1156 594 1172 635 e
1199 575 1242 635 de
1269 574 1440 638 abeundo
1459 621 1590 637 .......

307 681 472 742 ‘accido'
495 699 559 761 per
582 682 592 740 i
614 679 656 741 de
679 697 849 750 accessu,
879 675 1402 757 hocestdeadproximando
1425 675 1594 766 etreliqua.

307 780 409 845 Vtrum
431 782 518 862 ionga
541 784 617 844 esti
639 785 670 842 in
694 780 796 848 uerbo,
820 780 899 859 quod
915 780 1024 842 dicitur
1047 779 1210 841 ‘accidunt'
1233 797 1270 840 an
1294 779 1371 840 noni
1408 779 1495 842 Certe
1512 776 1596 856 ionga

307 892 360 956 est,
386 895 417 948 ut
439 884 510 946 dicit
533 885 718 946 iuuencus
741 891 841 964 poeta:

528 986 677 1048 Accidit
699 987 846 1066 pariter
869 1003 1010 1065 poenae
1033 987 1225 1046 consortia
1249 984 1359 1045 ierre.
1608 993 1619 1032 ⁵

389 1194 409 1253 i.
433 1189 494 1252 24ει
523 1193 690 1271 Sergius:
723 1191 851 1252 Donatus
874 1191 983 1270 inquit,
1013 1191 1100 1252 etiam
1129 1209 1145 1250 a
1174 1191 1328 1271 participio
1356 1188 1419 1250 tieri
1447 1185 1597 1255 aduerbia,

304 1293 356 1354 sed
380 1296 534 1355 mentitur:
559 1313 626 1355 nam
651 1303 719 1354 sunt
741 1293 882 1373 pleraque
905 1294 1059 1373 participia
1083 1292 1184 1354 eadem
1209 1293 1295 1354 etiam
1319 1301 1349 1352 et
1371 1291 1501 1356 nomina,
1526 1307 1597 1366 quac

305 1396 416 1456 iaciunt
437 1394 593 1466 aduerbia,
623 1413 699 1472 quae
721 1396 786 1456 iure
809 1395 961 1456 nominum
985 1395 1082 1474 potius
1106 1393 1227 1464 iaciunt,
1252 1368 1338 1471 duam
1361 1393 1594 1472 participiorum,

307 1506 340 1558 ut
362 1515 463 1558 amans
486 1507 619 1560 amanter
642 1505 671 1558 et
693 1497 817 1576 reliqua.

388 1719 407 1779 i.
430 1715 495 1779 24¹>
524 1720 697 1798 Sergius:
722 1718 972 1797 significationem
996 1715 1206 1779 aduerbiorum
1230 1735 1288 1778 non
1311 1726 1354 1778 ost
1377 1735 1453 1798 opus
1476 1729 1629 1778 emme-1⁰

303 1819 391 1894 rare;
416 1829 460 1882 est
483 1813 562 1882 enim
585 1819 824 1889 innumerabilis:
855 1822 951 1882 omnis
980 1821 1057 1880 enim
1081 1837 1150 1899 pars
1173 1815 1328 1888 orationis,
1352 1820 1469 1898 quando
1494 1819 1598 1879 desinit

303 1940 377 1992 esse,
400 1922 478 2003 quod
503 1931 555 1994 est,
579 1909 754 1984 aduerbium
777 1923 819 1983 dt.

388 2143 407 2204 i.
430 2140 491 2205 27⁸
514 2144 686 2223 Sergius:
711 2144 792 2206 {ntus
815 2151 844 2204 et
866 2144 937 2204 ioris
959 2143 1200 2222 significationem
1225 2142 1342 2204 dubiam
1366 2141 1487 2204 habent.
1527 2143 1596 2206 Nam

305 2249 385 2308 etin
408 2245 474 2306 loco
497 2245 586 2310 etde
608 2244 674 2306 loco
697 2246 889 2324 significant..
907 2255 939 2305 ut
960 2244 1031 2306 ioris
1053 2262 1133 2314 sum,
1157 2248 1236 2306 intus
1259 2264 1339 2320 sum,
1363 2245 1436 2306 ioris
1459 2264 1495 2306 eo
1519 2248 1596 2306 intus

217 2379 220 2386 ·
303 2367 348 2410 eo.
394 2348 529 2410 ‘deintus
552 2349 637 2410 exeo'
661 2366 720 2408 non
743 2347 884 2418 dicimus,
915 2349 983 2427 quia
1005 2365 1066 2407 non
1089 2345 1159 2408 iicet
1180 2347 1430 2426 praepositionem
1454 2345 1629 2408 aduerbion

303 2451 466 2531 separatim
489 2449 660 2529 adiungere.

385 2651 460 2715 ibid.
485 2654 657 2733 Sergius:
681 2651 841 2713 Sciendum
857 2662 903 2713 est
918 2659 1026 2722 autem,
1043 2650 1122 2729 qood
1140 2668 1247 2711 nomen
1271 2650 1489 2712 etaduerhium
1507 2671 1597 2733 quan-

302 2756 370 2818 dam
399 2759 478 2819 inter
505 2774 537 2817 se
566 2755 676 2817 habent
704 2758 910 2833 cognationem
939 2764 969 2814 et
997 2752 1120 2816 aiterum
1149 2774 1203 2834 pro
1232 2752 1326 2815 altero
1356 2756 1482 2833 positum
1503 2764 1599 2830 potest

303 2859 470 2935 significare
493 2857 581 2928 aliud,
604 2857 656 2918 sed
680 2865 783 2918 tenere
805 2857 866 2918 uim
890 2875 982 2918 suam.

387 3080 407 3140 i.
430 3075 493 3140 27Ιὶ
522 3079 694 3157 Sergius:
724 3078 915 3159 Participinm
946 3077 1057 3138 dictum
1085 3085 1141 3146 est,
1176 3079 1261 3158 quasi
1288 3080 1501 3158 particapium,
1532 3096 1629 3138 necnon

303 3182 383 3260 capit
411 3197 521 3258 genera
553 3189 582 3241 et
609 3198 694 3240 casus
716 3198 732 3239 a
756 3181 890 3248 nontine,
921 3199 936 3240 a
959 3178 1054 3240 uerbo
1082 3187 1213 3258 tempora
1237 3186 1266 3240 et
1288 3181 1535 3258 significationes,
1563 3179 1597 3240 ab

304 3290 431 3362 utruque
453 3299 613 3342 numerum
637 3289 666 3342 et
688 3281 812 3360 figuram
834 3282 948 3361 recipit

389 3487 409 3545 i.
431 3482 493 3547 281ι
516 3485 687 3563 Sergius:
719 3484 769 3546 illa
793 3493 890 3546 autem
913 3487 1048 3555 nomina,
1076 3503 1151 3566 quae
1173 3484 1277 3546 faciem
1301 3487 1525 3565 participiorum
1549 3486 1595 3548 ira-

304 3588 376 3650 bcnt
398 3598 427 3649 et
450 3587 596 3665 quendam
620 3587 748 3648 colorem
772 3607 868 3668 neque
892 3597 961 3649 sunt
984 3596 1083 3650 tamen
1106 3589 1270 3667 participia.
1293 3597 1326 3650 ut
1348 3607 1450 3650 amens
1464 3588 1596 3655 demens,
1687 3665 1688 3678 .

304 3689 432 3753 ablatiuo
454 3693 485 3751 in
507 3693 518 3750 i
541 3707 662 3769 prorsus
685 3688 794 3750 debent
817 3691 906 3759 exire,
931 3697 963 3749 ut
985 3689 1021 3751 ab
1044 3688 1101 3751 hoc
1123 3691 1232 3750 amenti
1254 3689 1302 3752 uel
1326 3690 1363 3752 ab
1386 3691 1442 3752 hoc
1457 3690 1629 3752 dementi-n
1687 3681 1688 3717 i

308 3880 530 3888 ..p-...—

379 4017 392 4064 1
412 3994 483 4080 per-'¹'
543 4015 560 4063 4
579 4010 716 4080 iuuencus]
737 4013 836 4078 Euang.
854 4013 911 4062 ittet.
930 4013 971 4062 tid.
991 4011 1038 4062 IV
1054 4013 1094 4062 ed.
1107 4013 1173 4064 Bere.
1187 4019 1245 4064 tom.
1259 4013 1274 4062 1
1281 4015 1308 4064 V
1316 4029 1341 4078 p.
1356 4016 1387 4064 76
1399 4015 1423 4062 D
1475 4017 1491 4064 5
1510 4015 1596 4064 occidit

305 4095 333 4132 ut
350 4081 445 4147 pariter
463 4107 495 4118 ·-
514 4081 783 4132 terrentBenedictini
833 4096 916 4145 poene
933 4081 1066 4130 consorcia
1134 4081 1220 4139 deci,
1239 4082 1274 4144 cf.
1287 4081 1374 4131 Seruii
1390 4097 1474 4132 comta.
1493 4085 1595 4134 inDon.

302 4167 331 4214 p.
345 4152 407 4213 438,
427 4151 507 4215 1714,
525 4151 568 4216 qui
585 4151 643 4200 aliia
661 4155 759 4200 omnino
777 4149 905 4200 uocabulis
921 4150 1012 4198 cimilia
1029 4149 1111 4200 docet.
1181 4149 1306 4215 Spocius
1376 4151 1408 4200 to
1425 4149 1546 4219 Sergius]
1563 4152 1596 4213 cs.

301 4214 422 4284 [Sergii]
439 4223 574 4284 explanat.
592 4221 619 4267 in
636 4219 702 4269 Bon.
721 4235 747 4282 p.
766 4220 825 4281 509,
837 4219 873 4266 33
892 4223 917 4266 et
935 4216 1021 4266 Sentii
1037 4214 1152 4282 [Sergii]
1170 4233 1255 4267 comrn.
1274 4219 1300 4266 in
1319 4219 1385 4270 Doo.
1403 4233 1430 4281 p.
1450 4221 1514 4282 439,
1533 4223 1566 4268 22

305 4301 453 4344 emuperare
523 4289 553 4335 11
572 4286 675 4335 discinit
762 4287 793 4334 12
810 4285 959 4334 nduerbium
978 4286 1012 4334 sit
1114 4287 1146 4336 13
1168 4286 1203 4348 cs.
1226 4282 1342 4351 [Sergii]
1363 4289 1470 4351 copton.
1488 4290 1515 4337 in
1534 4287 1595 4337 uon.

304 4371 330 4418 p.
351 4356 469 4415 510,17;
489 4355 557 4404 intus
576 4353 648 4414 ioris,
668 4369 726 4403 nem
745 4353 807 4402 haec
824 4353 884 4412 duro,
903 4354 971 4402 intus
991 4363 1015 4402 et
1032 4352 1103 4412 ioris,
1117 4355 1244 4418 geminem
1264 4353 1356 4402 trahent
1374 4353 1595 4419 significationem,

306 4424 330 4470 in
350 4421 405 4472 ioco
425 4433 448 4471 et
466 4422 571 4505 deloco
590 4448 637 4486 -‚
661 4428 687 4472 et
703 4421 775 4486 infra
792 4424 842 4472 23:
874 4435 930 4469 nam
958 4422 1116 4487 praepositio
1144 4423 1282 4486 separatim
1309 4421 1432 4471 nduerbio
1459 4437 1595 4527 nnmpnnm

306 4550 391 4605 potest
408 4540 523 4606 adiungi.
553 4541 593 4605 Gs.
608 4543 682 4591 etiem
694 4541 780 4606 Sergii
791 4546 871 4590 ortem
884 4540 1040 4590 Bernencem
1057 4541 1129 4590 daim
1146 4539 1206 4590 iibri
1221 4557 1247 4604 p.
1261 4544 1319 4602 155,
1334 4543 1370 4590 23
1440 4542 1472 4592 17
1480 4500 1595 4591 ηυιῗοηκὶι

306 4611 338 4660 18
356 4624 403 4674 pro
421 4609 537 4666 aiterum,
556 4625 625 4659 corr.
645 4625 684 4658 -ro
702 4625 732 4658 m.
751 4607 784 4657 11
852 4618 938 4674 potest
954 4609 1046 4658 addidi
1129 4609 1163 4658 20
1183 4609 1218 4668 ef.
1238 4607 1324 4659 Seruii
1340 4624 1425 4658 comm.
1444 4611 1471 4659 in
1489 4611 1554 4662 lion.
1570 4626 1595 4672 p.

306 4679 365 4738 400,
382 4679 413 4734 2;
432 4680 491 4740 410,
509 4680 559 4734 27,·
576 4673 692 4742 [Sergii]
710 4680 815 4741 erepton.
827 4693 853 4741 p.
868 4678 926 4739 489,
938 4679 968 4734 2,·
986 4679 1048 4738 513,
1060 4679 1089 4732 9;
1108 4675 1194 4726 Seruii
1210 4673 1327 4742 [Sergii]
1345 4693 1431 4726 comm.
1444 4693 1471 4742 p.
1482 4680 1541 4739 440,
1552 4680 1596 4730 17.-
1684 4695 1685 4717 1

304 4741 376 4794 deduc
393 4745 453 4794 iibri
467 4761 494 4809 p.
513 4749 572 4806 155,
591 4748 624 4794 29
695 4745 857 4809 participium
877 4759 933 4793 nant
1021 4747 1054 4793 22
1073 4737 1204 4796 ndmerum
1306 4749 1340 4796 23
1358 4745 1393 4808 cf.
1413 4744 1500 4795 Seruii
1515 4761 1597 4796 comm.

302 4828 329 4874 p.
350 4814 408 4876 409,
430 4817 477 4869 27,·
495 4829 520 4877 p.
541 4817 599 4874 417,
618 4818 647 4870 5,·
667 4815 752 4863 Seruii
768 4810 884 4877 [Sergii]
902 4829 986 4864 cortem.
1000 4829 1027 4877 p.
1042 4815 1102 4875 134,
1117 4816 1163 4870 17,·
1180 4810 1296 4878 [Sergii]
1314 4816 1419 4878 explan.
1437 4831 1463 4878 p.
1479 4817 1538 4877 497,
1551 4816 1595 4866 20:

303 4895 328 4944 p.
350 4882 472 4944 513,15.
1089 4909 1095 4918 -
