3394 5448
515 341 590 392 CVM
609 341 815 394 uxcnur'rls
833 341 1005 396 tunulum.

587 529 635 594 DE
663 529 924 594 nurtrhssno.

195 695 244 781 [li.
261 698 348 783 63⁸1!
371 702 506 782 syncope
534 710 580 762 est
601 700 711 762 ablatio
733 700 771 762 de
793 702 889 763 media
912 702 1041 764 dictione
1063 703 1211 763 contraria
1235 703 1399 782 epenthesi,

109 791 140 844 ut
163 785 326 848 ‘audacter’
351 805 405 867 pro
428 786 603 848 ‘audaciter'
628 796 658 847 et
679 790 787 848 ‘norat'
812 807 866 867 pro
888 790 1047 849 ‘nouerat'.
1093 786 1287 850 Sedulius:

277 872 388 944 Quem
411 881 521 934 norat
543 891 613 934 non
638 891 719 934 esse
742 871 807 934 Dei
830 876 1046 954 passimque
1068 881 1254 934 cateruas.

85 957 246 1019 s‘uorsan’
270 975 326 1038 pro
348 956 506 1020 ‘forsitan’.

277 1044 347 1104 'ier
368 1041 391 1125 †
413 1062 547 1105 nomen
570 1061 607 1104 se
631 1045 710 1104 suis
732 1043 896 1105 redeunt
917 1051 1013 1104 stata
1036 1051 1204 1124 tempora
1227 1046 1338 1107 metis

109 1145 163 1206 pro
187 1131 328 1190 ‘statuta’.

277 1214 391 1276 Troia
415 1232 512 1276 nunc
533 1213 674 1295 placita
696 1223 904 1296 conpostus
927 1233 1016 1294 pace
1039 1215 1205 1293 quiescit

108 1317 163 1378 pro
186 1302 395 1380 conpositus.

73 1480 96 1520 ¹⁰
192 1466 241 1551 [li.
258 1467 319 1532 63¹²
335 1467 347 1552 [Ι
365 1471 512 1534 Diaeresis
534 1479 580 1534 est
601 1472 739 1534 discissio
761 1470 889 1552 syllabae
911 1474 1000 1532 unius
1022 1473 1050 1532 in
1075 1469 1149 1532 duas
1171 1471 1263 1541 iacta,
1287 1471 1377 1532 sicut:

278 1555 354 1618 uiti
377 1557 578 1638 respondit
600 1577 666 1619 rex
690 1557 795 1619 albai
818 1556 968 1634 Longai.

108 1638 190 1700 Vnde
213 1641 325 1720 antiqui
348 1641 474 1704 ‘Albam'
500 1650 528 1704 et
551 1643 718 1721 ‘Longam',
741 1661 817 1721 quse
839 1650 909 1703 sunt
924 1642 1043 1702 nomina
1059 1641 1174 1721 primae
1189 1640 1400 1710 declinationis.

108 1726 273 1802 genitiuum
297 1726 479 1804 singularem
503 1731 532 1788 in
555 1747 587 1789 as
609 1728 776 1798 mittebant,
800 1727 935 1789 datiuum
956 1725 1136 1804 singularem
1159 1729 1188 1787 in
1213 1727 1249 1786 ai.

278 1811 412 1874 Saulus
433 1812 572 1875 Paulus
595 1814 738 1876 Christi
762 1831 840 1876 cum
862 1813 964 1874 iacta
986 1819 1152 1889 negaret.
1177 1845 1215 1856 —

74 1905 96 1946 1⁵
278 1896 353 1958 hux
375 1899 484 1961 datur
506 1907 594 1960 ante
617 1899 759 1980 poium,
783 1898 844 1959 lux
868 1894 962 1958 clari
985 1915 1097 1958 causa
1120 1896 1207 1958 diei.

192 2065 381 2148 synaloephe
410 2073 455 2133 est
483 2087 537 2150 per
565 2072 816 2150 interceptionem
843 2068 1086 2130 concurrentium
1116 2066 1264 2130 uocalium
1285 2066 1401 2130 lubrica

109 2151 254 2230 quaedam
276 2151 410 2234 lenisque
433 2154 567 2226 conlisio,
590 2163 639 2216 ut:

276 2241 394 2320 Atque
417 2259 456 2302 ea
480 2240 633 2302 diuersa
656 2241 808 2320 penitus
830 2239 912 2300 dum
935 2246 1045 2318 parte
1068 2248 1271 2316 geruntur.

107 2342 160 2402 pro
184 2326 284 2405 ‘atqua
306 2327 363 2386 ea'.
410 2325 489 2388 Haec
511 2345 526 2386 a
549 2325 774 2405 quibusdam
796 2325 937 2404 syncrisis
959 2325 1138 2386 nominatur.
1175 2322 1386 2402 Vergilius:

74 2419 95 2460 ²⁰
276 2408 391 2472 hiulta
408 2429 553 2492 quoque
569 2410 884 2489 ethellopassns‚
906 2409 987 2471 dum
1003 2409 1344 2472 conderetnrhem.
1360 2443 1403 2454 -

277 2493 368 2557 Cara
391 2495 483 2559 mihi
505 2493 589 2560 ante
613 2495 721 2558 alias:
745 2513 867 2575 neque
890 2497 984 2556 enim
1007 2513 1133 2572 ,nouus
1151 2496 1223 2556 iste
1246 2495 1400 2556 Dianae.

7 2621 8 2624 κ
107 2577 227 2659 Eliipsis
250 2589 296 2641 est
317 2583 467 2661 superiori
495 2585 646 2644 contraria
674 2581 898 2642 consonantium
928 2599 995 2642 cum
1025 2578 1180 2642 uocalihus
1203 2599 1308 2660 aspere
1331 2598 1401 2641 con·

7 2663 9 2730 ῤ
108 2667 292 2727 currentium
316 2668 461 2746 quaedam
484 2667 615 2729 difficilis
637 2685 672 2728 ac
694 2666 767 2728 dura
790 2665 931 2734 conlisio‚
958 2674 1004 2726 ut:

8 2769 10 2844 y
108 2836 120 2895 l
505 2749 1309 2815 multumilleetterrisiactatusetalto.

8 2889 9 2900 2
74 2843 194 2897 ²⁵tem:
249 2883 252 2887 .

276 2921 357 2983 Stat
379 2922 507 2984 domus
530 2930 564 2984 et
586 2921 734 3002 scopuli
756 2924 946 3001 ingentem
969 2929 1121 2983 traxere
1144 2923 1301 2982 ruinam.

108 3006 194 3068 llem:

276 3091 301 3154 0
323 3091 479 3156 multum
501 3101 585 3154 ante
608 3093 702 3154 alias
726 3091 861 3154 infelix
885 3091 1016 3154 littera
1039 3089 1176 3153 thetta.

109 3176 269 3238 Antithesis
292 3184 336 3238 est
358 3175 471 3239 litterae
493 3196 547 3258 pro
570 3176 669 3240 littera
691 3181 816 3258 positio.
839 3184 872 3238 nt
895 3177 969 3239 ‘olli’
994 3196 1048 3257 pro
1071 3174 1150 3238 ‘illi'.
1190 3176 1400 3255 Vergilius:

75 3270 97 3311 ³⁰
276 3261 351 3324 Olli
372 3263 576 3325 subridens
598 3262 785 3324 hominum
808 3272 909 3324 sator
932 3269 1041 3342 atque
1065 3261 1230 3323 Deorum.

108 3346 190 3408 Sicut
210 3349 332 3409 ‘nonus'
357 3367 410 3428 pro
433 3348 569 3420 ‘bonus';
592 3352 670 3411 sicut
692 3351 855 3429 ‘optumus'
880 3366 935 3429 pro
958 3349 1123 3428 ‘optimust

108 3467 335 3478 --u—=—

110 3549 155 3584 ΙΙΙ
172 3549 218 3584 ur
239 3549 271 3584 DI
313 3549 336 3584 Β.

157 3549 367 3665 ¹ivlud'dnus
392 3626 422 3680 p.
446 3613 498 3666 33:
531 3610 655 3685 Syncope
678 3639 720 3652 --
742 3607 879 3664 audaciter
906 3617 934 3664 et
961 3615 1110 3664 commorat
1138 3624 1188 3682 pro
1217 3615 1401 3663 commouerat

110 3699 134 3746 et
156 3701 236 3748 norat
259 3709 310 3765 pro
333 3704 448 3751 nouerat
472 3725 509 3736 -
533 3703 658 3751 cateruas
681 3703 709 3751 et
731 3701 838 3764 cetera,
861 3695 979 3764 reliquie
1002 3694 1120 3748 omissis.

194 3777 233 3836 10
255 3775 390 3836 Iulianus
410 3798 439 3850 p.
463 3783 500 3837 33
521 3785 650 3835 extremo
672 3781 732 3835 loco
755 3776 835 3836 ‘hux
856 3809 898 3818 --
921 3777 987 3834 diei'
1010 3781 1118 3834 omisso.

152 3858 157 3872 '
195 3863 231 3920 16
254 3862 387 3921 Iulianus
407 3881 436 3934 p.
461 3868 514 3920 33:
542 3862 777 3943 synaloephe-
800 3873 941 3938 geruntur.
987 3861 1057 3918 llaec
1079 3877 1092 3918 a
1116 3861 1276 3935 quibusdam
1305 3877 1401 3936 synae-

112 3947 179 4004 resis
201 3949 365 4006 nominatur.
413 3947 555 4021 Virgilius:
578 3948 660 4005 hlulta
683 3978 724 3989 -
748 3949 857 4018 urbem,
880 3952 988 4006 caussis
1011 3945 1084 4005 ‘cara
1106 3979 1147 3986 —
1170 3947 1287 4004 Dianae'.

193 4032 232 4089 22
255 4034 389 4090 Iulianus
408 4050 437 4103 p.
461 4037 513 4090 33:
536 4033 645 4107 Ellipsis
668 4042 711 4092 esi
732 4036 866 4091 contraria
889 4065 931 4076 -
954 4043 981 4090 et
1002 4032 1075 4105 alto,
1098 4035 1202 4090 ceteris
1224 4034 1341 4090 omissis.

193 4117 232 4176 29
254 4118 388 4175 Iulianus
408 4136 437 4191 p.
463 4122 514 4175 33.-
537 4121 751 4176 Antithesis-
774 4120 899 4176 Deorum.
944 4119 1077 4193 optumus
1100 4136 1151 4192 pro
1175 4119 1302 4192 optimus.

114 4235 337 4245 ⁸—-

114 4315 219 4352 conrors
236 4315 396 4352 nssnnnsrs
414 4304 464 4353 207
483 4316 630 4355 rsarsrss.

174 4371 190 4419 2
207 4371 314 4435 sincope
382 4373 399 4421 3
417 4366 549 4437 Seduiins]
574 4370 615 4420 lid.
635 4370 688 4420 III
704 4378 761 4421 tom.
785 4370 826 4420 VI
843 4386 870 4435 p.
890 4372 941 4420 Idi
960 4371 981 4420 G
998 4372 1038 4421 ed.
1057 4369 1124 4420 Bes.
1199 4371 1216 4418 4
1234 4383 1307 4430 quem
1328 4379 1402 4419 norst

114 4450 160 4485 rron
176 4453 233 4488 esse
251 4437 333 4488 Deum
351 4437 551 4503 Iulianuainon
570 4455 616 4489 om.
704 4436 826 4504 8Troia]
852 4439 930 4502 Verp.
950 4439 1017 4490 Aen.
1038 4437 1055 4488 I
1071 4440 1122 4488 249
1211 4438 1366 4488 10dieresis

113 4502 210 4554 sillabas
281 4508 311 4556 11
332 4503 391 4572 Olli]
412 4505 491 4557 Ennii
508 4523 609 4567 omaus,
629 4508 663 4571 cs.
684 4508 748 4557 Dua.
767 4523 794 4571 p.
815 4509 879 4570 39⁶,
899 4509 931 4555 19
1001 4509 1032 4557 13
1050 4508 1075 4555 in
1095 4521 1123 4556 ss
1141 4504 1268 4556 iaciebant
1286 4506 1401 4556 Iulianus

116 4573 258 4624 llisiualiie
328 4575 360 4624 18
379 4571 472 4640 Atque]
495 4575 572 4640 Verp.
593 4576 658 4625 Aen.
677 4575 722 4625 IX
739 4578 754 4624 1
808 4587 866 4640 pate
935 4576 966 4626 19
985 4575 1099 4624 sinerisis
1169 4577 1202 4625 20
1222 4569 1311 4639 linita]
1332 4575 1400 4627 Aen.

114 4638 160 4688 15
225 4645 256 4692 21
277 4639 354 4708 sura]
377 4643 454 4708 Verp.
473 4645 538 4694 Aen.
557 4643 603 4692 IX
618 4646 672 4693 5³⁷
722 4643 891 4705 antealiryuis
942 4642 1016 4692 diane
1093 4644 1125 4692 22
1145 4643 1272 4707 superiori
1291 4655 1337 4691 orn.
1356 4641 1400 4690 Iu-

114 4709 187 4760 lianus
264 4708 434 4775 demultum]
457 4710 695 4776 Verp.Aen.13
746 4713 779 4762 26
798 4709 865 4776 Stat]
889 4711 965 4775 Verp.
985 4711 1050 4760 Aen.
1074 4705 1151 4760 VIII
1169 4712 1218 4759 192
1270 4712 1398 4773 mgentem

115 4778 206 4842 scopuli
251 4777 323 4829 280
342 4775 460 4844 multum]
481 4779 520 4837 Os.
540 4779 605 4832 Iatd.
625 4782 689 4845 erip.
710 4779 724 4830 1
744 4781 805 4840 3,8
862 4781 895 4832 29
913 4778 1065 4830 anthithesis
1124 4779 1233 4843 possitis
1285 4779 1319 4828 30
1337 4773 1400 4840 Olli]

117 4844 174 4897 Aeo.
194 4845 213 4896 Ι
229 4848 280 4896 254
349 4849 380 4897 31
400 4862 446 4913 pro
467 4848 576 4898 obrimus
