3420 5450
746 341 867 394 snssntt
886 341 1191 394 EXPLANA'I'IONES

989 527 1115 611 [Sergii]
1140 529 1361 609 explanationes
1383 533 1413 592 in
1437 533 1510 594 lion
1536 531 1579 594 lib.
1601 535 1608 594 l

1150 631 1262 692 codicis
1284 631 1456 694 Lauantiul:

329 731 396 792 dunt
427 732 521 793 onntis
549 742 596 794 tua
625 733 791 794 substantia
820 735 958 796 distracta
987 742 1061 804 tent,
1093 742 1122 794 et
1144 733 1217 794 dicis
1239 733 1282 794 illi
1305 734 1420 812 ‘lege’:
1458 734 1611 814 obiurgasti

328 841 373 893 est
394 843 511 912 praeter
535 835 653 896 dontutn
677 845 766 898 luant.
986 835 1104 916 quidem
1129 853 1196 896 euin
1220 834 1441 915 neglegentem,
1465 837 1544 914 qetod
1560 858 1610 899 non

986 937 1078 1014 legat,
1102 937 1229 998 sednon
1251 937 1423 1008 ostendisti,
1446 939 1527 1020 quod
1550 959 1609 1018 pae-

986 1040 1066 1098 nitus
1095 1036 1167 1098 olbll
1196 1046 1279 1116 agat;
1317 1039 1364 1099 dic
1385 1039 1500 1102 ‘saltim
1525 1040 1610 1120 lege',

985 1136 1137 1199 ostendisti
1166 1138 1317 1202 hominem
1346 1143 1376 1202 ln
1406 1143 1546 1203 omnibus
1567 1161 1610 1203 ne·

985 1239 1168 1320 glcgentenn,
1193 1241 1260 1302 ‘nec
1282 1241 1355 1304 illud
1378 1261 1433 1304 uec
1449 1243 1522 1305 illud
1546 1247 1610 1323 agis,

984 1342 1080 1414 saltim
1104 1343 1251 1422 hoenge,
1275 1343 1371 1406 saltim
1394 1343 1483 1423 lege'.
1513 1345 1610 1407 Addita

985 1445 1058 1504 haec
1080 1446 1250 1506 coniunctio
1273 1445 1404 1526 expleuit
1425 1446 1515 1518 illud,
1540 1449 1610 1529 quod

984 1547 1082 1606 minus
1104 1557 1176 1607 erat.

369 1668 398 1728 p.
425 1647 499 1719 157,
523 1647 627 1711 6-28
650 1649 779 1712 Causalis
803 1660 860 1722 est,
884 1671 956 1731 quo·
1026 1667 1055 1727 p.
1079 1644 1156 1718 516,
1180 1645 1307 1710 20-32
1329 1648 1410 1711 latter
1433 1650 1567 1729 causales
1587 1663 1612 1714 et

328 1753 404 1812 tiens
432 1751 468 1811 de
500 1769 585 1813 causa
614 1751 752 1831 loquitur.
798 1753 889 1816 Causa
913 1762 958 1816 est
985 1748 1142 1810 rationales
1175 1749 1299 1812 naultunt
1334 1753 1467 1814 interest.
1519 1753 1611 1814 l‘rinno

327 1853 414 1924 baec,
444 1854 469 1915 si
497 1853 592 1914 debeo
615 1853 750 1915 occidere
778 1854 876 1926 illuni,
907 1865 957 1917 aut
983 1853 1059 1912 scire
1096 1850 1238 1912 debenus
1274 1852 1353 1914 aliud
1390 1872 1455 1914 esse
1486 1873 1611 1926 causant,

326 1965 357 2014 ut
380 1953 480 2016 tollam
503 1958 529 2016 ei
559 1955 769 2027 lacaedltatent,
800 1967 850 2018 aut
877 1958 955 2037 quod
983 1951 1061 2014 allud
1084 1954 1237 2014 rationem.
1269 1955 1361 2016 Causa
1386 1964 1444 2026 est,
1468 1974 1546 2034 quae
1568 1977 1612 2018 co·

326 2059 464 2118 inimicus
480 2057 552 2118 nnilti
569 2067 623 2119 est.
653 2058 738 2119 llunc
761 2060 786 2119 si
809 2059 954 2130 occidero,
983 2057 1026 2134 git
1049 2055 1085 2115 ad
1108 2053 1219 2132 aliquid
1244 2056 1426 2126 laciendum,
1449 2059 1538 2126 ratio,
1561 2078 1613 2138 qua

325 2166 355 2218 et
377 2158 484 2220 carebo
507 2161 636 2221 loltnico.
673 2160 743 2220 ldeo
758 2159 865 2221 diciteu
888 2180 955 2222 cau·
985 2159 1095 2217 utimur
1118 2159 1148 2216 in
1172 2157 1322 2218 l'aclendo:
1347 2169 1380 2220 ut
1401 2167 1471 2239 puta
1495 2161 1523 2221 sl
1539 2161 1615 2224 dicas

325 2260 492 2341 salis,quod
506 2271 685 2342 eoteuapore
698 2265 954 2344 ponitun,quando
984 2258 1098 2318 ‘occido
1121 2256 1272 2320 hominem
1296 2271 1326 2321 et
1347 2260 1418 2322 tollo
1441 2263 1506 2324 eius
1531 2261 1613 2323 bene·

325 2363 362 2424 do
385 2382 472 2426 eausa
496 2363 654 2443 loquimus.
984 2361 1123 2422 ditatem'
1147 2379 1234 2422 causa
1259 2370 1312 2425 cst.
1356 2363 1441 2424 Ratio
1469 2373 1532 2435 est,
1561 2385 1614 2444 qua

366 2465 545 2536 Rationalis,
574 2467 690 2546 quando
722 2467 831 2548 aliquid
861 2467 953 2549 loqui·
982 2465 1049 2539 quis
1078 2464 1170 2522 utitur
1198 2465 1229 2522 in
1260 2464 1410 2526 iaciendo:
1439 2484 1499 2545 quo
1530 2467 1614 2526 modo

323 2585 392 2628 mur
414 2567 451 2628 de
475 2570 600 2630 ratione.
646 2569 745 2647 Longo
774 2573 851 2632 enim
875 2570 953 2632 aliud
982 2583 1049 2626 eunt
1072 2564 1167 2624 debeo
1190 2565 1346 2626 occidere?
1384 2585 1501 2628 ueneno
1526 2570 1615 2640 terro,

324 2677 369 2729 est
384 2686 486 2740 causa,
509 2670 589 2731 aliud
607 2673 696 2742 ratio,
719 2671 794 2734 idest
809 2693 868 2753 elno
884 2673 953 2751 quid
982 2685 1035 2746 pet
1058 2667 1186 2726 inediam
1210 2676 1344 2744 noctem,
1367 2688 1421 2748 pur
1442 2669 1533 2739 diem,
1559 2688 1615 2747 quo

324 2769 476 2851 conpellon
505 2772 614 2834 iacere.
664 2773 756 2834 Causa
786 2783 844 2843 est,
879 2794 954 2855 quae
981 2771 1011 2830 in
1045 2767 1128 2829 locol
1172 2767 1314 2839 Quotiens
1348 2789 1419 2848 ergo
1452 2772 1489 2832 de
1529 2792 1616 2833 eausa

324 2891 378 2934 nos
407 2873 498 2934 trabit
520 2875 555 2935 ad
580 2874 757 2936 iaciendum.
802 2877 886 2937 llatio
911 2887 955 2938 est
982 2871 1126 2951 loqueris,
1157 2869 1267 2932 causali
1290 2881 1389 2949 uttrc3
1417 2876 1560 2953 quotiens
1581 2874 1615 2934 dc

322 2973 429 3035 anodus
451 2974 593 3046 faciendi,
620 2976 697 3038 idest
719 2997 777 3057 quo
800 2979 869 3059 quid
893 2981 953 3040 effi·
982 2973 1104 3042 natione,
1128 2971 1263 3034 nationali
1279 2982 1380 3043 ntem
1405 2977 1444 3038 ‘si
1459 2975 1545 3036 illuni
1569 2995 1615 3037 oc·

323 3077 433 3146 clatus,
465 3085 587 3156 utputa
611 3080 954 3152 ‘inlanleasmeusesu
983 3075 1092 3143 eldam,
1131 3071 1201 3135 tollo
1230 3076 1295 3136 elus
1324 3075 1553 3138 laenedltatetn’:
1592 3080 1614 3138 si

323 3177 425 3238 occido
454 3175 536 3238 illum
570 3189 693 3260 ltnoptet·
726 3181 953 3244 lneneditatent':
983 3174 1107 3238 causalis
1129 3185 1189 3244 vsi.
1219 3175 1295 3236 beno
1318 3176 1416 3239 dixisti
1439 3179 1481 3248 Sl}
1507 3179 1616 3240 ‘tiebffl

323 3278 396 3340 baec
424 3299 527 3348 causa;
557 3282 627 3342 ‘sed
656 3281 737 3344 solus
759 3283 853 3344 debeo
877 3286 953 3344 ocei-
984 3296 1099 3339 ueneno
1121 3276 1274 3353 occidere,
1303 3277 1397 3339 debeo
1420 3278 1513 3351 claun,
1546 3299 1615 3360 engo

322 3381 410 3452 dem
435 3401 549 3450 uereor,
574 3385 598 3444 si
621 3402 678 3445 nou
699 3385 954 3447 sotusdebeooc.
981 3379 1111 3440 latebo’:
1157 3381 1295 3459 quonlam
1333 3398 1404 3458 ergo
1441 3384 1614 3445 coniunctio

322 3483 437 3554 cidere,
468 3501 505 3544 ne
528 3484 765 3564 deprehendan':
799 3489 870 3549 llaec
894 3473 953 3548 non
981 3482 1132 3542 rationalis
1169 3492 1228 3552 est,
1267 3481 1342 3542 bene
1379 3483 1488 3546 dixisti.
1543 3484 1615 3544 lllud

322 3603 423 3655 causa,
453 3585 504 3647 sed
535 3589 609 3648 natio
632 3599 685 3650 est,
731 3589 808 3668 Ergo
835 3591 1079 3725 qaand0⁴tatnen
1103 3585 1180 3644 scire
1202 3583 1360 3658 debemus,
1383 3584 1461 3662 quod
1479 3585 1533 3646 tabi
1551 3597 1618 3649 sunit

321 3685 495 3748 donatione
518 3688 674 3768 loquimur,
704 3692 876 3753 rationalem
900 3712 952 3772 po-
980 3686 1154 3755 rationales,
1184 3687 1271 3746 etlam
1301 3686 1433 3750 causales
1456 3707 1527 3751 esse
1551 3709 1616 3770 pos-

321 3789 418 3850 uimus
462 3792 714 3861 coniunctionen1;
754 3794 872 3872 quando
916 3794 952 3854 de
980 3796 1064 3855 suntt
1088 3787 1138 3848 ubl
1153 3797 1251 3849 autem
1268 3787 1500 3860 consultassent,
1527 3797 1615 3852 ratio-

322 3910 424 3961 causa,
456 3890 589 3954 causales
617 3895 848 3957 coniunctiones.
893 3897 951 3957 Sed
979 3888 1061 3950 nales
1093 3910 1158 3952 csse
1191 3910 1249 3950 non
1279 3901 1415 3969 pessunt.
1467 3892 1506 3954 Et
1542 3897 1616 3954 ratio

320 3995 396 4053 scire
431 3992 538 4063 debes,
575 3995 654 4072 qnod
684 3995 753 4056 licet
784 3996 870 4058 nobis
897 4016 951 4076 pro
975 3986 1134 4054 'ntanllesta
1164 4000 1223 4062 est,
1259 3995 1326 4071 quia
1356 3992 1408 4054 ubi
1437 4003 1483 4057 est
1516 4015 1615 4064 causa,

320 4095 513 4158 rationalibus
536 4096 795 4158 coniunctionibus
819 4101 860 4159 uti
882 4118 951 4163 cau·
980 4113 1037 4154 noa
1068 4097 1167 4155 statim
1195 4096 1273 4154 inest
1307 4097 1395 4166 ratio,
1435 4096 1484 4157 ubi
1516 4109 1615 4160 auten

249 4193 251 4200 ’
320 4195 410 4264 sales:
445 4216 497 4276 pao
526 4199 694 4261 causalibus
721 4217 880 4278 numquam
909 4204 952 4262 uti
979 4205 1024 4256 est
1046 4200 1137 4264 natio,
1161 4197 1219 4256 iam
1241 4197 1297 4258 luit
1318 4217 1415 4260 causa.
1447 4201 1496 4273 Cf.
1515 4202 1619 4262 Seruii

320 4297 487 4361 sationales.
526 4299 689 4363 Rationalis
712 4310 756 4363 est
777 4303 878 4380 igitur,
902 4303 950 4364 ubl
977 4315 1082 4368 comat.
1099 4302 1131 4359 in
1146 4299 1223 4360 Bon.
1233 4317 1268 4376 p.
1287 4308 1353 4371 418,
1373 4308 1511 4363 17-23:
1536 4303 1617 4364 luter

319 4408 364 4460 est
391 4404 480 4481 ratio3
518 4401 643 4466 causalis
673 4410 732 4478 est,
770 4406 794 4464 si
826 4404 877 4466 ubi
907 4415 951 4467 est
978 4399 1109 4462 causales
1138 4409 1166 4461 et
1194 4400 1352 4463 rationales
1386 4403 1441 4463 boc
1475 4407 1615 4476 interest,

319 4521 421 4569 causa;
445 4501 569 4584 †lgltue
593 4513 690 4582 potest
712 4508 782 4586 poni
806 4509 830 4568 si
854 4506 902 4568 ubi
926 4511 950 4569 si
978 4501 1054 4579 quod
1087 4513 1156 4565 tnnc
1189 4507 1300 4565 utinnur
1331 4505 1516 4578 causalibus,
1550 4529 1615 4570 cuin
1689 4503 1690 4506 '

320 4623 378 4664 aton
393 4614 491 4683 potest
511 4609 596 4684 poni;
620 4609 709 4684 igitur
725 4608 774 4668 abl
791 4619 835 4669 est
850 4628 948 4690 causa,
977 4602 1014 4663 dc
1029 4621 1115 4666 causa
1133 4605 1292 4686 loquimur,
1317 4619 1385 4670 tunc
1406 4612 1615 4688 rationalibus,

238 4715 240 4720 ·
319 4708 555 4768 coniunctionem
586 4709 759 4770 rationalem
782 4730 841 4771 non
867 4660 1042 4792 potes'cum
1072 4707 1108 4768 de
1137 4709 1259 4773 ratione.
1306 4715 1399 4774 Causa
1428 4724 1474 4776 est
1502 4727 1616 4786 autom,

318 4825 447 4886 ponene;
479 4809 555 4886 quod
580 4811 603 4870 sl
627 4810 676 4871 ubl
700 4823 744 4873 est
767 4815 856 4884 ratio,
881 4833 948 4876 cau·
977 4830 1050 4890 quae
1074 4831 1128 4873 nos
1151 4815 1278 4894 inpingit
1307 4816 1343 4876 ad
1366 4815 1475 4897 aliquid
1501 4821 1615 4880 iacien-

435 597 483 640 ars
506 580 666 643 beritensis
688 581 752 641 cod.
775 578 853 642 207:
