3390 5444
315 325 374 391 118
831 327 899 381 ans
917 329 1091 382 nuouuua

396 517 429 578 ln
454 535 489 577 us
512 526 584 598 quot
605 535 715 596 genera
738 517 949 579 inueniuntur?
993 517 1073 579 ldest
1100 526 1254 597 quattuor,
1284 516 1444 578 masculina
1466 518 1584 580 leminina

313 628 415 680 neutra
445 620 628 689 communia;
658 619 867 690 masculinum,
897 627 929 680 ut
956 620 1005 680 laic
1032 618 1128 694 lepus.
1174 618 1244 680 lnde
1273 619 1491 680 Priscianus
1516 620 1584 682 dicit:

312 723 504 801 excipitur
533 720 640 799 lepus
666 720 826 802 leporis,
856 721 953 799 quod
982 719 1099 781 solum
1128 719 1372 784 masculinum
1402 722 1437 780 in
1463 739 1501 782 us
1521 741 1585 784 cor·
1668 789 1669 802 χ

312 832 453 903 reptam
488 821 665 884 desinens
697 805 837 884 tertiae
870 821 1142 885 declinationis
1174 825 1379 885 inuenitur.
1433 821 1469 883 Et
1499 825 1587 902 pignus
1668 805 1669 846 5

310 924 456 1006 pignoris,
486 923 604 1004 quando
632 924 670 985 de
697 923 757 1003 lilio
786 925 909 993 dicitur:
938 924 1056 1004 quando
1083 931 1180 986 autem
1211 923 1248 986 de
1274 932 1378 986 mutuo
1401 923 1519 993 dicitur,
1543 925 1604 986 hoec

310 1031 419 1108 pignus
447 1026 580 1105 pigneris
602 1027 680 1086 lacit.
725 1026 917 1102 Femininum
935 1029 1090 1106 proprium
1114 1029 1144 1087 in
1168 1045 1203 1088 us
1225 1034 1394 1108 correptam
1417 1025 1489 1086 baec
1509 1026 1588 1087 Venus

311 1128 442 1190 Veneris.
493 1126 725 1190 Priscianus:
761 1128 845 1188 idco
875 1127 993 1188 Venus
1021 1127 1176 1189 Veneris
1209 1129 1315 1200 iacit,
1351 1146 1396 1189 ne
1430 1129 1460 1188 si
1489 1127 1589 1189 Venus
1669 1169 1670 1204 3

310 1229 691 1300 Venideclinaretur,
716 1228 992 1291 dubitationem
1010 1229 1589 1308 haberetgenetiuuscumuerbo

276 1387 281 1398 .
311 1334 540 1412 imperatiuo
563 1333 691 1393 ‘neni'.
730 1331 912 1412 Appellatiua
937 1332 1077 1393 feminina
1100 1334 1131 1393 in
1155 1349 1190 1392 us
1212 1332 1399 1411 productam,
1423 1341 1456 1392 ut
1476 1331 1521 1392 hic
1541 1351 1590 1391 ser·

311 1436 389 1496 uitus
412 1434 509 1496 uirtus
530 1436 671 1495 iuuentus
694 1443 847 1504 senectus,
870 1435 941 1495 item
965 1433 1038 1494 liaeo
1062 1433 1149 1495 tellus
1172 1431 1301 1502 telluris,
1325 1433 1400 1495 haec
1421 1432 1504 1513 palus
1523 1434 1617 1513 palu-o

310 1536 368 1604 dis,
392 1536 467 1596 haec
490 1553 582 1616 pecus
605 1535 745 1614 pecudis,
769 1538 855 1597 incus
876 1535 1008 1604 incudis,
1033 1554 1068 1595 eo
1091 1535 1169 1615 quod
1193 1534 1343 1597 metalium
1366 1536 1437 1595 huic
1459 1537 1591 1604 incutitur,
1670 1601 1671 1604 Ἴ

310 1657 325 1698 a
355 1637 449 1699 uerbo
477 1636 553 1698 cudo
581 1635 760 1717 paenultima
789 1657 825 1699 cu
855 1636 1008 1718 producta.
1061 1636 1132 1698 ltem
1161 1637 1218 1698 lroc
1246 1656 1339 1717 pecus
1366 1637 1499 1718 pecoris,
1528 1637 1593 1717 quod

312 1747 451 1800 nctrtrum
482 1745 542 1799 est:
583 1740 779 1800 uetustissimi
808 1741 895 1800 etiam
923 1737 998 1799 ‘hoc
1020 1741 1114 1817 pecu’
1138 1737 1276 1799 dicebant
1299 1747 1328 1799 et
1349 1737 1504 1816 pluraliter
1525 1737 1594 1799 ‘haec

314 1843 430 1922 pecua’.
476 1839 664 1902 llostllius
686 1841 770 1903 dicit:

465 1942 581 2022 Saepe
605 1959 740 2021 greges
762 1961 917 2022 pecuum
942 1961 983 2010 ex
1006 1941 1179 2003 hibernis
1201 1941 1375 2022 pastibus
1398 1941 1537 2022 pulsae.
1609 1959 1625 1996 o

311 2046 465 2118 Solinus
495 2044 530 2104 de
553 2043 721 2105 Britannia:
751 2047 801 2105 ita
831 2043 1027 2124 pabulosa,
1058 2051 1095 2105 ut
1122 2062 1253 2123 pecua,
1284 2045 1356 2104 nisi
1385 2043 1598 2105 interduma

312 2143 487 2226 pastibus
513 2152 730 2215 arceantur,
759 2145 800 2206 ad
822 2145 1036 2225 periculum
1060 2152 1144 2223 agat
1167 2148 1334 2206 satietas.
1380 2146 1491 2207 Neutra
1514 2148 1598 2214 inus,

313 2254 345 2308 ut
377 2247 433 2308 hoo
462 2245 548 2339 lrolus
576 2246 688 2307 holeris
718 2245 821 2307 loedus
849 2263 959 2326 corpus
987 2255 1091 2326 pectus
1115 2247 1228 2321 foenus
1256 2249 1388 2309 loenoris
1418 2256 1448 2308 et
1476 2248 1599 2308 loeneris.

313 2347 396 2409 Vnde
419 2349 542 2410 loenero
565 2348 690 2410 uerbum
715 2357 744 2410 et
767 2349 945 2418 foenerator,
970 2349 1077 2428 pignus
1099 2347 1175 2410 latus
1197 2367 1305 2409 nrunus
1320 2347 1405 2411 sidus
1421 2348 1601 2410 ulcusuellns

313 2452 431 2512 uulnus.
448 2447 496 2534 111.
512 2446 592 2512 106b
609 2448 620 2532 ΙΙ
636 2449 709 2512 ltem
733 2460 837 2512 neutra
862 2449 1063 2531 monosyllaba
1087 2451 1192 2512 tertiae
1214 2449 1419 2512 declinationis
1441 2452 1471 2512 iu
1487 2470 1520 2511 us
1534 2451 1629 2512 desi-a
1672 2517 1673 2536 ,

318 2554 418 2614 nentia
441 2553 657 2633 producuntur,
682 2561 715 2612 ut
736 2552 793 2613 hoc
816 2556 863 2615 ius
882 2554 955 2614 iuris
977 2562 1025 2614 tus
1047 2553 1122 2613 turis
1141 2571 1193 2613 rus
1207 2554 1289 2614 ruris
1304 2569 1373 2614 crus
1388 2554 1494 2613 cruris.
1529 2553 1602 2616 Corn.

319 2657 419 2716 urania
443 2654 570 2717 duorum
594 2637 750 2732 generum,
779 2663 811 2716 ut
833 2654 881 2714 laic
904 2662 933 2715 ct
956 2654 1030 2716 haec
1051 2671 1122 2731 grus
1144 2656 1234 2734 gruis,
1257 2654 1305 2715 hic
1327 2653 1452 2716 ethaeo
1474 2673 1522 2716 sus
1543 2656 1602 2726 suis,

319 2757 397 2834 qnod
421 2765 451 2819 et
472 2759 558 2818 ‘suis’
582 2757 766 2817 nominatiuo
788 2755 906 2826 dicitur,
930 2763 978 2817 ut:
1002 2758 1079 2817 suis
1107 2756 1180 2818 lota
1210 2755 1379 2818 inuoluta
1408 2774 1495 2818 uero
1521 2756 1601 2817 luto.

317 2859 533 2928 Promisouum,
551 2867 583 2918 ut
598 2858 670 2919 haec
694 2831 891 2926 mus'mffrim
916 2875 1073 2919 commune
1097 2860 1185 2918 trium
1207 2875 1360 2936 generum,
1386 2866 1418 2919 ut
1435 2857 1482 2920 hic
1498 2867 1525 2918 et
1539 2858 1602 2918 lraec

315 2967 344 3020 et
357 2962 415 3036 doc
438 2969 524 3020 uetus
548 2961 667 3029 ueteris,
691 2959 740 3020 lrie
762 2968 793 3020 et
815 2958 889 3020 haec
912 2969 941 3019 et
964 2959 1020 3020 hoc
1041 2959 1132 3039 Ligus
1153 2959 1272 3037 Liguris
1294 2958 1331 3048 de
1352 2959 1472 3038 Liguria
1494 2958 1632 3038 gentiles
1673 2975 1674 2988 *

219 3087 222 3092 ·
315 3061 399 3121 Scire
415 3070 513 3122 autem
534 3061 689 3132 debemus,
712 3069 817 3122 neutra
840 3062 960 3122 nomina
984 3064 1089 3123 tertiae
1112 3061 1319 3123 declinationis
1341 3063 1371 3122 in
1395 3079 1430 3122 us
1452 3061 1603 3124 desinentia

317 3164 482 3223 triformem
506 3162 640 3242 regulam
663 3165 694 3224 in
717 3165 865 3242 genetiuis
887 3162 1012 3224 hahere:
1044 3171 1094 3224 aut
1117 3165 1195 3224 enim
1218 3165 1249 3223 ln
1272 3164 1332 3224 oris
1355 3165 1557 3232 terminantur,
1579 3173 1606 3222 ut

318 3282 427 3344 corpus
455 3267 590 3343 corporis
618 3272 722 3344 pectus
750 3267 881 3344 pectoris
904 3273 1021 3345 tempus
1045 3267 1201 3346 temporis:
1230 3267 1333 3325 autin
1357 3267 1430 3335 eris,
1461 3273 1492 3325 ut
1512 3263 1605 3324 loedus

318 3366 447 3428 foederis
469 3365 556 3428 holus
578 3366 699 3431 holeris.
735 3366 809 3427 ltem
832 3367 941 3446 pignus
964 3368 1097 3446 pignoris
1119 3367 1198 3437 lacit,
1221 3365 1340 3445 quando
1363 3365 1400 3426 de
1423 3365 1484 3427 tilio
1499 3366 1604 3432 dicitur,

317 3476 346 3530 et
369 3470 475 3549 pignus
497 3471 647 3550 pigneris,
670 3468 786 3549 quando
810 3466 847 3527 dc
870 3476 983 3529 mutuo.
1027 3470 1085 3530 dut
1106 3470 1136 3529 in
1159 3469 1221 3528 uris
1243 3477 1368 3536 exeunt,
1399 3475 1431 3527 ut
1454 3485 1504 3528 rus
1525 3468 1634 3527 rurisu

319 3571 354 3631 111
382 3572 480 3631 omnia
508 3572 699 3651 conparatlua
729 3577 834 3632 neutra
862 3571 893 3630 iu
922 3589 957 3630 us
985 3568 1150 3630 desinentia
1181 3571 1284 3630 tertiae
1311 3567 1515 3630 declinationis
1535 3574 1603 3636 sunt,

317 3672 437 3750 utplus
460 3671 554 3753 pluris
577 3681 606 3734 et
627 3675 724 3735 maius
748 3673 868 3733 maioris
890 3681 920 3732 et
942 3671 1047 3732 melius
1071 3671 1213 3731 melioris.

402 3772 436 3833 ln
459 3791 494 3834 ax
518 3783 589 3855 quot
612 3793 722 3853 genera
746 3773 955 3836 inueniuntur?
999 3773 1078 3835 ldest
1100 3773 1166 3850 tria,
1190 3770 1350 3833 masculino
1373 3772 1512 3834 leminina
1533 3787 1604 3830 com·

320 3877 434 3945 munia:
458 3875 653 3939 masculinum
676 3878 840 3955 proprium,
865 3882 897 3936 ut
916 3875 964 3936 lric
978 3877 1052 3937 Aiax
1068 3875 1172 3944 Aiacis,
1196 3879 1228 3934 ut
1244 3880 1289 3934 cst
1303 3871 1389 3934 illud:
1415 3875 1502 3934 Aiax
1524 3871 1604 3932 ierit

318 3978 465 4048 dolens:
495 3978 652 4047 feminina,
683 3987 715 4040 ut
736 3977 811 4040 lraec
833 3996 888 4057 pax
912 3979 1008 4058 pacis,
1035 3978 1141 4038 fornax
1160 3977 1315 4050 fornaces,
1338 3977 1454 4037 climax
1476 3973 1632 4038 elimacise

325 4151 547 4158 .---.--.-.-.-.-.

385 4263 608 4334 Πτίεο11ιιιιε]1
618 4283 645 4331 p.
659 4268 749 4330 2646
800 4266 936 4316 4desines
954 4265 1029 4314 tertia
1079 4265 1146 4314 lide
1162 4263 1368 4314 mortuodicitor
1428 4256 1600 4320 'll’risclanusl

318 4334 378 4398 lp.
392 4335 450 4393 269,
461 4337 494 4384 21
547 4335 609 4385 lucit
627 4336 682 4384 nesi
700 4349 782 4385 uenus
866 4335 898 4385 10
915 4335 1035 4383 inuentus
1100 4335 1130 4382 11
1150 4330 1277 4381 metallum
1297 4327 1366 4396 huic]
1385 4331 1458 4381 melle
1475 4329 1515 4380 hia
1576 4328 1600 4375 ta

318 4402 485 4453 ueturussimi
539 4405 570 4454 13
588 4403 637 4452 hoc
655 4400 846 4468 peludicabnut]
868 4402 907 4451 De
924 4417 955 4451 re
972 4401 1007 4466 cs.
1026 4401 1110 4452 Prisc.
1130 4400 1189 4464 lp.
1207 4402 1266 4458 270,
1285 4402 1306 4456 8,
1371 4401 1404 4449 14
1423 4399 1520 4450 ostillua
1575 4395 1601 4443 15

319 4471 423 4522 ibcmlis
442 4471 558 4537 parribus
577 4471 645 4538 pulsi
663 4471 695 4521 d'e
712 4470 851 4531 bratteata,
870 4470 961 4520 ontiero
979 4467 1062 4519 Solini
1078 4470 1182 4524 nomine,
1201 4469 1270 4548 quod
1286 4483 1322 4518 ex
1339 4467 1423 4517 Prisc.
1442 4467 1459 4516 1
1474 4483 1500 4531 p.
1514 4465 1602 4543 21111

318 4543 516 4658 sspffii'dle'ratur
533 4541 754 4658 1111111018111111111
798 4531 1181 4655 11111301111115111111111101Ὴ20
1199 4531 1601 4679 1111111115ΐθείιίιῗᾷ.131111111181111ξ1ὴ11Ι

320 4676 488 4726 monosillabn
557 4677 588 4725 21
609 4675 656 4726 lroc
673 4677 736 4725 iuris
805 4676 838 4724 22
856 4680 963 4724 dirarum
1015 4673 1088 4739 gruis
1105 4672 1129 4721 io
1197 4671 1292 4722 21111111
1361 4673 1396 4722 24
1413 4681 1441 4721 ut
1458 4685 1486 4720 ec
1549 4675 1602 4742 root

320 4757 349 4790 ec
367 4753 440 4792 uetus
510 4745 543 4794 ‘25
560 4742 650 4809 ligor-is
714 4744 747 4794 28
764 4757 858 4808 corpus
875 4755 982 4808 corporo
1035 4740 1109 4790 ledus
1129 4738 1222 4789 ledcris
1276 4741 1309 4790 29
1326 4739 1354 4789 di
1371 4739 1425 4790 lilio
1477 4741 1509 4791 30
1525 4737 1602 4804 pigno·

321 4809 357 4858 ris
376 4809 478 4874 quande
495 4821 582 4860 motuo
634 4821 679 4860 ant
695 4811 721 4860 in
740 4825 801 4860 rarus
819 4819 862 4859 arra
880 4819 975 4860 exerant
1035 4811 1068 4860 33
1086 4819 1137 4857 tren
1189 4809 1223 4857 34
1240 4808 1284 4856 iax
1341 4809 1374 4858 35
1393 4806 1483 4857 lornax
1500 4802 1602 4856 cremaris

1282 5015 1302 5044 ,Ὃ
