3394 5448
274 379 337 442 288
668 377 944 430 nrrrnneurmn
963 377 1174 430 sennonvu.

361 567 441 628 Inter
463 565 611 644 legionem
634 574 664 626 et
686 560 826 627 dilectum
854 564 911 626 boc
940 565 1078 633 interest,
1108 561 1187 641 quod
1215 561 1295 642 legio
1323 563 1431 623 dicitnr
1457 563 1488 624 ab
1518 581 1565 632 eo,

276 669 354 745 qnod
377 669 513 746 legantur
521 715 614 738 .....
638 667 778 737 dilectus,
807 685 883 746 quae
906 669 1034 727 maxime
1063 650 1227 744 diligimus,
1255 672 1289 725 ut
1316 664 1368 724 filii
1398 671 1427 725 et
1452 667 1565 743 cognati

278 769 324 829 uel
347 778 456 849 patres.

361 871 441 931 lnter
468 869 587 931 assidue
615 879 644 931 et
672 870 781 930 cotidie
810 869 868 931 boc
900 871 1039 938 interest,
1074 867 1152 945 quod
1181 867 1297 928 assidue
1326 865 1486 928 sedulitatis
1511 877 1567 938 est,

276 972 384 1033 cotidie
407 982 504 1032 autern
528 971 779 1050 perseuerantiae.
1579 983 1592 1023 s
1685 1013 1686 1016 ,

361 1073 442 1134 lnter
469 1081 584 1133 maeret
611 1083 640 1132 at
662 1080 796 1134 meretur
823 1071 881 1132 boc
910 1073 1048 1140 interest,
1077 1071 1155 1150 quod
1178 1078 1305 1140 maeret,
1333 1074 1387 1146 qai
1408 1071 1491 1131 tristis
1512 1079 1569 1138 est,

277 1183 425 1245 meretur,
451 1177 501 1254 qui
524 1191 559 1234 ex
583 1174 703 1234 alterins
725 1172 834 1233 iudicio
856 1190 958 1251 parem
983 1171 1116 1233 beneficii
1138 1174 1263 1250 gratiam
1287 1179 1445 1252 exspectat.

279 1329 282 1337 .
363 1277 443 1336 lotor
466 1275 679 1356 plenitudinem
703 1282 733 1334 et
753 1271 926 1353 plenitatem
942 1273 999 1335 boc
1013 1275 1153 1344 interest,
1177 1273 1255 1351 quod
1271 1273 1424 1354 plenitudo
1439 1275 1571 1354 corporis

277 1385 336 1446 est,
360 1378 486 1455 plenitas
508 1377 562 1437 rei.

361 1479 443 1539 luter
465 1496 572 1559 precor
595 1487 625 1538 et
647 1476 793 1556 deprecor
816 1477 872 1538 boc
894 1479 1035 1553 interest,
1058 1476 1135 1557 qnod
1157 1495 1315 1558 precamur
1337 1477 1440 1546 deum,
1462 1477 1569 1556 depre·
1584 1493 1607 1532 n
1686 1489 1687 1502 ¹

277 1597 380 1641 camur
403 1580 546 1642 homines.

361 1681 443 1742 lntor
466 1689 551 1741 tueor
573 1687 603 1740 et
625 1692 692 1742 tuor
709 1678 719 1762 ΙΙ
736 1683 756 1746 1.
775 1679 853 1742 11512
870 1679 881 1762 ΙΙ
897 1682 954 1741 lroc
977 1683 1117 1755 interest,
1141 1679 1220 1758 quod
1243 1689 1329 1741 tueor
1345 1680 1487 1752 custodio,
1502 1690 1573 1742 tuor

278 1782 374 1843 uideo.

361 1883 443 1944 lnter
465 1881 627 1944 ludibrium
651 1892 681 1944 et
702 1883 850 1944 ludicrum
872 1882 929 1944 lroc
951 1886 1090 1954 interest,
1113 1882 1192 1963 quod
1213 1881 1376 1944 ludibrium
1399 1886 1430 1945 in
1451 1883 1573 1946 alterius

276 1987 400 2060 iniuria,
425 1984 571 2046 ludicrum
595 1992 709 2054 antem,
733 2005 792 2065 quo
814 1987 872 2065 ipsi
894 1983 1076 2046 delectamur
1097 1988 1163 2047 sine
1186 1986 1358 2065 cuiusquam
1382 1987 1499 2046 iniuria.
1584 2001 1606 2040 1⁵

361 2087 443 2147 lnter
466 2085 574 2148 stillam
597 2095 628 2146 et
648 2091 761 2166 guttam
783 2086 840 2146 boc
862 2087 1002 2155 interest,
1027 2087 1106 2164 quod
1130 2085 1207 2147 stilla
1229 2087 1322 2158 cadit,
1347 2095 1430 2165 gutta
1452 2095 1517 2148 stat.

359 2188 442 2249 lnter
464 2186 553 2250 fidum
577 2195 607 2248 et
629 2186 746 2248 fidelem
769 2186 826 2248 boc
848 2189 988 2257 interest,
1012 2187 1092 2267 quod
1107 2186 1183 2249 lidus
1198 2188 1310 2249 amicus
1333 2187 1455 2258 dicitur,
1478 2187 1571 2249 fidelis

276 2309 391 2352 seruus.

360 2391 442 2452 lnter
458 2391 666 2469 cognoscimus
681 2399 711 2452 et
725 2391 914 2469 agnoscimus
937 2388 993 2450 boo
1015 2391 1156 2460 interest,
1180 2391 1258 2470 quod
1281 2393 1483 2469 agnoscimus,
1499 2410 1574 2469 quos

275 2495 357 2573 prins
379 2491 537 2554 babuimus
559 2494 682 2564 amicos,
707 2493 929 2570 cognoscimus,
952 2509 1028 2571 quos
1049 2509 1209 2572 numquam
1233 2491 1372 2558 uidimus.

359 2593 440 2654 lnter
462 2593 584 2656 tratrem
608 2604 638 2655 et
659 2611 833 2672 germanum
863 2593 919 2654 lroc
947 2595 1087 2662 interest,
1116 2593 1194 2673 quod
1222 2611 1383 2672 germanus
1411 2604 1457 2656 est
1483 2613 1574 2656 uerus

274 2697 365 2757 trater
395 2743 528 2758 .....
557 2702 642 2774 patre
665 2705 694 2756 et
716 2702 826 2766 matre,
855 2695 949 2755 irater
971 2712 1043 2754 uero
1067 2713 1102 2755 ex
1126 2693 1248 2755 diuerso
1270 2703 1357 2776 patre
1382 2695 1431 2758 uel
1453 2696 1572 2758 diuersa

275 2807 380 2858 matre.
622 2807 627 2814 “

359 2899 441 2961 luter
463 2916 595 2959 mersare
618 2907 648 2958 et
670 2914 807 2976 mergere
829 2897 886 2958 boc
909 2899 1048 2968 interest,
1078 2898 1156 2976 quod
1180 2917 1313 2960 mersare
1334 2902 1468 2980 saepius,
1492 2919 1573 2962 mer·

274 3019 346 3080 gere
368 3000 470 3061 semel.

359 3102 440 3163 lnter
474 3117 563 3179 agere
596 3118 714 3161 causam
747 3109 778 3162 et
809 3100 909 3162 dicere
945 3100 1003 3161 boo
1035 3101 1174 3171 interest,
1214 3101 1292 3180 qnod
1325 3103 1387 3180 agit
1419 3111 1574 3183 patronus,

276 3203 348 3264 dicit
370 3222 449 3264 reus.

359 3305 441 3365 lnter
464 3305 578 3364 eminus
601 3312 630 3363 et
652 3305 819 3365 comminus
841 3303 898 3365 boc
925 3305 1064 3376 interest,
1093 3304 1173 3384 quod
1200 3305 1316 3366 eminus
1338 3323 1374 3366 ex
1397 3305 1574 3385 longinquo,

275 3408 440 3468 comminus
461 3405 542 3466 sede.

342 3592 493 3658 blegentur
510 3591 625 3653 dilectus¹
643 3591 677 3654 cs.
699 3589 882 3654 Gotbofredam
933 3589 1090 3656 dilegamns,
1114 3607 1183 3642 eurr.
1201 3591 1338 3658 dilegimus
1391 3593 1458 3659 legio
1477 3595 1575 3645 dicitnr

275 3661 306 3710 ab
325 3675 354 3711 eo
372 3659 442 3723 qnod
459 3659 559 3725 legatur
577 3660 626 3708 uiri
644 3659 723 3709 loires
742 3669 767 3708 et
786 3658 858 3708 1111111
882 3659 1002 3719 militiae,
1024 3658 1132 3710 dilectus
1150 3672 1216 3723 qnae
1234 3686 1265 3696 -
1284 3659 1325 3711 nel
1341 3663 1462 3726 cognatio
1481 3673 1573 3728 patres

259 3745 449 3808 'Gotbofredua
464 3760 491 3808 p.
510 3745 569 3806 101,
587 3743 621 3806 cs.
640 3743 717 3809 lietff.
735 3760 763 3808 p.
783 3745 833 3793 278
900 3743 1041 3808 dcottidie
1058 3743 1107 3793 lroe
1125 3755 1163 3795 est
1180 3743 1285 3794 assidue
1302 3772 1334 3781 -
1353 3745 1468 3808 quotidie
1485 3759 1573 3796 autern

275 3812 480 3879 perseuerantiae
500 3811 671 3875 Gotdofredua
687 3828 715 3876 p.
736 3813 785 3860 101
853 3811 966 3860 timeret
1033 3811 1104 3874 qnod
1127 3823 1207 3862 meret
1224 3813 1304 3864 tristis
1322 3823 1361 3864 est
1412 3815 1456 3876 qui
1474 3826 1577 3864 moeret

274 3881 357 3931 tristis
380 3889 431 3941 est,
455 3889 564 3928 meretur
582 3889 665 3928 autem
685 3880 729 3942 qni
749 3903 776 3913 —
798 3877 921 3929 beneflcio
939 3880 1048 3944 gratiam
1067 3891 1199 3946 exspectat
1217 3880 1391 3944 Gotltofredna
1405 3899 1434 3946 p.
1454 3884 1519 3945 101,
1537 3885 1575 3944 cs.

275 3949 352 4014 Iieiff.
369 3965 397 4013 p.
415 3949 466 3998 281
551 3949 567 3998 8
584 3946 716 4011 plenitudo
734 3947 835 4006 -111,
854 3948 889 3995 ita
906 3947 1090 4011 plenitudinem
1108 3949 1243 3998 obesorum
1262 3949 1404 4012 bominum,
1422 3949 1573 4014 plenitatem

275 4019 362 4065 uariae
380 4017 416 4064 rei
433 4016 543 4064 dicimus
561 4014 696 4064 cuiuslibet
715 4014 888 4077 Gothosredaa
904 4017 1069 4079 11101105,
1087 4018 1122 4079 cs.
1140 4017 1218 4080 lieiff.
1234 4033 1260 4080 p.
1280 4019 1330 4068 28⁷
1399 4020 1431 4069 10
1447 4017 1575 4083 depreca-

274 4100 332 4134 mur
349 4084 424 4132 deum
442 4097 576 4148 precamur
593 4081 708 4132 homines
728 4080 900 4144 Gotbofredus
916 4099 944 4146 p.
963 4085 1027 4145 105,
1045 4085 1081 4147 cf.
1099 4085 1176 4148 Reiff.
1193 4100 1220 4148 p.
1239 4085 1290 4134 287
1369 4087 1400 4134 12
1417 4086 1537 4136 custodia

275 4164 397 4202 tueor-
417 4151 491 4200 uideo
511 4150 686 4213 Gotdosredue
701 4167 728 4214 p.
747 4153 804 4210 105,
823 4151 858 4213 ef.
876 4150 953 4214 lletff.
970 4167 998 4214 p.
1017 4153 1071 4202 293
1158 4150 1343 4202 teloniarium
1366 4151 1415 4202 boc
1437 4164 1478 4202 est
1498 4155 1572 4216 quod

235 4219 426 4288 ·ludiibrinm
495 4220 527 4268 15
545 4217 679 4268 ludicrinm
698 4227 742 4266 ent
759 4218 829 4280 quod
846 4218 897 4284 ipsi
915 4218 1064 4268 dilectamur
1081 4220 1138 4268 sine
1155 4219 1255 4281 cuiusq;
1307 4219 1572 4284 ludibrium—quod

274 4289 325 4354 ipsi
342 4313 375 4323 -
392 4286 486 4335 iniuria
505 4285 678 4348 Gothosredna
692 4302 721 4350 p.
734 4288 793 4348 105,
811 4285 845 4348 ef.
857 4287 934 4350 lieiff.
945 4303 974 4350 p,
984 4287 1035 4337 278
1117 4289 1148 4338 16
1166 4296 1239 4352 gutta
1256 4287 1374 4336 imbrium
1392 4289 1461 4338 stilla
1478 4289 1574 4339 situlae

275 4357 314 4407 nel
333 4356 387 4405 acei
406 4354 578 4417 Gotdofredaa
592 4371 620 4418 p.
631 4357 694 4412 105,-
711 4360 739 4403 αι
755 4354 821 4403 Mem
835 4370 863 4418 p.
872 4357 906 4402 01
924 4355 1011 4404 eadem
1027 4354 1113 4416 011011,
1131 4369 1196 4420 qnae
1213 4369 1295 4419 supra
1308 4357 1434 4420 leputatur,
1446 4357 1481 4419 cf.
1491 4357 1574 4422 lieiff.

272 4443 301 4490 p.
319 4427 370 4474 202
441 4423 471 4472 17
491 4421 557 4472 lidus
575 4423 649 4471 etiam
668 4421 764 4470 amicus
777 4431 914 4470 -seruus
934 4421 1207 4487 Ootbosredaap.105
1261 4425 1292 4474 to
1310 4425 1477 4488 agnoscimus
1494 4426 1573 4489 prins

274 4493 410 4542 babuimus
428 4489 526 4539 amicus
572 4489 737 4554 agnoscimus
756 4489 883 4553 cognitos,
902 4490 1084 4554 cognoscimus
1102 4490 1171 4552 quod
1190 4505 1328 4554 numquam
1348 4492 1461 4542 uidimus
1475 4491 1574 4543 01111111-

271 4562 364 4624 fredus
374 4577 400 4624 p.
413 4560 463 4608 105
530 4558 562 4606 21
582 4572 658 4607 uerus
676 4555 754 4606 irater
771 4553 852 4621 patre}
871 4556 1011 4622 Suppleaa:
1029 4571 1062 4606 ex
1080 4558 1170 4607 eodem
1221 4557 1298 4608 iratae
1316 4573 1378 4609 uero
1430 4575 1572 4626 geminum

275 4639 314 4678 est
331 4643 408 4678 uerus
426 4625 503 4674 irater
520 4635 592 4690 patre
605 4652 636 4661 -
649 4635 720 4690 patre
738 4636 763 4674 et
780 4635 860 4674 1111111
879 4625 1052 4690 Gotlrofredue
1069 4642 1096 4690 p.
1109 4628 1159 4674 105
1227 4627 1262 4676 at
1278 4641 1389 4676 mertare
1406 4637 1431 4678 et
1447 4643 1574 4693 meggere

274 4693 668 4758 1111111111οά1111111111111111
695 4693 1122 4755 mersare-semeldotllosredua
1132 4696 1221 4757 11105
1255 4695 1288 4744 26
1297 4696 1461 4760 agit—rens
1474 4695 1573 4748 doma-

273 4763 365 4825 fredua
380 4778 407 4826 p.
427 4763 476 4811 105
543 4762 577 4810 28
594 4761 730 4826 cogminus
748 4761 795 4810 hoc
813 4772 852 4810 est
902 4759 1021 4826 langiaco
1090 4763 1123 4812 29
1141 4757 1234 4826 sedellll
1288 4765 1432 4813 eminus—
1450 4765 1575 4816 cominus

275 4847 341 4914 pede
360 4844 532 4908 Ootllofredua
546 4862 574 4909 p.
594 4829 643 4894 lob
