3412 5452
287 347 383 402 cmm
641 333 692 391 DE
710 335 871 391 cnanlsn
889 335 1093 394 EXOERPTIS
1112 336 1216 395 BERN.

285 537 400 590 remota
423 537 492 589 sunt
514 545 549 588 ex
572 527 627 588 hac
649 528 870 606 figurandarum
900 548 937 591 cx
963 545 995 589 se
1024 528 1233 591 aduetbiotuna
1262 528 1409 591 facilitate.
1454 528 1527 593 item
1549 532 1576 592 si

286 651 343 713 qua
366 630 504 693 uidentur
526 648 542 690 a
565 631 790 709 pronominibus
818 630 961 692 aduerbia
990 630 1081 705 trahi,
1112 641 1144 692 ut
1172 633 1290 693 meatim
1313 633 1432 702 tuatim,
1462 641 1575 694 tantuna

285 736 315 794 in
339 733 559 795 commentariis
580 734 840 810 grentmaticotum
864 732 1146 803 animaduertimus,
1172 737 1203 795 in
1227 743 1330 796 natura
1353 751 1426 794 uero
1449 751 1508 794 non
1530 735 1576 794 in·

286 839 431 897 uenimus.
476 833 549 894 item
572 836 598 895 si
621 833 685 894 aliis
706 833 813 914 piacet,
837 851 851 894 a
875 835 979 898 uerbis
1000 835 1065 896 fieri
1081 835 1232 904 aditetbia,
1256 834 1345 898 atah
1369 855 1413 906 ec,
1436 835 1513 916 quod
1531 845 1577 895 cst

284 954 392 1018 pungo,
416 937 559 1018 punctim,
583 955 673 998 curt-o
696 938 817 1008 cursim,
842 955 897 1016 ego
919 947 1016 999 tamen
1039 938 1121 1008 dieo,
1149 937 1227 1016 quod
1250 939 1287 999 de
1311 935 1461 999 uocabulis
1482 945 1601 998 uacus

287 1048 364 1110 sunt,
388 1048 421 1100 ut
442 1037 479 1098 ab
502 1056 548 1108 co,
572 1037 649 1117 quoti
673 1047 717 1100 est
738 1057 857 1106 cursus,
881 1041 1006 1109 cursim,
1030 1049 1156 1120 punctus
1179 1042 1322 1122 punctim.
1368 1039 1473 1100 Omnia
1496 1041 1577 1100 enim

284 1141 384 1209 uerba,
399 1158 483 1219 ¹quae
506 1141 594 1202 etiam
623 1142 653 1200 in
677 1141 795 1202 nomina
819 1143 946 1202 mansire
968 1159 1027 1202 non
1050 1151 1188 1220 possunt,
1218 1141 1298 1205 nulla
1328 1162 1344 1202 a
1372 1161 1405 1204 se
1434 1140 1577 1202 aduerbia

282 1245 380 1306 iacere
403 1251 536 1323 possunt.

286 1397 512 1407 -..-—-----—

353 1497 579 1536 stumaunnnes.
661 1485 673 1532 1
694 1497 726 1531 ex
744 1480 801 1546 hac]
820 1482 851 1531 ab
869 1481 917 1532 hac
935 1483 1065 1534 Charisius
1080 1499 1108 1548 p.
1128 1486 1185 1547 186,
1205 1485 1240 1534 13
1307 1478 1438 1549 facilitate]
1458 1481 1578 1532 incantata

284 1552 416 1602 Charisius
479 1551 543 1600 etsi
561 1565 611 1613 qua
632 1549 761 1601 Charisius
845 1553 861 1602 2
880 1550 944 1600 6616
967 1551 1088 1600 aducrbia
1106 1563 1202 1602 tuntum
1221 1552 1247 1600 in
1265 1553 1488 1617 grammaticorum
1506 1565 1578 1600 eom-

284 1621 414 1669 mentariis
434 1618 565 1668 Charisius
650 1619 709 1669 3in
729 1629 817 1667 natura
836 1617 907 1683 uero]
930 1620 957 1668 in
980 1620 1164 1668 consuetudine
1186 1619 1316 1670 Charisius
1383 1634 1435 1669 non
1458 1618 1577 1668 uidemus

287 1687 420 1738 Charisius
492 1687 592 1736 taisi
610 1701 660 1736 non
681 1686 755 1735 nuliis
774 1687 856 1752 piacet
874 1687 1004 1738 Charisius
1020 1705 1047 1752 p.
1067 1689 1125 1749 186,
1145 1691 1179 1737 16
1250 1689 1358 1738 icario
1375 1689 1470 1737 cursim
1487 1701 1579 1752 pungo

281 1757 395 1821 punctim
414 1755 546 1806 Charisius
597 1769 646 1820 ego
665 1767 747 1804 tamen
765 1769 860 1818 quaero
879 1755 941 1818 quid
958 1756 993 1805 ita
1011 1771 1061 1806 non
1081 1757 1167 1822 potius
1186 1757 1307 1806 aduerbia
1319 1771 1334 1805 a
1347 1755 1478 1806 uocabulis
1496 1767 1579 1805 nacta

283 1827 343 1879 sint.
362 1825 394 1873 ab
413 1839 443 1874 co
462 1822 533 1886 qttcd
551 1834 590 1872 est
607 1832 729 1888 punctum
748 1822 861 1887 punctim
880 1833 905 1873 et
921 1824 952 1872 ab
971 1839 1002 1874 eo
1021 1825 1090 1886 quoti
1108 1837 1147 1874 eet
1164 1840 1255 1874 cursus
1273 1824 1367 1874 cursim
1380 1824 1510 1874 Charisius
1563 1823 1578 1871 6

282 1893 509 1942 animaduertimus
528 1891 592 1940 enim
613 1892 698 1940 omnia
716 1891 802 1950 uerba,
820 1906 955 1954 quianon
974 1903 1084 1958 possunt
1102 1893 1177 1942 etiam
1195 1893 1228 1942 nd
1246 1893 1350 1942 aomina
1368 1893 1489 1956 transire,
1508 1891 1579 1940 uuita

281 1977 313 2011 cx
331 1977 360 2011 se
378 1961 498 2010 aduerbia
516 1957 599 2008 iacere
617 1959 747 2010 Charisius

350 2178 687 2218 contravenerimus.
741 2164 821 2214 liter
899 2163 1010 2214 tuscha
1095 2166 1154 2219 316
1172 2165 1334 2216 cementariis
1352 2165 1580 2231 psammeticus-um

364 2373 410 2432 Ae
437 2373 579 2446 quoniam
606 2370 644 2428 66
670 2369 817 2429 66666666
845 2372 973 2444 opimus,
1009 2370 1043 2430 id
1068 2388 1185 2446 quoque
1211 2372 1406 2448 munandans,
1437 2387 1457 2429 a
1483 2370 1579 2430 Petro

189 2482 191 2489 '
254 2507 259 2515 ·
280 2475 491 2550 mammutius,
516 2475 602 2532 euius
624 2473 763 2546 opacam
781 2481 930 2548 exempta
951 2470 1039 2546 infra
1050 2475 1262 2548 proposuimus
1283 2474 1372 2534 huius
1384 2473 1460 2532 iibri
1467 2490 1502 2548 p.
1522 2477 1580 2530 169

280 2581 390 2650 -171,
410 2593 444 2650 p.
464 2581 530 2649 167,
549 2580 567 2632 6
589 2574 628 2632 de
650 2573 790 2633 aduerhii
810 2576 845 2632 ui
863 2581 954 2648 atque
975 2582 1087 2633 noima
1102 2575 1230 2634 laudari
1242 2577 1392 2650 quendam
1408 2574 1582 2634 Comirtiani

281 2681 389 2752 locum,
414 2679 467 2752 qui
480 2679 511 2736 iu
526 2675 660 2735 Charisii
670 2677 792 2750 seriptis
806 2691 867 2734 nou
889 2681 985 2749 extat,
1009 2675 1053 2747 cs.
1069 2693 1164 2753 snpra
1175 2674 1205 2748 s.
1223 2673 1276 2734 23⁶
1288 2693 1320 2752 p.
1339 2675 1447 2736 CLVI.
1484 2675 1581 2751 Apud

282 2781 452 2840 Diomedem
479 2795 554 2838 itero
581 2778 621 2836 66
647 2779 752 2836 eadem
780 2793 815 2835 re
836 2793 898 2838 666
919 2779 979 2836 nisi
998 2779 1075 2839 haec
1096 2781 1239 2853 leputatur
1258 2795 1290 2853 p.
1316 2784 1393 2852 466,
1418 2783 1436 2836 8
1458 2779 1505 2839 11.-
1533 2775 1579 2836 Ex

281 2881 337 2942 hac
359 2879 461 2958 regula
484 2897 573 2940 unum
597 2878 750 2949 dissentit,
780 2877 857 2957 quod
881 2887 925 2938 est
948 2877 1050 2949 facile,
1079 2878 1158 2957 quod
1188 2878 1307 2957 quitiam
1336 2897 1445 2939 nomeu
1471 2885 1580 2957 putant

281 3001 337 3063 pro
360 2979 501 3042 aduecbio
524 2983 660 3060 positum,
685 2989 717 3041 ut
740 2990 787 3040 est
806 2983 937 3040 ‘toruum
960 2979 1078 3041 ciamat’
1106 2980 1300 3043 ‘lacerantium
1323 2981 1465 3042 resonat’.
1510 2981 1579 3041 Ita-

281 3102 339 3161 que
359 3087 387 3145 si
407 3086 446 3144 de
467 3083 524 3144 hoa
546 3100 663 3158 quoque
684 3083 770 3143 Petri
789 3085 856 3144 ioco
877 3085 955 3144 idem
979 3085 1097 3158 ualeat,
1127 3087 1208 3158 quod
1234 3086 1272 3144 66
1297 3086 1407 3145 ceteris
1432 3083 1472 3144 II.
1504 3083 1579 3143 Kei-

269 3189 340 3270 'Iius
364 3187 496 3246 Cramm.
519 3184 588 3246 661.
611 3184 753 3260 Ipraes.
775 3202 807 3260 p.
831 3184 977 3246 XLVIII
997 3188 1159 3248 rectissime
1180 3189 1300 3260 statuit,
1332 3185 1502 3246 Cominium·
1521 3201 1579 3246 no-

278 3291 359 3349 nrirte
381 3305 400 3346 6
418 3287 641 3363 posterioribus
661 3289 725 3346 siue
744 3289 955 3360 6666666666
974 3289 1037 3346 siue
1052 3288 1333 3350 commentatorihus
1352 3293 1500 3365 usurpato
1515 3304 1578 3348 nort

281 3391 486 3450 Cominianum
508 3392 616 3466 ipsum,
640 3390 695 3448 sed
716 3389 885 3449 Charisium
906 3391 1088 3463 mantheum,
1117 3392 1149 3449 in
1172 3389 1305 3450 Charisii
1323 3391 1398 3452 iibri
1416 3405 1454 3448 ea
1474 3397 1578 3464 parte,

280 3509 341 3567 qua
369 3493 407 3552 66
437 3491 582 3552 66666666
610 3494 713 3566 apitur
729 3507 764 3566 p.
791 3497 848 3549 186
868 3507 929 3568 seq.
958 3492 1026 3551 ioco
1052 3493 1152 3552 neseio
1180 3508 1238 3566 qao
1265 3493 1408 3552 lacunam
1429 3508 1493 3552 esse
1513 3499 1577 3550 sta-

279 3603 398 3654 tuamus
419 3599 575 3669 oporteat,
604 3609 682 3668 quae
708 3601 742 3652 ut
769 3594 800 3651 ira
822 3595 889 3668 ipso
909 3595 973 3654 eius
994 3600 1147 3654 mactatus
1167 3595 1268 3667 initio,
1293 3610 1351 3669 quo
1371 3595 1500 3670 aenaim
1520 3593 1577 3654 Co

279 3694 848 3770 66616666666666166616661666.
874 3701 938 3768 186,
965 3701 1001 3753 28
1023 3729 1066 3740 -
1085 3712 1119 3772 p.
1145 3702 1208 3769 181,
1234 3703 1287 3770 16,
1317 3697 1576 3772 deprehendatur,

281 3799 317 3870 66
345 3799 379 3857 id
405 3814 465 3858 666
488 3795 588 3870 sueni
615 3799 833 3871 necessarium,
869 3799 942 3874 quia
971 3798 1158 3872 Diomedem,
1192 3801 1246 3873 qui
1275 3801 1339 3859 eius
1370 3801 1418 3858 rei
1442 3799 1578 3858 meminit

274 3917 311 3976 p.
337 3906 407 3972 166,
432 3905 460 3971 8,
486 3907 515 3958 et
536 3899 711 3959 Comiciana
732 3907 761 3958 et
782 3898 964 3960 Palaemone
979 3902 1154 3974 promiscue
1172 3915 1257 3975 auum
1272 3917 1335 3960 esse
1347 3905 1476 3962 constat.
1513 3897 1581 3959 Sed

281 4018 341 4077 auo
359 4003 635 4078 potissimumloco
657 4003 744 4060 istam
766 4004 906 4060 lacunam
928 4007 1061 4061 statuere
1082 4003 1256 4076 debeamus,
1281 4019 1344 4062 666
1366 4004 1475 4077 liquet,
1500 4003 1578 4076 quia

280 4107 494 4164 uniuersorum
515 4105 730 4164 sententiarum
746 4104 843 4178 plane
870 4104 1069 4174 deficientium
1098 4105 1182 4164 6666
1209 4106 1404 4165 inuenimtiur
1425 4103 1467 4162 ihi
1485 4105 1577 4164 uesti-

180 4222 183 4229 ·
277 4209 341 4280 pia.
386 4206 497 4280 Itaque
517 4221 554 4265 eo
570 4208 675 4280 potius
697 4207 825 4266 inclinat
845 4207 1007 4279 sententia,
1033 4207 1131 4280 ilium,
1162 4221 1248 4281 quem
1269 4205 1379 4266 Petrus
1400 4207 1575 4280 exscripsit,

279 4324 341 4367 666
363 4309 401 4367 de
423 4307 572 4382 Charisia,
595 4309 650 4368 sed
670 4309 709 4367 66
729 4310 795 4383 ipso
818 4309 994 4368 Cominiauo
1008 4309 1166 4382 copitasse,
1186 4309 1354 4368 charisium
1376 4325 1450 4370 uero
1461 4324 1578 4384 parurn

280 4415 424 4470 accurate
444 4412 507 4470 eius
526 4417 693 4488 praecepta
714 4412 909 4485 exempsisse.
956 4409 1042 4481 6666
1062 4418 1095 4472 ut
1115 4412 1260 4486 suspicer,
1284 4411 1344 4471 hae
1365 4427 1400 4470 re
1421 4407 1575 4483 adducor,

279 4514 352 4588 auia
374 4512 512 4572 Doaahts
533 4529 660 4588 quoque,
685 4529 771 4587 quem
787 4513 957 4572 Geminiani
977 4513 1111 4572 omnihus
1126 4513 1270 4588 partibus
1283 4514 1462 4574 simillimum
1474 4513 1579 4584 fuisse

280 4613 451 4673 Cominiani
481 4614 544 4673 ioci
574 4630 594 4672 a
627 4613 766 4674 Charisia
799 4615 939 4689 excerpti
971 4620 1134 4689 testantur,
1169 4615 1207 4674 de
1240 4615 1344 4675 eadem
1371 4632 1406 4674 re
1432 4617 1578 4676 disseruit

273 4732 312 4791 p.
337 4721 405 4789 666,
431 4722 479 4776 26.
526 4715 696 4776 Cominiarai
714 4733 789 4776 uero
810 4719 984 4776 sententiam
1001 4719 1194 4791 propaaauit
1215 4716 1340 4791 Seruius
1360 4719 1426 4778 siue
1447 4717 1577 4778 Sermus

275 4834 308 4894 p.
335 4822 401 4892 aaa,
430 4823 494 4875 rer
518 4817 615 4880 1211.
