3394 5448
314 349 408 408 eenn
649 313 650 316 '
716 333 765 386 nn
784 333 1199 388 manducantium

315 527 459 594 nouitate,
489 525 566 602 quod
597 524 779 604 posteriores
807 532 911 603 poetae
938 541 996 584 non
1021 533 1162 602 egerunt,
1193 543 1252 586 nou
1279 523 1359 604 quod
1388 525 1443 586 ista
1474 522 1607 584 delinitio

313 636 394 689 recta
415 647 476 690 uon
498 635 590 697 esset,
620 624 672 687 sed
700 625 777 707 quod
808 643 914 688 uersus
937 645 1005 686 suos
1034 624 1173 707 liquidius
1195 625 1365 688 discurrere
1390 625 1457 686 ullis
1479 607 1607 687 salebris

314 729 482 793 noluerunt.

399 833 418 892 l.
442 827 481 894 8⁸
509 831 585 904 Ouid
613 849 668 911 per
696 829 900 891 definitionem
930 829 1110 891 ostenditur?
1153 829 1264 892 Natura
1293 830 1527 910 uniuscuiusque
1551 831 1608 896 rei,

314 944 347 996 ut
369 980 524 998 ........
546 931 631 993 dicit:
656 932 792 994 Definitio
816 932 885 1011 quid
909 933 973 992 est?
1017 931 1130 1001 Oratio,
1155 950 1230 1010 quae
1244 933 1289 1002 id,
1313 933 1423 1012 dequo
1440 933 1636 1012 quaeritans

313 1045 415 1116 aperte
437 1036 580 1097 describit
602 1044 631 1096 et
653 1033 839 1104 determinat,
864 1042 896 1096 ut
917 1043 986 1114 puta
1010 1035 1036 1095 si
1058 1034 1154 1095 dicas:
1184 1034 1284 1096 ‘bomo
1309 1034 1381 1115 quid
1404 1034 1467 1095 esti
1495 1033 1608 1095 animal

314 1136 457 1200 rationale
480 1136 604 1199 mortale
626 1144 656 1200 et
677 1155 817 1198 sensuum
840 1140 954 1216 capax’.

382 1330 488 1391 lpoete
540 1340 589 1372 non
609 1324 693 1374 lerrrut
711 1324 845 1374 Putecitiue
895 1321 1015 1373 dilllnitio
1035 1333 1101 1374 recta
1120 1340 1177 1372 esse
1237 1322 1329 1373 'inilia
1348 1323 1457 1374 snlrrbris
1477 1324 1556 1376 nullis
1575 1352 1608 1360 —

313 1393 450 1443 noluerunt
469 1393 601 1443 Putaebiaa
685 1389 902 1450 tdellnitionem
920 1408 992 1442 eoru.
1009 1390 1063 1440 dai-
1081 1409 1111 1444 m.
1129 1391 1163 1441 11
1249 1393 1317 1442 bnt
1326 1429 1441 1444 ......
1455 1408 1504 1443 ntis
1529 1389 1607 1458 dicit]

313 1463 409 1513 Nomen
431 1463 545 1521 euanuit,
568 1461 617 1511 aad
636 1467 674 1510 eat
693 1460 823 1512 Mamimue
844 1459 990 1511 Victorimaec
1007 1475 1034 1524 p.
1053 1462 1122 1511 1⁹38
1139 1460 1171 1524 Ρ,
1193 1462 1359 1525 supplendum
1375 1463 1453 1526 ipitter
1471 1460 1612 1512 ‘Maximi-

312 1533 424 1581 nianae’
459 1530 553 1580 Petrae
570 1529 664 1578 Ilantet
680 1529 712 1578 de
732 1527 842 1577 Charisii
858 1530 914 1578 loeo
929 1545 957 1592 p.
977 1529 1041 1588 152,
1061 1529 1078 1578 4
1094 1527 1123 1578 K
1140 1530 1299 1594 eapitmaerat
1316 1534 1342 1578 et
1359 1529 1500 1580 Geminiani
1516 1545 1610 1580 nemen

310 1598 413 1649 subesse
430 1599 584 1651 eonieeerat.
619 1595 730 1646 dilinitio
799 1595 949 1645 ddiseribit
983 1595 1056 1646 etde
1073 1611 1146 1648 enan.
1180 1595 1338 1656 determinat,
1357 1596 1434 1646 uelud
1453 1598 1474 1645 si
1494 1611 1610 1662 quaeras

310 1680 325 1716 a
343 1681 384 1716 me
403 1665 480 1728 ‘qnid
498 1665 533 1715 sit
549 1663 653 1727 lromo’,
671 1663 847 1729 respondebo:
876 1663 985 1713 ‘arrimal
1004 1663 1125 1715 rationale
1142 1663 1248 1714 mortale
1267 1665 1334 1714 risrm
1353 1679 1434 1731 rapax
1457 1665 1611 1716 Victorinus

310 1734 433 1785 Puteelrii.

397 1887 508 1959 ditibus
522 1903 562 1948 aa
576 1888 649 1947 tacis
662 1888 826 1961 cottiaitur,
851 1887 1087 1948 Maximiani
1106 1889 1226 1947 nomine
1240 1890 1457 1964 prammatieos
1473 1888 1614 1949 Maximi

317 1987 469 2051 Victorini
478 2005 537 2049 nan
548 1991 643 2050 sotum
658 1990 696 2048 de
706 1986 827 2048 ratione
837 1995 1000 2049 metrorum
1010 1989 1141 2050 tibeitaan
1156 1985 1339 2065 adhibuisse,
1351 1985 1389 2050 id
1398 1988 1612 2065 quodKet'tius

311 2093 465 2154 contendit
485 2094 503 2152 t.
525 2094 545 2151 t.
566 2108 598 2167 p.
625 2097 660 2150 16
681 2098 757 2168 not,
779 2091 834 2150 sed
846 2096 949 2152 cetera
964 2107 1081 2166 amque
1095 2093 1227 2151 eiusdem
1238 2093 1437 2166 arammatiei
1449 2095 1611 2168 opacam

395 2190 585 2270 Paperini
605 2192 662 2266 (cs.
686 2193 765 2253 Keil.
786 2195 808 2254 t.
831 2196 851 2258 t.
871 2211 904 2270 p.
930 2200 966 2252 15
988 2198 1067 2269 not.)
1089 2199 1236 2270 exempta
1257 2194 1334 2254 haee
1355 2199 1442 2254 sunt:

398 2296 416 2358 i.
439 2293 480 2357 5⁸
510 2293 582 2356 ltem
606 2293 651 2354 Pa
658 2295 829 2375 perinns:
862 2293 946 2356 Nulla
976 2312 1033 2355 uox
1056 2294 1180 2356 duarum
1203 2294 1252 2356 uel
1274 2292 1403 2375 plurium
1426 2293 1610 2375 syllabarum

314 2404 401 2459 acuto
424 2415 498 2457 sono
522 2397 552 2457 in
575 2395 677 2458 ultima
701 2397 893 2469 terminatnr;
923 2395 1146 2458 circumflexum
1170 2413 1229 2457 non
1251 2395 1307 2457 alia
1329 2415 1400 2476 pars
1421 2406 1610 2477 postremum

314 2498 414 2569 babet,
438 2499 493 2560 nisi
516 2514 600 2577 pars,
629 2499 713 2560 cuius
735 2499 881 2577 posterior
903 2497 1013 2580 syllaba
1041 2506 1145 2560 natura
1168 2495 1254 2578 longa
1278 2499 1424 2570 excurrit,
1452 2519 1529 2580 quae
1559 2510 1612 2562 aut

312 2602 470 2663 amissione
493 2598 614 2663 ultimae
637 2598 765 2680 syllabae
794 2598 998 2662 litterarumue
1020 2608 1072 2662 aut
1093 2618 1210 2671 earum,
1239 2618 1315 2680 quae
1344 2609 1413 2662 sunt
1439 2611 1509 2662 ante
1538 2603 1609 2664 ulti·

311 2722 398 2775 mam,
422 2703 636 2782 corrumpitur,
653 2710 686 2764 ut
707 2705 816 2782 ‘pacat’
834 2701 959 2783 ‘opplet'
982 2704 1067 2765 ‘linit'
1092 2705 1204 2781 ‘agnat’
1229 2702 1333 2764 ‘audit’
1356 2701 1465 2765 ‘addin’
1483 2703 1634 2765 ‘adduas

310 2804 431 2868 ‘adbuc'
456 2805 603 2884 ‘posthac’
627 2803 775 2866 ‘antebac’
800 2805 891 2866 ‘audi'
915 2807 1021 2883 ‘cupi’‚
1049 2822 1124 2883 quae
1147 2805 1232 2884 plena
1256 2813 1286 2866 et
1307 2807 1421 2883 integra
1445 2806 1502 2866 alia
1524 2817 1608 2877 sunt,

312 2915 344 2969 ut
364 2907 506 2986 ‘parauit’
537 2905 693 2986 ‘oppleuit’
722 2909 842 2979 ‘finiuit'
874 2909 1019 2985 ‘agnouit’
1050 2907 1184 2969 ‘audiuit’
1214 2907 1340 2968 ‘addice'
1372 2907 1509 2969 ‘adduce’
1541 2909 1592 2970 ‘ad

311 3011 398 3072 buce'
422 3009 587 3089 ‘posthaec’
612 3007 778 3071 ‘antebace’
802 3009 927 3071 ‘audini'
950 3010 1090 3089 ‘eupiui't
1119 3009 1208 3070 buius
1236 3025 1355 3089 quoque
1385 3011 1505 3086 generis
1533 3021 1608 3072 sunt

310 3113 408 3174 ‘istoc’
434 3109 526 3174 ‘illoc’
550 3112 646 3172 ‘istac'
670 3109 762 3172 ‘illac’
786 3111 874 3171 ‘istic'
899 3108 993 3172 ‘illic'.

328 3213 330 3218 '
394 3215 415 3273 l.
440 3210 499 3274 12⁸
521 3212 599 3282 Quot
621 3222 691 3275 sunt
712 3212 896 3274 differentiae
925 3215 1148 3295 participiorum
1177 3223 1207 3275 et
1228 3214 1402 3276 nominum?
1441 3213 1513 3275 [licit
1538 3214 1606 3275 Pa·
1622 3227 1643 3266 ¹⁰

310 3317 468 3397 perinus
495 3314 534 3376 de
560 3314 735 3376 differentiis
764 3316 915 3376 nominum
946 3325 975 3376 et
1002 3317 1241 3396 participiorum,
1271 3317 1339 3394 quia
1367 3326 1437 3378 sunt
1458 3315 1606 3396 quaedam

310 3419 576 3508 participialquae
598 3425 628 3478 et
649 3419 712 3498 ipsa
735 3435 791 3498 pro
813 3419 927 3479 ratione
943 3419 1061 3480 nomina
1079 3427 1157 3488 sunt,
1181 3425 1214 3479 ut
1235 3425 1280 3480 est
1302 3420 1443 3499 ‘sapiens'
1468 3427 1499 3481 et
1520 3421 1605 3480 ‘con-

310 3522 420 3587 stans'3
443 3518 556 3580 habeut
578 3521 656 3582 enim
678 3521 823 3600 originem
847 3539 863 3580 a
887 3519 997 3591 uerbis,
1022 3529 1054 3581 ut
1069 3521 1176 3600 ‘sapio'
1201 3523 1340 3590 ‘consto',
1364 3529 1394 3582 et
1415 3521 1519 3581 eadem
1536 3540 1605 3601 par·

310 3623 410 3703 ticipia
433 3629 516 3689 sunt.
547 3628 577 3682 et
597 3639 665 3683 cum
689 3631 758 3684 sunt
781 3622 915 3693 nomina,
945 3623 1002 3682 hoc
1025 3621 1163 3684 differunt
1184 3609 1200 3682 d
1223 3623 1400 3703 participiis,
1431 3622 1509 3701 quod
1532 3641 1604 3683 con-

309 3731 470 3806 ponuntur,
493 3729 526 3784 ut
547 3724 713 3802 ‘insipiens'
738 3724 943 3795 inconstans,
968 3732 998 3785 et
1020 3725 1167 3802 recipiunt
1182 3725 1424 3804 conparationem
1447 3732 1476 3786 et
1499 3737 1643 3804 super-1⁵

309 3825 463 3896 lationem,
496 3834 527 3886 ut
553 3826 748 3904 ‘sapientior’
779 3825 984 3887 ‘constantior'
1019 3825 1278 3906 ‘sapientissimus'
1308 3827 1602 3890 ‘constantissimae

309 3928 343 3990 ln
365 3927 517 3990 aduerbiis
540 3944 656 4007 quoqne
679 3929 798 3988 nomina
821 3934 984 3997 transeunt,
1007 3937 1040 3988 ut
1059 3928 1231 4008 ‘sapienter'
1256 3929 1461 3991 ‘constanter'.
1506 3927 1602 3988 Parti-

310 4031 384 4110 eipia
409 4030 487 4091 enim
510 4027 591 4110 †nec
613 4031 780 4110 conparatis
803 4049 839 4091 ex
862 4029 1032 4092 nominibus
1054 4028 1243 4111 appellatinis
1265 4029 1348 4092 fiunt.

378 4234 470 4284 lHoe
487 4241 636 4298 excerptum
650 4235 748 4298 primus
766 4234 847 4285 edidit
864 4235 964 4286 Keitiue
979 4251 1071 4300 propr.
1091 4235 1157 4285 Erla
1192 4238 1366 4299 .p.15not.
1444 4233 1604 4284 iinllexum

309 4301 412 4367 duplet
429 4303 482 4352 ndit
499 4301 583 4351 udlrnc
600 4301 670 4351 addit
687 4301 770 4351 ndhnc
838 4303 929 4369 dcnpi
948 4304 1040 4354 addidi
1106 4303 1238 4369 'lopeuit
1280 4301 1364 4352 llninit
1381 4303 1472 4353 addidi
1502 4300 1605 4352 audiuit

309 4371 365 4419 dice
382 4371 457 4434 parit
473 4369 562 4436 oppidi
579 4366 635 4418 llnit
651 4369 729 4435 agnda
746 4367 818 4420 audit
835 4369 906 4436 cupit
922 4368 962 4420 dlc
980 4368 1054 4420 addit·
1071 4370 1121 4421 dinc
1138 4369 1221 4422 ndddc
1238 4369 1321 4420 adlrdc
1339 4370 1447 4436 postbic
1458 4369 1603 4419 cotebic-

309 4437 411 4503 peraruit
429 4437 544 4504 oppleuit
561 4438 668 4504 agnouit
685 4437 784 4488 audiuit
801 4439 898 4505 cnpiuit
909 4439 965 4489 dice
976 4439 1066 4489 addice
1078 4439 1142 4489 darre
1159 4437 1258 4488 atlduce
1275 4438 1374 4488 adhuce
1391 4437 1512 4504 posthaec
1526 4449 1603 4486 ante-

309 4506 371 4557 haec
389 4507 496 4557 coniecit
513 4505 613 4557 Keitirte
664 4509 745 4572 agaret
763 4507 828 4556 adiro
846 4506 920 4557 addic
936 4507 1021 4557 adhue
1038 4510 1095 4561 eod.
1113 4507 1288 4572 Sanpallenete
1305 4508 1376 4570 apud
1393 4507 1500 4558 Keilirun
1569 4509 1604 4556 10

308 4574 379 4637 quod
430 4574 564 4625 diierentia
614 4573 647 4624 dc
664 4573 805 4625 dilerentiis
824 4577 956 4625 nominum
973 4575 1166 4642 participiorum
1254 4575 1285 4626 13
1306 4574 1406 4626 Verba:
1426 4575 1516 4624 liabent
1529 4575 1604 4622 enim

310 4642 434 4708 originem
453 4669 486 4678 -
504 4651 594 4692 consto
611 4648 670 4707 poet
689 4652 714 4691 et
731 4643 818 4693 eadem
842 4643 979 4710 participio
997 4655 1058 4693 suut
1074 4645 1224 4696 eodoennda
1241 4658 1297 4694 ease
1314 4645 1425 4694 uidetra.
1524 4642 1556 4692 13
1577 4657 1605 4692 et

310 4710 375 4760 idem
446 4711 478 4761 tt
495 4709 606 4760 dlleruut
675 4711 1009 4762 linomtnaadd.m.11
1094 4714 1126 4764 18
1142 4711 1279 4776 Perticipin
1298 4707 1378 4777 etaim]
1398 4712 1516 4768 Fortasse
1530 4713 1603 4760 rcri-

309 4778 427 4830 bendum:
446 4777 583 4844 Participia
600 4790 683 4829 autem
703 4793 748 4828 nec
766 4787 946 4845 conponuntur
964 4793 1009 4830 uec
1026 4788 1199 4846 conparantur
1211 4794 1256 4830 nee
1275 4781 1300 4829 iu
1319 4778 1441 4829 aduerbia
1462 4791 1605 4842 trarrsennt,

310 4847 370 4910 quia
389 4860 438 4896 non
458 4861 489 4896 ex
509 4846 653 4896 nominibus
671 4846 834 4912 appellntiuis
852 4847 923 4899 llnnt.
