3390 5444
340 293 401 359 192
768 295 935 349 venenu
954 295 1186 349 ceunnurrm

338 487 398 546 tine
421 485 453 545 fit
475 482 748 553 ‘tabernaculum',
772 484 882 545 dicitur
905 485 993 544 etiam
1018 489 1106 563 ‘pera
1115 488 1135 554 ²,
1167 501 1203 544 ex
1226 501 1283 562 qna
1306 483 1514 564 ‘periculum',
1538 505 1606 566 quau

338 585 435 647 Latini
457 603 516 647 non
539 584 615 647 bene
638 593 844 664 mutauerunt‚
868 592 900 646 ut
918 603 976 666 pro
996 603 1046 646 nr
1068 593 1184 666 sumpta
1207 585 1339 666 ‘penam’
1362 593 1479 646 nocent.
1520 586 1607 668 ‘Lapis’

339 695 397 758 est,
426 705 461 748 eu
489 705 548 767 quo
576 687 668 750 babes
691 687 888 768 ‘lapiculum'.
934 687 1016 759 Quae
1039 697 1138 750 antem
1161 687 1358 758 concordant,
1383 686 1475 748 multa
1495 697 1567 758 sunt,
1585 699 1607 748 nt

339 790 472 851 ‘ostium'
497 791 679 860 ‘ostiolum',
704 789 822 851 ‘rinus'
846 771 1006 860 ‘rinulns’‚
1030 788 1192 866 ‘flagrum'
1216 787 1412 866 ‘flagellum’,
1436 791 1466 850 in
1489 806 1541 867 quo
1559 793 1606 871 qui-

339 889 405 952 dam
428 910 444 951 r
467 891 579 953 addunt
601 891 766 970 superflue,
799 899 832 952 ut
859 891 898 951 sit
926 891 1109 968 ε1ιιι3ιιιιιι’;
1134 906 1205 952 nom
1229 891 1385 966 ‘flunmen’
1418 891 1497 972 quod
1528 891 1623 970 lagnis

338 993 445 1064 odore;
470 993 539 1054 ‘ier’
566 991 751 1055 ‘ferculum'z
777 993 846 1055 ‘ier'
862 993 941 1054 cuim
958 991 1078 1072 epulum
1103 1001 1147 1053 est
1170 1000 1200 1053 et
1222 994 1266 1053 sie
1288 992 1430 1054 flectitur:
1454 994 1512 1052 ‘ier
1531 992 1608 1054 lerris’

339 1103 368 1155 et
390 1095 462 1155 lacit
483 1093 602 1161 ‘terra';
632 1094 714 1154 ‘bau'
737 1094 896 1156 baculus&
941 1094 1078 1156 ‘Macula'
1102 1102 1199 1156 antem
1223 1104 1253 1155 ct
1275 1093 1401 1156 ‘tabula'
1425 1091 1533 1155 ‘fibula’
1554 1099 1608 1154 ‘ma-

339 1195 457 1257 cellum’
481 1193 671 1266 ‘uinculum’,
695 1213 771 1276 quae
794 1198 913 1258 uomina
936 1197 1049 1275 primae
1066 1197 1222 1278 positionis
1239 1213 1297 1258 non
1313 1194 1435 1268 liabent,
1459 1194 1609 1257 diminutior

339 1315 403 1358 esse
426 1314 484 1358 nou
509 1296 594 1358 laciie
618 1297 795 1368 creduntur;
819 1305 849 1358 at
864 1297 920 1358 boc
937 1297 1067 1360 Cicero
1091 1297 1205 1360 solebat
1225 1297 1341 1368 dicere,
1366 1297 1440 1359 baec
1463 1315 1525 1359 csse
1544 1299 1609 1358 dini·

339 1401 440 1461 nutiua
464 1419 499 1460 ex
524 1418 629 1470 sensu,
652 1417 711 1461 non
735 1419 770 1460 ex
793 1397 902 1461 littera.
1619 1418 1633 1454 ιι·

417 1515 568 1600 11112111
599 1519 701 1579 Vtrum
724 1518 814 1580 babet
837 1519 1040 1579 ‘nouissimus'
1063 1518 1288 1597 conparatiunm
1312 1526 1341 1578 et
1362 1520 1539 1596 positiuurni
1563 1517 1611 1580 lloo

321 1617 824 1691 'babetsecuudumllonatun1,
848 1621 1011 1681 secundum
1034 1619 1266 1681 Priscianum
1289 1638 1363 1681 uero
1386 1628 1416 1680 et
1437 1619 1611 1698 Virgilium

340 1721 440 1782 babet.

415 1821 465 1907 Hi.
484 1822 539 1884 14·
556 1820 567 1905 ΙΙ
598 1823 658 1886 Cur
685 1823 793 1886 dicitur
821 1824 980 1885 neutrum?
1023 1823 1080 1895 Eo,
1117 1825 1197 1905 qnod
1226 1841 1282 1886 uec
1299 1833 1413 1903 aperte
1440 1825 1611 1888 mascnlinum

340 1947 395 1988 uec
417 1925 592 1989 lemininnm
622 1927 667 1986 sit.
712 1925 749 1987 Vt
775 1924 960 2004 Virgilius
988 1924 1074 1987 dicit:
1112 1924 1257 1988 Neutrum
1290 1933 1389 1986 autem
1420 1924 1489 1987 ideo
1517 1925 1636 1994 dicituro

339 2029 418 2110 quod
441 2035 471 2088 et
491 2029 522 2088 in
545 2025 745 2088 declinatione
774 2030 855 2090 etin
879 2027 1020 2108 qualitate
1043 2046 1098 2088 uec
1121 2037 1224 2108 aperte
1251 2026 1446 2088 masculinum
1471 2046 1525 2089 nec
1545 2026 1613 2087 abso·

339 2131 401 2192 lute
428 2129 538 2190 dicitur
565 2147 630 2190 esse
659 2129 846 2190 femininum.
892 2129 1054 2190 Commune
1077 2139 1178 2190 autem
1200 2127 1309 2208 duplex
1333 2136 1377 2188 est
1399 2127 1557 2190 masculino
1575 2147 1614 2206 ge·

339 2251 412 2292 nere
434 2239 464 2292 et
486 2231 637 2291 terniano.

423 2335 502 2394 ibid.
548 2331 671 2394 Nomina
700 2334 867 2394 communia
895 2341 978 2408 sunt,
998 2341 1043 2393 nt
1064 2331 1238 2394 ‘sacerdos’
1262 2332 1361 2394 ‘dies’
1385 2335 1486 2395 ‘linis'
1509 2333 1615 2393 ‘renis’.

340 2435 479 2500 ‘Lacus',
508 2435 533 2494 si
561 2433 716 2495 masculini
744 2436 865 2512 generis
894 2435 947 2504 sit,
976 2435 1018 2494 sic
1046 2432 1226 2497 declinatur:
1265 2433 1365 2496 ‘lacus
1387 2435 1443 2497 laci
1465 2436 1559 2504 laeo’;
1583 2435 1639 2494 sicu

340 2543 428 2599 ‘acus
451 2533 499 2598 aci
521 2537 609 2606 aco’;
637 2537 680 2596 sie
709 2535 832 2596 ‘domus
860 2534 941 2596 domi
969 2535 1085 2606 domo’,
1109 2545 1139 2597 et
1160 2537 1231 2598 lacit
1253 2536 1424 2598 *domorum
1447 2537 1570 2604 domis’;
1593 2543 1616 2594 at

338 2641 481 2702 feminino
503 2655 614 2716 genere
637 2636 746 2698 dicitur
773 2636 872 2698 ‘lacus
898 2639 1018 2706 lacos';
1047 2637 1090 2698 sic
1114 2639 1203 2699 ‘aeus
1225 2640 1327 2708 acus',
1358 2638 1481 2700 ‘domus
1502 2639 1614 2702 domus’.

339 2751 368 2803 et
397 2742 468 2802 lacit
496 2739 658 2801 ‘domuum
681 2738 843 2800 domibus.’
889 2739 1018 2819 ‘Lapes’
1043 2739 1182 2819 ‘pulues'
1206 2741 1324 2800 ‘ciues’
1358 2741 1520 2803 masculina
1547 2747 1616 2804 sunu

339 2842 436 2923 ‘lapis’
461 2841 584 2922 ‘puluis’
607 2842 708 2901 ‘cinis'
731 2841 871 2902 lemiuiuu
894 2849 978 2911 suut,
1002 2838 1054 2901 sed
1077 2840 1233 2902 declinatio
1256 2840 1360 2902 eadem
1384 2854 1436 2904 est.
1481 2840 1615 2914 Quomodo

337 2947 519 3006 inuenerunt
540 2941 679 3003 doctores
701 2944 857 3004 neutrum?
901 2942 956 3003 lta:
980 2961 1103 3003 necesse
1126 2951 1190 3004 erat
1211 2942 1360 3005 masculos
1382 2955 1413 3005 et
1433 2944 1554 3006 leminas
1572 2957 1639 3023 pera·

338 3045 502 3109 masculina
532 3056 562 3105 et
590 3045 729 3105 lemioiua
757 3046 878 3104 nomina
911 3045 1068 3105 nominari.
1103 3044 1187 3106 ¹ltem
1220 3044 1362 3106 mortales
1396 3055 1546 3107 creaturas
1574 3063 1616 3124 per

338 3165 444 3210 neutra
470 3143 590 3209 nomina
620 3146 824 3214 nominabaut;
856 3145 907 3206 sed
936 3164 1016 3207 nuuc
1044 3145 1229 3208 consuetudo
1251 3150 1377 3209 mutauit
1399 3157 1506 3229 etper
1528 3155 1615 3208 ucutm

338 3253 456 3312 nomina
481 3251 539 3311 uiri
562 3249 609 3311 nel
633 3249 759 3311 leminae
783 3257 926 3310 uocantur
949 3256 979 3309 et
1000 3247 1140 3309 mortales
1167 3258 1320 3310 creaturae
1341 3269 1397 3330 per
1419 3249 1575 3312 masculina
1594 3255 1615 3306 et

266 3397 268 3404 >
339 3353 482 3415 feminina
505 3360 659 3420 uocantur,
683 3358 717 3411 nt
738 3347 923 3427 Virgilius
944 3349 1032 3411 dicit:
1068 3351 1178 3412 Omnes
1200 3361 1299 3413 autem
1320 3371 1370 3413 res
1393 3351 1571 3416 materiales,
1592 3357 1615 3409 ut

338 3453 452 3536 lapides
474 3463 503 3516 et
525 3453 650 3515 arbores
673 3462 702 3513 et
723 3455 807 3532 siqua
835 3462 904 3512 snm
931 3450 1052 3521 similia,
1082 3451 1257 3515 neutraliter
1284 3454 1341 3515 dici
1369 3452 1480 3514 debere
1507 3463 1637 3516 censue-²¹

338 3627 409 3635 ,..--
474 3625 564 3632 -..ο-

403 3738 599 3813 imdtnnerunt
649 3763 781 3825 sumptam
834 3758 910 3824 Lapis
929 3756 980 3824 est]
999 3774 1025 3823 p.
1045 3757 1168 3810 131Μαί
1236 3763 1301 3812 aex
1319 3775 1371 3822 qua
1424 3759 1556 3826 lapieulam
1603 3761 1615 3804 l

336 3831 448 3881 lrustinm
467 3827 604 3880 liostiolnm
656 3827 994 3879 riuusriunlusom.Moius
1045 3823 1143 3877 rinolus
1196 3825 1291 3893 lingum
1343 3827 1614 3894 bilegrum....gmn

336 3899 406 3962 qnod
426 3899 517 3964 liagrct
534 3893 668 3962 hodorem]
688 3893 802 3946 domeni
816 3911 852 3946 ιω
865 3895 937 3946 Moio
1005 3895 1021 3944 6
1039 3893 1077 3943 ier
1094 3894 1216 3944 lerenium
1229 3921 1262 3930 -
1274 3897 1291 3946 8
1303 3911 1354 3946 ιιοιι
1373 3895 1467 3946 habent
1477 3897 1614 3947 diminutior

335 3983 381 4018 om.
400 3966 487 4017 Maius
571 3966 588 4015 9
606 3965 693 4014 odore.
713 3961 763 4014 Sed
782 3978 833 4012 non
852 3962 925 4013 iacile
942 3962 1079 4012 creduntur
1097 3961 1183 4014 Maius
1240 3973 1267 4012 at
1283 3975 1367 4014 alitem
1385 3965 1467 4014 cicero
1479 3969 1531 4031 unt
1546 3974 1614 4012 entem

336 4033 423 4084 Cicero
442 4035 528 4085 Maius
580 4031 672 4094 dicere,
693 4045 782 4082 nosces
801 4031 953 4082 diminutina
971 4045 1002 4080 ex
1021 4045 1099 4080 sensu
1118 4047 1169 4080 non
1188 4045 1219 4082 ex
1236 4031 1319 4081 littera
1337 4031 1425 4083 Maius
1494 4035 1525 4082 12
1541 4043 1615 4080 secuu-

335 4105 396 4152 dum
415 4098 554 4166 Donatum]
573 4117 600 4166 ρ.
622 4103 732 4162 ardea
801 4098 941 4149 seeundum
959 4095 1130 4167 Priscinuum]
1149 4100 1183 4162 es.
1204 4099 1220 4148 1
1235 4116 1264 4164 p.
1277 4103 1319 4162 99,
1330 4103 1362 4150 15
1374 4101 1413 4150 H.
1482 4093 1613 4164 Virgilium]

336 4171 415 4222 Deest
432 4171 504 4236 opud
520 4169 624 4222 Monam.
706 4169 737 4218 15
750 4165 891 4232 Virgilius]
910 4165 969 4218 Non
986 4174 1060 4218 eaetot
1077 4169 1148 4233 opud
1164 4168 1276 4218 Maium:
1292 4170 1408 4232 pertinet
1423 4173 1506 4218 notem
1522 4173 1543 4217 ir
1559 4169 1614 4216 toan

335 4239 372 4289 od
388 4254 427 4301 eo,
445 4253 510 4304 quoe
527 4240 637 4302 epitoma
659 4235 735 4286 VIII
752 4253 778 4300 p.
798 4235 851 4286 131
869 4237 999 4300 disputato
1016 4241 1083 4284 oum.
1170 4237 1201 4287 17
1220 4237 1308 4301 generi
1389 4239 1422 4288 19
1439 4232 1556 4300 Nomina]
1576 4232 1615 4283 tu

339 4305 444 4372 Viroilii
459 4313 617 4371 excerptum,
637 4303 671 4368 cs.
688 4321 714 4368 ρ.
726 4307 779 4354 131
789 4304 858 4354 Moa':
877 4301 986 4353 Nomina
1003 4304 1149 4354 cummunio
1166 4329 1199 4338 —
1217 4304 1284 4353 reule
1303 4303 1384 4356 lacus.
1419 4303 1469 4355 Sed
1486 4317 1543 4353 cum
1559 4315 1614 4350 mas-

334 4374 411 4425 culini
430 4375 531 4440 generis
551 4374 597 4436 sit,
620 4374 657 4421 sic
674 4371 840 4422 declinabitur
861 4371 931 4420 lacus
954 4370 1002 4420 laci
1020 4371 1075 4421 laco
1093 4371 1147 4421 lace
1164 4371 1230 4422 laco.
1266 4369 1338 4421 Sicut
1355 4373 1447 4423 domus
1464 4372 1535 4422 domi
1550 4371 1614 4420 dono

334 4454 359 4492 et
376 4442 452 4492 iaciet
468 4441 600 4491 domorum
620 4440 713 4491 domis.
749 4439 782 4490 Et
799 4439 919 4490 leminum
938 4438 1009 4489 lacus
1026 4439 1106 4490 lacus.
1142 4439 1174 4489 Et
1191 4440 1284 4490 domus
1307 4437 1381 4490 saciet
1404 4440 1526 4491 domuum
1544 4437 1614 4488 domi-

333 4511 382 4562 bus
393 4518 522 4561 -cetero
539 4510 638 4560 desunt.
699 4511 730 4559 21
750 4508 881 4558 domorum
899 4507 992 4557 domus
1048 4509 1080 4558 22
1099 4508 1169 4557 lacus
1187 4509 1225 4557 sic
1242 4522 1304 4558 acus
1320 4508 1411 4560 domus
1424 4508 1520 4558 etfacit
1535 4507 1613 4556 domos

334 4614 452 4663 domibus
522 4613 556 4661 25
573 4610 712 4674 masculus,
730 4626 800 4661 corr.
818 4624 862 4660 -oe
880 4625 911 4660 nr.
923 4608 958 4659 11
1025 4610 1058 4659 2⁷
1076 4589 1185 4658 mdtmrit
1251 4621 1291 4670 ut,
1316 4627 1385 4661 corr.
1404 4621 1429 4661 et
1444 4628 1475 4661 m.
1494 4610 1527 4660 11
1587 4607 1613 4656 li

335 4676 470 4747 Virgilius]
488 4697 515 4745 p.
535 4684 549 4728 7
568 4679 636 4744 Moi,
655 4679 690 4742 ef.
708 4695 753 4729 ors
770 4693 895 4744 anonyma
912 4676 1054 4727 Beroenais
1069 4695 1097 4742 p.
1116 4680 1159 4742 82,
1180 4681 1217 4728 33
1233 4695 1287 4746 seq.
1341 4681 1433 4738 ouantis,
1450 4695 1519 4730 corr.
1539 4689 1613 4726 coines

333 4799 364 4838 m.
385 4782 420 4834 11
486 4783 520 4834 30
538 4781 659 4832 neutralia
679 4780 764 4834 Maius
832 4753 976 4840 uenderent,
996 4796 1008 4828 ν
1027 4793 1058 4830 to.
1077 4779 1110 4830 11
