3464 5446
631 368 715 423 COD.
735 369 841 420 BERN.
861 371 920 422 20⁷.
1345 384 1418 430 xxv

4 575 9 594 ι
124 577 190 634 pore
212 560 259 632 Βι,
281 577 344 618 cum
367 554 458 634 (sicut)
482 577 568 617 annus
590 560 722 617 diuiditur
745 562 772 616 in
796 569 934 635 tempora,
967 570 1088 635 tempora
1112 563 1137 616 in
1161 577 1285 632 menses,
1313 577 1420 617 menses

124 647 148 700 in
171 645 380 718 ebdomadibus,
403 645 532 702 ebdomas
554 647 580 701 in
603 645 713 714 diebus,
736 662 807 702 unus
829 645 888 703 dies
910 663 963 703 non
987 645 1134 702 diuiditur:
1157 655 1264 702 atomus
1286 655 1338 702 est.

412 731 563 787 bonatus
586 730 654 788 dicit
675 730 708 787 ιΙε
730 739 794 787 octo
816 730 940 805 partibus
964 731 1105 788 orationis.

123 815 190 872 [tion
213 817 381 872 bonatus:
412 814 522 890 ‘partes
543 816 676 873 orationis
698 824 763 872 sunt
785 826 857 872 octo.
902 815 995 883 Quae?
1030 813 1149 872 Nomen'
1180 825 1233 874 etc.
1277 813 1419 872 Sciendum

123 911 181 972 εει,
205 900 272 974 quid
294 909 336 957 est
359 902 465 972 oratio,
488 898 532 957 uel
556 917 639 976 quara
661 900 767 958 dicatur
789 902 878 958 oratio
901 910 948 958 aut
970 899 1173 976 quibusmodis
1193 902 1299 970 dicatur
1321 902 1421 969 oratio,

124 995 170 1041 aut
191 994 262 1058 quot
284 987 340 1042 sint
363 985 497 1042 orationis
519 1003 620 1060 genera
643 982 753 1064 (g‘enera
777 976 928 1058 brationis).
972 986 1075 1045 Oratio·
1093 994 1136 1042 εει
1163 993 1299 1043 structura
1324 983 1420 1042 uerbo·

124 1087 182 1124 runa
206 1086 267 1126 cum
290 1071 369 1144 piena
393 1070 591 1144 significatione
613 1087 719 1129 sensus.
764 1071 856 1128 Oratio
879 1071 977 1128 dicitur
1000 1069 1136 1138 elocutio,
1161 1071 1238 1144 quasi
1261 1071 1316 1126 oris
1339 1069 1420 1140 ratio,

123 1171 155 1210 eo
178 1155 253 1228 quod
276 1171 325 1211 ore
348 1165 375 1212 et
398 1157 505 1212 ratione
527 1158 668 1213 consistat.
707 1157 816 1228 Oratio,
838 1157 909 1213 sicut
931 1156 1080 1213 Sanctus
1103 1155 1323 1229 Augustinus
1345 1154 1421 1222 dicit,

123 1239 230 1296 duobus
253 1239 342 1296 modis
364 1240 473 1297 dicitur.
510 1237 669 1307 Quomodo?
691 1241 773 1313 idest,
796 1239 905 1316 quaudo
928 1239 1029 1320 aliquid
1051 1239 1249 1296 rationabiliter
1271 1238 1420 1312 loquimur,

124 1324 166 1379 uel
189 1323 299 1397 quando
321 1341 373 1398 pro
396 1327 515 1398 peccatis
538 1334 585 1382 aut
608 1344 658 1400 pro
682 1329 736 1383 uita
759 1326 838 1384 deum
862 1341 992 1398 rogamus
1014 1335 1064 1381 etc.
1081 1323 1132 1397 (cf.
1148 1323 1230 1382 Petri
1242 1325 1424 1398 grammatici

123 1417 215 1465 ortem
237 1409 324 1466 buius
345 1411 413 1466 libri
432 1427 461 1482 p.
486 1413 556 1481 161,
579 1411 638 1480 14).

555 1631 594 1688 ΒΕ
618 1631 719 1688 ruins
742 1629 989 1689 continuarunt.

210 1827 223 1912 'l
241 1833 259 1890 l.
279 1835 361 1892 113·
378 1826 392 1913 Η
416 1834 448 1890 lit
470 1835 608 1892 sciendum
632 1843 690 1908 est,
713 1835 775 1909 quia
798 1834 886 1893 tribus
908 1833 1009 1891 litteris
1029 1833 1093 1907 (aa)
1117 1831 1306 1890 terminalibus
1328 1833 1422 1889 finitur

123 1921 211 1992 prima
234 1919 381 1977 declinatio
404 1936 489 1976 asur
513 1928 541 1976 et
563 1918 752 1976 octo·sillabis
775 1918 901 1978 iinalibus
924 1918 1096 1992 terminatur,
1120 1928 1144 1974 ta
1168 1927 1199 1975 ut
1222 1927 1317 1993 pocta,
1340 1935 1369 1976 sa
1393 1926 1422 1973 ut

123 2005 217 2075 linea,
245 2021 277 2061 ca
299 2011 331 2059 ut
353 2003 469 2075 Pascha,
499 2021 532 2076 ga
555 2013 585 2061 ut
607 2003 728 2079 collega,
756 2022 789 2062 na
818 2013 848 2062 ut
876 2004 996 2077 aduena,
1026 2020 1067 2060 am
1090 2012 1121 2060 ut
1149 2002 1248 2073 Adam,
1276 2002 1420 2072 abraham,

123 2107 153 2144 as
177 2097 207 2144 ut
230 2087 374 2161 (d)eneas,
396 2105 426 2144 es
449 2099 480 2146 ut
502 2086 673 2163 Anc(b)ises‚
696 2091 767 2146 sicut
790 2089 856 2146 dicit
880 2088 1066 2162 Vergilius:

327 2173 501 2231 Anchises
524 2177 681 2248 genitor,
705 2173 811 2232 Dauni
835 2178 1005 2232 miserere
1027 2181 1192 2230 senectae

122 2257 206 2328 (Aen.
230 2257 300 2314 XII
318 2261 393 2323 93ss
423 2261 514 2316 ancise
536 2259 646 2333 genitor
668 2258 781 2316 danaum
810 2261 986 2318 misereresce
1008 2267 1116 2330 nettae,
1143 2275 1220 2315 corr.
1243 2265 1322 2315 natae
1349 2258 1422 2328 coclss,

122 2341 166 2414 rs.
189 2343 272 2424 Petri
289 2345 474 2416 grammatici
494 2349 636 2416 excerpto
658 2343 745 2401 buius
766 2346 833 2402 libri
848 2361 880 2418 p.
906 2347 974 2415 1⁶4,
994 2343 1032 2416 4).

530 2581 572 2638 ΒΕ
593 2581 739 2640 SECVNDA
762 2579 1008 2638 buccinabunt.

210 2777 223 2863 ,l
241 2785 259 2842 i.
285 2783 364 2840 114²
382 2777 395 2863 ll
424 2785 457 2841 Et
485 2783 623 2842 sciendum
653 2793 712 2856 εει,
740 2785 814 2860 quod
843 2783 931 2841 tribus
953 2783 1089 2840 finialibus
1112 2784 1276 2841 terminatur
1303 2785 1420 2840 secunda

121 2869 287 2926 declinatio:
310 2887 364 2925 sm
387 2877 416 2925 ει
438 2887 453 2926 r
474 2878 502 2926 et
524 2867 590 2925 llllll
613 2869 717 2926 sillabis
739 2869 876 2927 liuialibus
905 2869 1083 2937 terminatur,
1111 2868 1181 2925 idest
1204 2878 1248 2925 tus
1271 2877 1299 2925 ει
1321 2884 1372 2925 nus
1395 2877 1423 2925 ει

122 2972 177 3030 ger
198 2962 226 3011 et
249 2970 294 3010 um
317 2962 346 3009 et
367 2969 396 3009 er
418 2962 446 3010 et
466 2955 491 3010 ir
512 2961 541 3010 et
562 2961 605 3009 ter
621 2949 659 3028 (et
674 2954 739 3026 om.)
754 2963 781 3010 ει
803 2972 869 3029 prus
892 2963 920 3010 et
942 2971 991 3011 xus
1006 2953 1196 3026 (addendumz
1220 2964 1247 3011 et
1270 2953 1318 3010 ber
1340 2962 1367 3009 ει
1389 2971 1423 3010 ur

121 3048 150 3094 et
177 3039 227 3096 bus
249 3047 278 3094 ει
300 3038 351 3095 dus
374 3045 402 3094 ει
422 3055 483 3095 mus
505 3038 545 3110 cs.
567 3037 648 3111 sep).
693 3040 721 3096 ln
745 3048 789 3096 tus
810 3047 842 3095 ut
870 3039 983 3109 doctus,
1012 3041 1037 3094 in
1061 3055 1112 3095 nus
1141 3048 1172 3094 ut
1199 3038 1293 3107 alnus,
1323 3040 1423 3112 inger

121 3133 153 3179 ut
177 3125 257 3196 niger
278 3125 368 3198 piger,
391 3125 418 3179 in
442 3141 487 3180 tam
510 3131 541 3179 ut
563 3130 738 3198 praeceptum
762 3125 902 3194 iudicium,
926 3125 953 3180 in
977 3138 1007 3178 er
1029 3131 1059 3180 ut
1081 3139 1161 3198 puer,
1183 3125 1210 3179 ln
1226 3125 1251 3180 ir
1266 3132 1297 3179 ut
1319 3125 1371 3193 uir,
1395 3125 1423 3179 in

122 3219 167 3266 ter
190 3218 220 3265 ut
243 3210 385 3282 magister,
406 3210 433 3264 iu
457 3225 523 3282 prus
544 3216 576 3265 ut
591 3207 708 3282 Cyprus,
731 3211 758 3264 in
781 3227 830 3266 xus
853 3217 885 3265 ut
907 3217 996 3280 ιειιιε,
1018 3209 1051 3264 (Ιε
1074 3225 1126 3282 qua
1149 3209 1214 3266 dicit
1229 3208 1421 3282 Vergilius:

524 3293 592 3350 tari
617 3301 829 3368 torquentur
851 3295 884 3349 in
907 3309 1006 3351 arcus

120 3379 240 3450 (Georp.
264 3377 301 3435 11
321 3376 393 3449 448)
416 3387 444 3434 ει
467 3377 529 3434 alibi
554 3378 613 3453 ipse
636 3376 828 3452 Vergilius:

283 3478 304 3506 ·
523 3463 662 3536 iugiant
685 3464 839 3519 examina
862 3471 964 3520 taxos

120 3548 212 3619 (taxus
235 3549 309 3618 eod,
329 3547 392 3604 Ecl.
415 3547 465 3604 IX
485 3547 542 3620 ³0).
589 3548 617 3603 ln
640 3547 689 3605 ber
711 3557 741 3604 ut
763 3547 853 3618 leber,
876 3549 903 3604 in
928 3562 961 3603 ur
982 3556 1014 3604 ut
1036 3555 1128 3620 satur,
1156 3549 1184 3604 in
1206 3547 1257 3604 bus
1281 3556 1312 3604 ut
1333 3547 1422 3620 albus,

122 3635 150 3692 in
174 3633 227 3689 dus
252 3642 281 3689 ut
303 3631 450 3703 candidus,
474 3633 500 3688 in
524 3649 586 3688 nnus
608 3642 639 3689 ut
661 3634 787 3690 lueremus
810 3632 848 3705 (in
872 3650 904 3689 us
926 3631 1010 3705 cod).

673 3869 714 3925 ΒΕ
740 3867 874 3926 NOMINE.

211 4066 224 4151 11
243 4065 389 4150 [115⁶ss
414 4071 525 4148 Species
541 4074 619 4130 uocis
641 4071 701 4128 alii
723 4072 791 4129 duas
814 4073 1031 4143 maedianum,
1055 4071 1116 4130 alii
1133 4080 1271 4148 quattuor.
1303 4069 1358 4142 tili,
1375 4072 1421 4145 qui

120 4161 191 4216 duas
214 4173 279 4214 esse
300 4157 442 4229 dixerunt,
464 4159 516 4215 hoc
538 4157 680 4215 adfirmare
701 4160 791 4214 conati
814 4165 892 4214 sunt:
916 4175 968 4214 una
991 4160 1097 4233 species
1119 4161 1195 4215 uocis
1210 4166 1252 4212 cst
1267 4154 1422 4228 articulata,

118 4243 209 4300 altera
239 4242 363 4299 conlusa.
406 4242 572 4314 dulculata,
601 4244 744 4316 inquiunt,
773 4241 890 4314 dicitur,
918 4259 988 4316 quae
1016 4241 1117 4300 litteris
1144 4240 1226 4300 scribi
1250 4249 1277 4296 et
1299 4240 1422 4298 articulis

118 4326 311 4402 conprehendi
340 4335 434 4401 potest
456 4320 470 4405 {l
490 4319 650 4406 [116¹l'2
679 4333 709 4384 ut
735 4343 779 4384 ars
808 4342 871 4402 pars
899 4325 1039 4401 eloquium
1069 4325 1218 4401 sapientiae
1249 4334 1278 4382 ει
1306 4325 1422 4400 reliqua.

118 4417 208 4471 Arius
231 4427 300 4468 uero
322 4410 451 4469 dicuntur
473 4411 592 4468 membra
615 4413 733 4480 maiora,
756 4429 843 4485 aquo
859 4413 967 4469 nomine
990 4421 1018 4471 et
1041 4411 1148 4469 articuli
1170 4411 1250 4484 digiti
1272 4413 1422 4485 nuncupati

118 4506 198 4556 suut.
244 4495 363 4554 Confusa
385 4505 444 4569 εει,
472 4513 543 4571 quae
564 4513 614 4553 nec
636 4496 736 4552 litteris
759 4496 841 4553 scribi
863 4505 971 4570 potest,
1000 4514 1050 4554 nec
1077 4495 1200 4554 articulis
1227 4495 1422 4570 conprehendi,

118 4593 151 4640 ut
173 4583 300 4657 mugitus
322 4580 425 4653 bourn,
450 4581 548 4638 sibilus
571 4581 737 4656 serpentium
761 4581 805 4639 uel
828 4581 957 4638 suricum.
1001 4581 1058 4653 llli,
1088 4581 1134 4655 qui
1156 4581 1201 4638 llil
1223 4581 1327 4656 species
1350 4579 1422 4636 dixe·

118 4677 204 4738 runt,
225 4667 280 4723 boc
303 4675 399 4722 notare
420 4674 591 4724 consuerunt
611 4666 746 4724 diceutes:
770 4676 812 4723 εει
827 4684 881 4723 uox
895 4666 1038 4724 articulata
1054 4665 1278 4740 etinarticulatu,
1302 4663 1423 4722 litterata

117 4763 149 4810 et
171 4751 335 4809 inlitterata.
380 4751 530 4808 Articulata
560 4768 613 4808 nox
639 4760 697 4823 εει,
726 4767 878 4825 quaecum
906 4753 973 4808 artis
995 4753 1118 4825 rabone,
1141 4748 1329 4821 inarticulata,
1352 4767 1422 4824 quae

116 4854 185 4896 cum
208 4835 282 4893 nulla
306 4837 413 4893 ratione
434 4835 595 4910 profertur,
618 4844 649 4894 ut
671 4845 713 4892 εει
735 4837 902 4894 rusticorum
924 4835 1061 4912 loquutio.
1105 4838 1238 4895 bitterata
1265 4843 1323 4906 εει,
1352 4852 1421 4909 quac
