3394 5448
351 377 414 442 276
737 377 1015 430 nrrrsnnurmre
1035 355 1270 429 scurronum·

437 566 519 626 lnter
540 567 658 627 initium
681 572 709 626 et
729 566 910 645 principium
926 565 983 626 hoe
999 567 1134 634 interest,
1150 563 1229 644 quot]
1245 564 1429 643 principium
1444 609 1539 622 .....
1552 565 1636 639 operis

353 675 456 748 eaput,
491 667 607 727 initium
641 675 700 736 est,
734 664 813 746 quot]
836 665 1030 744 ,frequentius
1060 663 1262 744 intellegimus
1290 671 1320 724 et
1348 666 1440 724 toties
1475 665 1634 741 accipimus.

352 771 469 848 quoties
492 776 541 828 eut
563 776 658 829 mutet
679 785 836 848 personam
860 814 952 829 .....
973 769 1003 828 in
1027 765 1147 829 alteram
1177 783 1256 836 rem,
1286 774 1315 826 et
1336 765 1524 845 principium
1546 765 1634 830 semel.

348 869 465 930 initium
482 871 610 947 saepius.
640 867 826 948 Principium
850 877 909 939 est,
935 877 979 929 ut:
1002 868 1120 928 ‘arma
1144 870 1337 944 uirumque
1361 866 1505 927 Troiae
1527 871 1633 932 cenot

349 971 482 1031 initium:
521 969 1107 1033 ‘Musamihimemoraeauses'
1153 969 1538 1046 Sunttnmenpriueipie,
1573 981 1651 1046 quaet

348 1081 453 1134 nature
476 1073 522 1134 sui
545 1080 646 1132 carent
668 1078 698 1132 et
719 1074 850 1151 speeiem
873 1072 950 1131 initii
972 1069 1096 1140 hebent,
1122 1078 1167 1130 ut:
1204 1069 1261 1131 ‘tt
1288 1072 1421 1146 regine
1445 1069 1554 1146 graui
1576 1072 1633 1126 ion

347 1176 485 1235 dudum
512 1175 647 1235 scocie
673 1173 777 1233 curu'
807 1180 849 1232 et:
887 1171 965 1232 ‘Sic
990 1172 1103 1244 satur
1130 1175 1339 1232 lacrimans
1367 1172 1569 1243 classique
1588 1172 1633 1228 in-

347 1278 464 1336 mittit
484 1276 674 1336 habenas?

432 1373 513 1435 Inter
535 1375 674 1436 simulare
697 1383 726 1434 et
749 1373 936 1435 dissimulare
959 1375 1015 1434 hec
1038 1376 1176 1443 interest,
1200 1373 1278 1450 quod
1300 1374 1444 1434 simulare
1460 1375 1551 1440 seire.
1569 1391 1631 1451 qnae

348 1479 514 1547 nescimuS,
538 1475 741 1547 dissimulare,
765 1495 840 1555 quae
862 1477 972 1536 seimus
995 1482 1025 1536 et
1046 1493 1101 1536 nos
1124 1477 1203 1536 scire
1225 1492 1377 1552 negamus.
1641 1493 1646 1524 t

431 1576 513 1639 Inter
534 1576 669 1657 polliceri
692 1587 721 1638 et
743 1579 918 1656 promittere
940 1576 997 1637 hoc
1012 1579 1151 1646 interest,
1176 1574 1253 1653 qued
1270 1575 1449 1653 pollicemur
1465 1574 1557 1642 ultro,
1576 1593 1631 1652 pro·

347 1681 493 1740 mittimus
513 1680 619 1758 rogati.

430 1781 511 1841 luter
535 1777 647 1840 nullum
670 1788 698 1840 et
720 1783 870 1841 neminem
894 1779 951 1840 hoe
972 1782 1111 1848 interest,
1135 1778 1213 1859 qnod
1231 1777 1330 1838 nullus
1353 1779 1388 1839 etl
1414 1781 1557 1840 uniuersa
1579 1787 1631 1856 pot·

346 1892 392 1944 est
413 1881 536 1951 reterri,
561 1899 648 1942 nemo
670 1879 706 1941 etl
728 1881 879 1942 hominem
902 1888 932 1941 et
954 1889 1000 1944 est
1022 1898 1109 1941 neme
1132 1882 1217 1958 quasi
1239 1897 1295 1940 neo
1318 1878 1416 1940 homo.

431 1983 511 2044 lnter
534 1985 616 2043 intus
638 1989 668 2042 et
689 1984 767 2042 intre
789 1981 847 2043 hoe
868 1984 1007 2052 interest,
1032 1981 1109 2060 quotl
1133 1983 1211 2041 intro
1235 2000 1286 2050 eo,
1310 1982 1390 2042 intus
1412 1998 1489 2041 sum.

431 2084 510 2144 Inter
531 2085 612 2145 intus
636 2084 766 2145 otiores
789 2082 845 2143 hee
868 2085 1008 2154 interest,
1031 2081 1110 2163 qued
1133 2084 1213 2144 intus
1234 2086 1340 2152 uenio,
1364 2083 1448 2143 loros
1471 2101 1517 2144 eo.

430 2185 512 2246 luter
534 2185 625 2246 lustra
648 2183 812 2264 productae
835 2192 864 2244 et
886 2165 977 2245 lustra
1000 2191 1158 2264 correptae
1186 2184 1242 2244 hoe
1269 2185 1408 2255 interest,
1438 2183 1520 2264 quotl
1550 2183 1629 2244 lustro

347 2295 415 2348 sunt
438 2295 518 2348 certe
540 2294 691 2366 tempora,
714 2285 807 2347 lustra
830 2284 951 2345 latibula
974 2284 1023 2347 uel
1046 2287 1177 2364 turpium
1201 2284 1354 2346 hominum
1377 2285 1578 2365 receptaculo.

430 2388 511 2449 Inter
534 2389 690 2449 seruitium
714 2397 744 2448 et
765 2388 939 2448 seruitutem
962 2385 1019 2448 hee
1047 2389 1186 2457 interest,
1215 2386 1295 2466 ¹qnod
1322 2386 1454 2447 seruitus
1483 2389 1632 2447 necessitas

346 2490 513 2560 muniendi,
537 2491 692 2550 seruitium
716 2487 841 2549 dicimus
863 2506 1020 2548 numerum
1043 2506 1199 2550 seruorum
1221 2487 1300 2548 idest
1321 2486 1554 2548 multitudinem.
1640 2509 1655 2538 r·

431 2591 513 2653 luter
534 2592 695 2652 terminum
718 2597 749 2650 et
770 2591 859 2650 linem
882 2590 939 2649 ltoe
954 2591 1094 2660 interest,
1117 2578 1196 2670 quoti
1220 2589 1365 2650 terminus
1388 2608 1448 2649 non
1472 2591 1630 2650 pisimano

346 2693 474 2773 ponitur,
491 2693 557 2753 finis
573 2690 621 2752 uel
637 2693 784 2752 sermonis
799 2692 846 2753 uel
863 2691 1020 2752 uoluntatis
1035 2688 1084 2750 uel
1100 2693 1313 2769 cuiuscumque
1329 2691 1374 2750 rei
1388 2689 1523 2767 intellegi
1534 2698 1631 2771 potest.

428 2793 509 2855 lnter
530 2811 669 2872 asperum
694 2802 723 2853 et
744 2793 875 2853 ferocem
899 2791 954 2852 ltoe
977 2792 1113 2863 interest,
1138 2791 1215 2868 quotl
1239 2792 1322 2852 lerox
1347 2801 1470 2862 netum,
1494 2811 1582 2872 asper
1602 2792 1630 2850 ed

343 2904 470 2975 tempus.

412 3115 503 3164 linter
514 3113 667 3179 principium
680 3123 704 3163 et
715 3113 815 3162 initium
823 3111 865 3163 ΒΟ
899 3113 1067 3179 pricipiumA
1102 3112 1254 3179 principium
1265 3111 1349 3177 operis
1361 3112 1446 3177 capud
1457 3113 1559 3162 initium
1569 3125 1605 3161 est
1613 3114 1629 3160 ‚t

342 3181 496 3247 principium
508 3183 586 3232 totius
598 3182 715 3251 eorporis
727 3181 827 3230 initium
840 3181 876 3230 rei
889 3179 956 3230 estB
966 3181 1043 3244 (t'tlem
1052 3197 1097 3230 om.
1112 3189 1151 3229 est
1160 3177 1192 3242 Ο)
1202 3179 1356 3244 principium
1368 3181 1450 3229 totius
1462 3183 1580 3246 corporis
1590 3193 1629 3238 est,

341 3251 442 3298 initium
460 3251 535 3311 quusi
552 3251 663 3314 primum
682 3249 854 3311 Gotlofredttr
868 3265 897 3313 p.
917 3251 952 3298 93
1024 3250 1040 3297 2
1058 3246 1128 3310 qued
1144 3245 1301 3310 frequentius
1318 3273 1352 3283 ·-
1371 3247 1485 3297 habenas
1504 3263 1552 3301 on.
1566 3247 1602 3296 ΒΟ

341 3317 485 3383 eecipiesA
535 3312 792 3380 3quotiest'smotet
803 3331 943 3382 personum
955 3317 981 3365 in
993 3315 1097 3366 elternm
1110 3317 1198 3365 remA
1249 3316 1519 3380 4inieiumsepinsA
1555 3311 1628 3378 erma]

345 3383 576 3451 Verp.Aert.11
645 3380 763 3448 ertsa]
787 3383 981 3448 Verp.Aen.I
996 3387 1022 3433 8·
1064 3392 1188 3445 quantum
1206 3383 1286 3432 suiA
1356 3384 1526 3448 tiatregiua
1544 3399 1629 3448 grues-

340 3467 397 3501 rum
415 3461 440 3502 et
457 3452 495 3501 sic
512 3455 535 3501 Α
588 3455 621 3500 At
637 3449 739 3517 regine]
762 3451 840 3515 Verp.
859 3452 926 3501 Aen.
943 3451 991 3500 JV
1008 3452 1023 3500 1
1091 3452 1106 3500 7
1125 3450 1168 3500 Sic
1186 3447 1265 3515 latur]
1288 3452 1366 3516 Verp.
1380 3453 1449 3504 Aen.
1472 3451 1516 3500 VI
1535 3455 1551 3499 1
1569 3453 1628 3516 prin-

340 3521 436 3585 cipium
453 3519 531 3569 totius
550 3519 650 3585 operis,
668 3522 842 3581 cuiuscunque
861 3533 939 3568 unum
957 3529 1009 3580 est,
1028 3519 1103 3580 quasi
1120 3519 1231 3584 primum
1250 3519 1336 3583 operis
1354 3531 1446 3583 eaput,
1464 3519 1568 3568 initium
1586 3531 1627 3569 est.

340 3586 409 3650 quod
430 3585 588 3649 frequentius
610 3585 775 3652 intelligimus
794 3597 818 3635 et
835 3587 910 3636 toties
933 3587 1088 3653 accipimus,
1111 3588 1212 3649 quoties
1234 3596 1279 3635 aut
1299 3599 1412 3651 persone
1430 3596 1546 3634 mutatur
1563 3588 1627 3648 qumi

339 3657 412 3704 intus
430 3655 456 3702 in
473 3655 577 3703 alteram
594 3668 648 3704 rem
666 3663 691 3704 et
707 3653 862 3719 principium
879 3653 1002 3703 semel-
1015 3668 1106 3703 causes
1125 3667 1247 3708 memore.
1276 3654 1443 3703 inueniuntur
1460 3665 1548 3702 temen
1566 3655 1627 3718 prie-

339 3723 407 3788 elpitt
424 3736 491 3785 quoe
508 3733 598 3771 nature
616 3723 657 3771 sui
674 3731 761 3771 carent
778 3732 802 3770 et
819 3723 905 3786 speeie
922 3721 994 3771 initia
1012 3721 1106 3771 hebent
1122 3731 1194 3770 ut-
1212 3722 1324 3771 hebenus
1344 3721 1520 3785 tlotltoffldur
1536 3739 1564 3785 p.
1576 3725 1625 3778 tet,

338 3824 373 3887 es.
394 3823 469 3887 Betis.
486 3839 514 3887 p.
533 3825 584 3873 275
669 3803 844 3872 entstmltore
860 3825 884 3872 Α
935 3822 1085 3872 simulantes
1104 3837 1171 3884 quoe
1187 3819 1228 3872 ΒΟ
1262 3823 1347 3884 queA
1418 3823 1591 3872 lentescimus
1607 3837 1626 3868 et

245 3901 247 3908 ·
338 3905 463 3956 negemus
476 3905 524 3940 nos
537 3891 615 3952 seire,
634 3889 828 3940 dissimulemus
840 3905 906 3952 quae
918 3891 1013 3940 seimus
1026 3889 1067 3940 ΒΟ
1085 3897 1110 3940 et
1124 3890 1296 3954 Gotltofreclue
1311 3907 1338 3954 p.
1348 3893 1395 3953 93,
1411 3891 1449 3952 es.
1458 3891 1539 3955 Heiff.
1547 3907 1575 3954 p.
1584 3891 1626 3938 297

232 3992 236 3998 -
340 3961 370 4008 11
388 3959 510 4025 pollicere
526 3957 551 4008 Α
567 3957 727 4023 pollicemns‚
746 3973 816 4008 eorm.
834 3973 904 4007 -mnr
922 3959 944 4006 Α
996 3959 1066 4020 qued
1087 3959 1261 4023 promittimus
1279 3959 1382 4022 regenti
1399 3957 1552 4023 pollicemur
1570 3959 1626 4006 ultro

337 4027 358 4076 B
410 4025 583 4092 promittimus
601 4027 685 4090 rogati
703 4025 853 4091 pollicemur
872 4025 936 4076 ultro
952 4024 971 4075 Ο
990 4025 1162 4089 Gotltofredus
1178 4042 1205 4090 p.
1224 4029 1265 4088 79,
1283 4025 1319 4089 es.
1337 4025 1415 4089 Reiffl
1432 4041 1461 4090 p.
1480 4029 1534 4076 286
1600 4029 1626 4072 13

338 4093 408 4156 quod
420 4109 467 4150 ont.
477 4092 518 4143 ΒΟ
536 4093 633 4142 nullum
645 4095 719 4156 quasi
736 4094 769 4143 nd
782 4094 906 4142 neminem
919 4093 1005 4143 relerr't
1018 4093 1144 4143 hominem
1162 4107 1236 4142 nemo
1254 4095 1329 4155 quusi
1341 4107 1387 4141 nec
1399 4091 1477 4142 homo
1490 4091 1534 4142 ΒΟ
1552 4091 1626 4141 nullus

337 4171 423 4227 potest
432 4159 521 4211 reterri
531 4187 563 4196 -—
573 4175 619 4210 nee
627 4160 704 4211 homo
716 4161 888 4224 Gotltosredue
894 4178 924 4226 p.
935 4165 975 4224 79,
986 4162 1019 4225 ef.
1029 4161 1105 4225 lleiff.
1116 4178 1142 4226 p.
1153 4163 1202 4212 281
1238 4163 1270 4211 to
1279 4162 1346 4210 intro
1356 4175 1386 4209 eo
1396 4161 1465 4210 intus
1476 4159 1517 4224 (iu
1528 4157 1625 4215 iutusGt

337 4244 394 4278 sum
404 4231 473 4279 intus
483 4229 557 4279 uenio
566 4228 635 4279 teres
645 4229 720 4279 uenio
730 4228 773 4291 (eo
783 4228 823 4292 Ο),
836 4231 929 4279 ceteris
937 4230 1035 4279 omissis
1044 4228 1084 4278 ΒΟ
1101 4228 1168 4278 luter
1179 4230 1248 4278 intus
1261 4239 1286 4277 et
1297 4229 1363 4278 intre
1376 4228 1424 4278 hoe
1436 4229 1552 4290 interest,
1565 4231 1626 4290 qnod

336 4299 403 4346 intro
422 4311 452 4347 eo
470 4298 539 4346 intus
557 4311 615 4345 sum
632 4298 702 4346 intus
720 4297 796 4346 uenio
815 4295 885 4346 iores
903 4312 933 4346 eo
948 4296 1118 4358 Gotltesredtts
1129 4313 1156 4361 p.
1170 4299 1202 4345 79
1272 4299 1304 4347 17
1321 4298 1448 4361 producte
1464 4301 1488 4346 A
1506 4297 1624 4361 producte

336 4363 357 4414 B
404 4375 519 4432 correpte
537 4363 581 4414 ΑΟ
597 4364 752 4431 eorreptaB
786 4365 854 4425 quotl
872 4375 933 4416 sunt
950 4375 1017 4413 certe
1034 4364 1115 4412 lustru
1132 4374 1248 4429 temporo
1265 4369 1288 4412 A
1305 4365 1376 4426 qnod
1392 4363 1475 4414 lustru
1492 4379 1556 4414 snut
1572 4375 1625 4412 tem-

335 4447 400 4498 pore
417 4442 488 4482 certe
500 4427 542 4483 ΒΟ
595 4433 626 4482 18
644 4433 748 4482 latibula
757 4429 869 4482 ferarum
884 4430 922 4481 ΒΟ
955 4433 1041 4497 turpio
1055 4430 1095 4480 ΒΟ
1112 4431 1180 4482 luter
1196 4432 1276 4481 lustra
1294 4431 1418 4497 producte
1436 4442 1461 4481 et
1477 4431 1561 4482 lustra
1577 4445 1624 4480 eer-

335 4511 406 4565 repte
423 4499 473 4549 hoe
490 4500 595 4550 interest
610 4502 681 4562 quod
697 4500 778 4549 lustra
795 4513 855 4549 sunt
872 4511 940 4549 eerttt
962 4510 1090 4564 tempore,
1113 4498 1194 4549 lustro
1215 4499 1319 4549 latibula
1336 4499 1449 4550 terarum
1466 4525 1499 4534 —
1518 4512 1624 4564 receptu-

335 4569 392 4618 eultt
412 4567 583 4630 Getkefredus
599 4584 627 4632 p.
645 4570 686 4630 79,
703 4568 737 4631 es.
750 4568 827 4632 Betis.
840 4584 865 4631 p.
880 4571 931 4617 277
947 4568 1030 4632 ibique
1042 4567 1171 4616 [leodium
1182 4565 1282 4633 (propr.
1295 4565 1353 4618 lert.
1368 4569 1436 4617 1818
1447 4585 1475 4632 p.
1488 4567 1530 4632 8).
1598 4568 1625 4614 iti

334 4635 466 4685 seruitium
485 4650 648 4685 numerorum
666 4637 689 4683 A
723 4635 982 4685 idestmultitudinem
993 4650 1040 4684 ont.
1050 4633 1090 4684 ΒΟ
1102 4643 1128 4684 et
1138 4634 1308 4698 Gothosredus
1316 4653 1345 4700 p.
1357 4638 1398 4699 79,
1410 4636 1446 4700 cs.
1457 4635 1535 4700 Reiff,
1545 4653 1572 4699 p.
1582 4636 1624 4682 tto

334 4705 365 4752 21
377 4717 428 4752 neu
438 4703 489 4752 nisi
498 4703 568 4765 qnod
577 4717 655 4752 manu
663 4701 704 4752 ΒΟ
755 4704 789 4753 22
798 4701 933 4768 iutelligiB
952 4703 1074 4752 terminus
1084 4717 1135 4752 non
1145 4704 1201 4752 sine
1210 4717 1286 4751 manu
1295 4704 1401 4769 ponitur
1410 4729 1443 4738 -
1455 4703 1492 4752 uel
1506 4705 1623 4768 cuiusque

334 4772 370 4818 rel
388 4771 491 4822 alterius
510 4771 617 4835 intelligi
635 4781 722 4836 potest
740 4771 911 4832 Gotltefretlus
927 4789 955 4835 p.
975 4773 1019 4833 79,
1038 4771 1072 4832 es.
1093 4770 1168 4835 llet'ff.
1185 4788 1213 4835 p.
1232 4773 1284 4821 292
1363 4773 1396 4822 23
1415 4771 1485 4832 qued
1502 4785 1582 4835 asper
1596 4769 1623 4816 od

334 4847 435 4904 tempus
453 4837 527 4887 lerex
544 4839 575 4887 tttl
590 4848 705 4887 naturum
718 4837 759 4888 ΒΟ
776 4853 895 4904 aspernor
914 4839 946 4886 etl
964 4847 1076 4903 ternpus,
1093 4837 1166 4887 lerox
1184 4854 1199 4888 a
1217 4839 1349 4888 tmtiuitttte
1368 4839 1545 4901 Gothosretlus
1559 4855 1586 4904 p.
1599 4838 1622 4884 rt
