3394 5448
667 1375 880 1456 VIIII.

121 1603 557 1704 COMMENTVM
590 1605 947 1706 EINSIDLEN
951 1606 1025 1706 SE
1057 1605 1134 1704 IN
1163 1606 1422 1706 DONATI

475 1775 710 1874 ΑΒΤΕΜ
735 1775 1065 1877 MAIOREM.

679 2291 727 2352 DE
757 2289 866 2352 VOCE.

213 2403 225 2488 ll
242 2425 271 2487 p.
291 2405 351 2470 138
367 2407 444 2470 med.
462 2403 475 2489 ll
505 2407 671 2470 Locuturus
693 2409 824 2472 Donatus
846 2409 882 2470 de
903 2411 1095 2488 grammatica
1119 2407 1318 2488 disputatione
1347 2408 1422 2470 bene

120 2509 279 2571 incohauit
300 2529 315 2571 a
339 2529 427 2582 noce,
458 2515 526 2590 quia
554 2529 611 2571 uox
641 2522 686 2572 est
712 2510 937 2573 tundamentum
966 2513 1098 2582 omnium
1127 2512 1243 2572 artium.
1289 2511 1362 2572 Nam
1385 2509 1422 2570 do

122 2629 201 2672 uoce
222 2610 388 2674 formantur
412 2614 544 2684 litterae,
568 2632 603 2673 ex
626 2613 737 2674 litteris
759 2613 888 2694 syllabae
911 2621 941 2674 ct
963 2630 998 2674 cx
1015 2611 1134 2692 syllabis
1149 2619 1250 2692 partes
1266 2623 1296 2673 et
1311 2621 1421 2673 cetera.

123 2711 287 2774 Sciendum
310 2722 408 2777 autem
430 2715 481 2777 XV
503 2715 691 2778 definitiones
714 2733 777 2776 csse
800 2714 878 2794 apud
900 2715 1051 2784 rhetores
1076 2713 1235 2794 exquibus
1257 2713 1331 2774 durae
1354 2724 1424 2774 sunt

93 2815 322 2894 sprincipales,
351 2817 536 2880 substantiae
564 2816 707 2878 uidelicet
730 2824 759 2878 et
780 2816 992 2885 accidentium,
1021 2833 1095 2896 quas
1123 2814 1224 2876 ambas
1251 2815 1299 2876 bic
1328 2818 1423 2894 tangit

124 2916 267 2978 Donatus.
311 2919 383 2980 Cum
413 2923 492 2980 enim
521 2920 609 2981 dicit:
639 2921 715 2979 ‘uox
737 2925 783 2978 est
804 2935 857 2979 aer
877 2920 979 2988 ictus',
1009 2898 1218 2979 definitionem¹
1241 2916 1422 2979 substantiae

124 3019 265 3080 ostendit.
311 3019 348 3080 Et
370 3021 400 3080 in
424 3019 479 3080 hac
501 3022 595 3100 prima
619 3021 790 3081 delinitione
806 3021 865 3082 duo
881 3019 1060 3098 requirenda
1071 3027 1159 3101 suut,
1184 3019 1327 3080 uidelicet
1341 3038 1423 3081 com·

124 3121 229 3181 munio
253 3129 281 3182 et
302 3125 478 3202 proprietas.
523 3124 769 3184 communionem
793 3138 920 3202 namque
950 3121 1039 3182 babet
1067 3140 1124 3182 uox
1147 3139 1213 3182 cum
1237 3121 1344 3182 litteris
1366 3122 1423 3202 syl·

124 3219 201 3282 labis
231 3219 418 3303 pedibusque
445 3243 479 3284 ac
505 3222 630 3304 reliquis
657 3223 792 3303 partibus
814 3226 844 3284 in
868 3241 918 3292 eo,
943 3222 1022 3302 quod
1045 3221 1165 3284 dicitur:
1205 3223 1280 3282 ‘uox
1304 3232 1348 3283 est
1371 3242 1422 3284 aer

77 3341 109 3380 ro
125 3325 228 3384 ictus'.
273 3323 347 3385 Nam
376 3327 495 3386 uomina
524 3325 636 3387 litteras
665 3324 849 3407 syllabasque
879 3325 1066 3405 proterentes
1099 3342 1199 3385 aerem
1229 3326 1422 3403 percutimus.

124 3421 298 3509 Proprietal.
316 3423 378 3488 139
396 3427 470 3510 ptem
485 3427 515 3488 in
531 3446 581 3498 eo,
605 3427 684 3505 quod
701 3427 856 3506 subiungit
871 3425 1059 3496 sensibilis,
1075 3424 1179 3487 auditu
1194 3435 1308 3487 tantum
1324 3425 1422 3497 modo,

124 3543 187 3587 non
210 3529 291 3596 nisu,
315 3531 394 3590 sicut
415 3527 523 3603 littera.
569 3529 710 3600 Quamuis
734 3531 812 3590 enim
835 3530 951 3590 litterae
967 3537 996 3590 et
1012 3536 1111 3608 partes
1132 3527 1300 3597 audiantur,
1323 3535 1423 3589 tamen

125 3629 268 3690 uidentur
297 3641 326 3690 et
353 3633 435 3710 tangi
464 3639 588 3710 possunt
615 3633 644 3692 in
672 3632 760 3693 libro.
805 3631 878 3693 Cum
907 3649 979 3691 uero
1007 3629 1080 3690 dicit
1107 3628 1272 3690 ‘sensibilis
1294 3627 1423 3700 auditu',

124 3730 325 3792 accidentium
350 3731 552 3794 definitionem
575 3733 679 3810 tangit.
724 3732 838 3794 Accidit
860 3733 939 3792 eninr
964 3750 1021 3792 uox
1037 3731 1159 3794 auditui.
1197 3730 1334 3811 Quinque
1355 3741 1425 3793 sunt

79 3850 110 3888 15
126 3834 264 3910 corporis
293 3851 408 3894 seusus:
440 3835 522 3904 uisus
549 3833 666 3895 auditus
694 3842 797 3910 gustus
824 3833 964 3895 odoratus
992 3845 1021 3895 et
1043 3842 1155 3904 tactus,
1185 3835 1235 3910 qui
1264 3851 1299 3894 ex
1327 3851 1359 3893 se
1387 3832 1423 3895 de

123 3933 254 3994 cerebro
269 3953 323 4014 per
338 3934 450 3996 listulas
474 3934 510 3995 acl
534 3952 585 3996 cor
601 3935 785 3996 descendunt
800 3943 830 3996 ct
845 3953 919 3996 uncus
936 3938 1061 4016 quisque
1084 3935 1204 3997 illorum
1226 3952 1311 3996 suum
1335 3933 1424 3996 babet

124 4035 274 4096 accidens.
319 4035 392 4096 Nam
422 4036 518 4098 oculis
545 4036 655 4098 eccidit
683 4039 764 4098 uisus
793 4044 822 4098 et
848 4036 951 4098 oculus
979 4038 1070 4106 uisui,
1099 4036 1217 4099 auditus
1245 4035 1366 4097 auribus
1395 4044 1425 4098 et

122 4155 215 4198 aures
236 4138 364 4208 auditui,
394 4147 497 4218 gustus
520 4139 565 4200 ori
588 4146 617 4199 et
639 4158 672 4200 os
694 4140 808 4218 gustui,
839 4139 965 4200 ollactus
986 4139 1109 4201 naribus
1131 4146 1161 4200 et
1182 4156 1274 4200 nares
1294 4137 1423 4215 olfactui,

122 4247 223 4301 tactus
246 4258 318 4302 uero
341 4240 454 4320 reliquo
477 4258 604 4320 corpore
627 4241 796 4303 dimittitur.
839 4243 964 4302 Animae
986 4259 1104 4320 quoquc
1127 4259 1232 4302 sensus
1254 4241 1277 4299 V
1300 4259 1423 4303 enume-

71 4349 244 4404 rorantur:
268 4343 475 4406 intellectualis
504 4341 689 4406 rationabilis
721 4341 881 4404 irascibilis
913 4343 1153 4423 concupiscibilis
1186 4343 1293 4404 uitalis.
1339 4343 1424 4406 Nunc

119 4463 182 4526 per
209 4443 326 4523 singola
356 4443 521 4506 uideamus.
571 4443 643 4506 Vox
673 4453 729 4506 est
755 4463 818 4506 aer
847 4446 954 4507 ictus.
1005 4443 1085 4506 lctus
1113 4444 1144 4506 id
1177 4452 1221 4506 est
1253 4459 1513 4525 percussus.eer‚s

195 4699 259 4750 cod.
277 4697 388 4750 Einridl.
408 4702 458 4750 172
474 4717 501 4764 p.
520 4702 666 4764 138-150,
685 4701 831 4757 tor-208,
851 4701 986 4750 rer—me
1053 4696 1214 4748 tironianis
1294 4697 1426 4749 lulloni-

119 4767 224 4903 pjipprip'.
234 4767 398 4886 flast‘pupneprper
466 4764 580 4836 rltljores
659 4770 691 4820 lb
710 4769 848 4832 odoratus,
870 4783 1003 4833 suprascr.
1023 4768 1046 4818 ·'1·
1066 4765 1174 4818 ollactus
1279 4769 1312 4819 lo
1328 4768 1424 4818 cerebri
