3394 5448
252 369 529 422 nummario
548 369 731 421 PAPERINO
750 367 967 422 flluuoutuo
986 367 1205 422 nvuvsunto.
1299 381 1378 431 cnm

167 559 335 620 attestante
357 557 532 620 iuuenali
553 557 699 638 quidam
722 558 826 620 dicunt
847 557 916 620 ‘hoc
939 556 1087 638 specular'
1112 564 1249 636 correpta
1271 556 1374 635 penul-

87 661 162 730 tima,
187 658 242 721 scd
265 660 334 721 huie
356 660 463 722 rationi
487 659 587 722 obuat
609 660 828 723 Priscianus
851 646 906 741 (pis)
929 661 980 740 qul
1000 657 1080 730 dicit,
1104 659 1181 739 quod
1206 659 1324 720 nomina
1346 660 1376 720 in

86 781 117 825 ar
138 761 306 825 desinentia
322 762 419 824 uocali
433 762 627 824 antecedente
642 781 675 824 ar
690 764 856 844 corripiunt
877 761 1079 844 penultimam,
1103 768 1286 824 consonante
1300 778 1376 822 uero

86 863 278 926 antecedente
306 863 489 945 producunt,
519 872 552 926 ut
579 865 700 946 laquear
726 861 900 947 lupanar.*)
942 864 986 927 lid
1015 864 1071 925 hoc
1099 864 1202 925 dicunt
1227 861 1375 942 quidam

85 965 195 1029 (lehem
210 965 269 1028 dici
284 966 353 1028 ‘hoc
367 965 517 1047 specular'
534 987 551 1029 a
566 985 667 1049 specu,
691 967 759 1030 alii
781 988 797 1029 a
820 963 969 1048 ‘speculor
992 968 1074 1037 aris’,
1098 962 1164 1027 alii
1186 966 1255 1026 ‘hoc
1271 984 1376 1046 specu·

85 1067 145 1130 lare
166 1068 257 1131 huiru
278 1069 349 1130 aris’
373 1077 403 1131 et
424 1078 496 1130 tunc
519 1067 598 1132 nulia
621 1072 679 1132 erit
700 1070 837 1132 obiectio.

151 1288 182 1346 *i
200 1289 241 1341 Gi.
258 1290 338 1342 Prisc.
357 1291 367 1339 l
386 1307 414 1360 p.
432 1291 489 1353 rat,
508 1292 575 1345 t-·t
593 1291 626 1344 H.

615 1567 841 1576 ---.-.-...--

688 1897 767 1978 X.

124 2127 199 2210 DE
234 2124 594 2227 ΜΑΧΙΜῐΑΝΟ,
629 2125 934 2224 ΡΑΡΕΒΙΝΟ,
975 2123 1334 2224 ΗΙΕΒΟΝῩΜΟ,

86 2262 430 2380 AVGVSTrNO,
472 2263 625 2349 ALIIS
667 2261 1022 2348 AVCTORIBVS
1058 2263 1123 2345 IN
1159 2260 1377 2346 CODIOIS

161 2399 474 2484 BERNENSIS
496 2407 559 2483 123
580 2400 732 2484 ARTE
754 2399 938 2484 PRIMA
959 2397 1291 2482 NOMutnuls.

167 2831 273 2890 Priona
299 2830 414 2890 cotliels
440 2829 603 2904 Beruensis
633 2833 688 2888 123
709 2845 778 2904 ars,
807 2845 886 2904 quae
905 2828 932 2901 f.
958 2835 995 2888 1⁶
1013 2861 1055 2873 -
1076 2826 1129 2888 31⁵
1149 2829 1292 2898 labetur,
1318 2847 1378 2905 quo

89 2929 151 2992 iare
172 2933 328 2992 cementis
350 2929 436 2992 Senti
458 2945 564 2991 nomen
586 2930 697 2992 Mbeat
723 2928 756 2991 a'n
778 2933 880 3006 capite
900 2933 1060 3008 mriptnm,
1090 2931 1239 2992 Henrious
1261 2933 1377 2992 lleillus

90 3036 118 3092 in
135 3041 366 3109 ¹proprammote
387 3034 573 3107 Erlauaeusi
597 3038 673 3092 1868
693 3033 732 3093 eie
753 3033 872 3104 infimae
899 3036 1009 3094 aetatis
1034 3035 1241 3110 arammatict's
1261 3031 1377 3109 scripto

90 3137 203 3198 abunde
222 3135 374 3198 indicauit
392 3151 425 3211 p.
450 3140 484 3193 11
504 3151 565 3210 seq.

169 3239 234 3310 Qua
264 3256 305 3298 ex
334 3244 402 3297 arte
430 3242 593 3312 postquam
620 3237 756 3312 Pompeii
782 3235 877 3296 Probi
902 3236 1072 3298 Geminiani
1099 3235 1216 3299 Isidori
1251 3239 1375 3313 Vespilii

90 3341 186 3416 Serpit
204 3347 352 3416 excerpta
373 3341 495 3400 seorsim
514 3340 721 3415 pertractant,
751 3345 860 3411 restas,
890 3348 923 3400 ut
949 3341 987 3400 tle
1013 3343 1051 3401 iis
1072 3341 1247 3401 auctoribus
1269 3356 1370 3415 apum,

89 3445 138 3517 qui
153 3450 279 3519 praeter
300 3439 502 3509 Flaccianum,
525 3441 612 3500 caim
632 3442 769 3500 sexcenti
783 3447 1002 3517 proponuntur
1022 3443 1091 3516 loci,
1116 3449 1207 3517 atque
1226 3443 1376 3503 Donatum

89 3547 206 3620 insuper
233 3545 411 3605 nominatim
440 3543 626 3604 laudantur:
658 3543 849 3603 Prisolauaam
884 3560 957 3604 uero
985 3550 1076 3619 atque
1103 3545 1253 3604 Donatum
1280 3545 1377 3604 aciem

89 3647 210 3720 nepleci,
232 3663 301 3707 curn
323 3648 368 3706 ita
388 3661 492 3706 eorum
513 3640 586 3704 libri
607 3645 811 3720 menmcm'pti
829 3649 993 3722 conparati
1011 3648 1085 3720 unt,
1114 3653 1146 3707 ut
1167 3646 1253 3706 laud
1273 3647 1376 3707 maea-

90 3757 136 3806 rur
156 3749 278 3808 alicunde
304 3749 347 3808 eis
374 3749 523 3806 auxilium
549 3761 612 3807 esse
633 3747 807 3822 petentium.
855 3746 1040 3822 &amquam
1063 3750 1120 3808 loe
1141 3749 1261 3808 minime
1283 3763 1375 3822 nepa-

89 3847 187 3922 aerim,
210 3867 271 3910 non
290 3865 420 3926 prorsus
441 3849 563 3908 inanem
589 3855 799 3924 suscepturum
825 3850 960 3910 laborem
981 3867 1063 3925 eam,
1092 3847 1146 3925 qai
1172 3851 1278 3910 lorum
1304 3867 1376 3924 quo

91 3967 144 4024 que
167 3958 312 4027 σπαρτα
328 3957 549 4028 perscrutetur,
579 3953 690 4026 quippe
716 3965 783 4010 cum
806 3953 938 4025 nouuse,
974 3968 1035 4027 qua
1060 3950 1245 4028 potissimam
1270 3951 1376 4024 forma

93 4049 134 4110 illi
156 4053 224 4112 latri
250 4053 343 4113 medii
368 4054 440 4112 aeui
465 4049 657 4128 nrtiprapltis
688 4058 813 4127 proauo
842 4051 977 4128 fuerint,
1015 4056 1094 4115 scitu
1127 4069 1186 4114 non
1218 4054 1376 4128 indiacum

93 4152 228 4214 arbiror.

167 4256 275 4333 ltaque
298 4255 560 4318 Maximianus
581 4258 626 4317 bis
646 4257 796 4318 laudatar
812 4256 844 4330 s.
870 4261 905 4314 1·
919 4264 948 4317 et
965 4256 994 4329 s.
1018 4263 1071 4318 8⁴:

168 4373 248 4435 [1²
274 4375 337 4436 lloc
359 4373 528 4445 scientium,
557 4374 635 4455 qnod
664 4376 720 4436 ista
749 4393 762 4436 s
791 4375 887 4436 littero
916 4375 1025 4453 liquida
1056 4376 1110 4437 luit
1138 4376 1215 4454 apud
1238 4377 1375 4455 antiquos

93 4483 193 4550 poetas,
215 4477 291 4557 apud
308 4478 490 4557 posteriores
505 4493 578 4538 uero
594 4475 631 4538 rie
646 4485 742 4538 metro
764 4475 940 4548 excinditur,
964 4486 998 4539 ut
1019 4477 1266 4538 Maximianus
1288 4478 1374 4539 dicit:

72 4573 162 4645 ³0uia
182 4576 303 4640 licenter
326 4578 438 4658 antiqui
461 4579 577 4659 etipsa
601 4581 684 4656 quasi
707 4597 761 4658 pro
783 4576 908 4657 liquenti
932 4578 1093 4640 utebantur
1107 4580 1256 4640 inerudita
1279 4580 1376 4641 adhuc

99 4711 308 4724 Ἣ

156 4796 273 4848 1¹littera
341 4796 560 4866 Maximianus]
579 4799 614 4862 cs.
629 4798 758 4851 Maximae
772 4801 918 4851 Victorinus
930 4817 955 4866 p.
967 4801 1073 4852 1963P
1099 4819 1102 4828 ·
1139 4799 1225 4852 ilicet
1260 4800 1386 4862 licentius,

99 4861 232 4916 Victorinus
250 4867 363 4919 Puuelai
754 4865 757 4872 “
