3394 5448
269 391 363 438 CCXII
566 377 616 428 DE
634 369 787 429 IVLIANO
806 375 1003 429 TOLETANO
1022 377 1264 430 GRAMMATICO

269 567 347 638 Quid
367 569 448 642 quod
468 569 528 640 ille,
553 584 638 642 quem
661 564 869 627 desideramus
882 565 917 628 in
930 565 1037 628 codice
1057 569 1215 644 Vaticano,
1239 575 1391 628 tractatus
1411 569 1441 626 in
1456 569 1565 627 codice

267 669 417 728 Berrrensr‘
439 675 492 726 207
513 667 542 741 f.
560 665 614 726 81ὸ
627 703 670 712 -
687 675 759 727 101⁰
781 667 901 744 inteper
922 678 1063 730 euitatus
1084 672 1149 729 est?
1185 668 1247 728 Sed
1261 677 1421 744 antequam
1438 671 1482 728 ed
1495 687 1563 728 eum

265 769 501 847 disquisitionem
524 771 713 839 accedamus,
736 769 800 830 eius
822 769 899 832 curtis
914 781 1062 847 excerpto
1072 788 1281 847 proponamus
1303 773 1432 831 omniurn
1455 788 1563 830 eurum

264 889 376 946 rerum,
401 889 477 948 quos
498 870 624 932 maioris
645 871 785 933 momenti
806 889 869 932 esse
891 874 1041 935 duximus.

666 1109 714 1171 DE
738 1109 924 1172 Pluututts
946 1109 1158 1172 ORATIONlS.

271 1285 274 1290 i
363 1227 410 1310 lli.
434 1226 525 1310 81'211
570 1229 672 1290 Partes
694 1230 837 1290 orationis
859 1239 928 1290 sunt
950 1239 1016 1290 octo
1040 1239 1095 1290 ete.
1140 1230 1213 1291 Octo
1236 1238 1304 1290 sunt
1326 1240 1426 1310 partes
1449 1234 1560 1291 oratiu-

267 1317 322 1382 nis,
346 1317 410 1374 sine
432 1313 539 1392 quibus
560 1314 692 1393 loquutio
716 1332 862 1374 essenon
885 1320 991 1394 potest.
1037 1315 1077 1376 Ex
1106 1314 1151 1376 his
1180 1315 1256 1376 duae
1284 1327 1353 1376 suut
1380 1317 1561 1396 principales

264 1400 356 1478 partis
378 1400 527 1468 orationis,
552 1417 660 1460 nomen
684 1408 713 1459 et
736 1398 871 1459 uerbum.
917 1399 1089 1470 Quomodo?
1133 1400 1245 1472 Quina
1270 1403 1390 1460 nomine
1412 1410 1441 1461 et
1465 1402 1559 1461 uerbo

263 1503 364 1554 omne,
403 1484 481 1565 quod
515 1482 659 1563 loquitur,
704 1483 890 1564 adimpletur.
939 1483 1034 1546 Latini
1068 1483 1223 1546 articulum
1258 1504 1318 1546 uon
1352 1485 1559 1554 adnumerant,

263 1570 370 1630 Graeci
391 1569 636 1631 interiectionem.
682 1569 854 1640 Quomodo?
891 1571 997 1631 Graeci
1018 1572 1048 1630 in
1073 1571 1340 1647 numero‘partium
1363 1571 1450 1632 nobis
1473 1585 1584 1633 coac-a

263 1664 390 1734 quantur
413 1655 494 1716 etin
523 1652 668 1716 uocabulo
697 1656 875 1733 discrepant.
921 1652 1093 1724 Quomodo?
1137 1655 1188 1718 Sic
1215 1654 1325 1717 habent
1354 1665 1420 1717 octo
1449 1667 1559 1736 partes,

264 1739 413 1817 quomodo
437 1747 467 1800 et
489 1757 552 1810 uos,
576 1739 628 1801 sed
653 1744 683 1800 in
708 1738 854 1801 uocabulo
876 1740 1059 1819 discrepant:
1090 1741 1195 1802 Graeci
1222 1749 1380 1820 segregant
1402 1741 1559 1802 articulum

263 1833 292 1884 et
314 1842 481 1905 pronomen
505 1833 535 1885 et
557 1823 666 1886 habent
687 1825 769 1887 illum
792 1843 882 1905 super
909 1843 941 1886 se
969 1833 1083 1904 partem
1114 1834 1143 1886 et
1170 1829 1296 1903 iungunt
1322 1827 1559 1887 interiectionem

265 1909 410 1971 aduerbio
433 1917 462 1970 et
484 1909 594 1971 habent
616 1909 694 1972 illam
719 1928 806 1972 unam
829 1919 954 1989 partem.
999 1911 1094 1971 latini
1116 1913 1243 1988 iungunt
1264 1911 1419 1972 articulum
1450 1930 1560 1992 prono-

263 1997 336 2055 mini
359 2003 388 2055 et
412 1994 520 2056 habent
542 1995 621 2056 illam
645 2014 732 2057 unam
756 2003 886 2076 partem,
909 2004 1067 2074 segregant
1095 1997 1333 2056 interiectionem
1355 1996 1392 2056 ah
1415 1995 1561 2057 aduerbio
1575 2008 1598 2045 ¹0

264 2088 294 2139 et
316 2079 428 2140 habent
450 2091 517 2140 octo
539 2089 647 2159 partes,
671 2081 747 2141 sicut
762 2089 792 2141 et
807 2082 921 2141 Graeci.
960 2079 1058 2152 Quare
1074 2079 1151 2142 illam
1169 2090 1328 2159 segregant
1343 2081 1379 2141 ah
1395 2081 1560 2142 aduerlriol

264 2163 307 2224 Eo
330 2165 408 2243 quod
439 2183 497 2225 uon
527 2183 645 2243 semper
674 2175 814 2245 sequatur
843 2164 976 2227 uerbum.
1027 2164 1109 2226 llulti
1136 2164 1252 2245 plures,
1286 2165 1371 2226 multi
1405 2169 1561 2245 pauciores

263 2258 364 2329 partes
391 2251 534 2310 orationis
561 2259 675 2330 putant.
721 2250 893 2321 Quomodo?
936 2250 992 2310 Alii
1015 2249 1126 2311 liabent
1148 2252 1235 2321 duas,
1265 2249 1313 2311 alii
1334 2252 1482 2330 quinque,
1511 2251 1559 2312 alii

264 2342 342 2404 octo,
365 2334 415 2396 alii
432 2353 559 2403 nouem,
584 2334 631 2396 alii
654 2335 766 2406 decem,
791 2334 840 2396 alii
862 2336 1010 2395 undecim.
1058 2335 1114 2407 Qui
1136 2335 1248 2396 habent
1263 2336 1352 2396 duas?
1388 2337 1561 2398 Aristoteles

263 2417 337 2481 duas
360 2420 480 2480 tradidit
502 2427 611 2499 partes
635 2438 743 2482 nornen
767 2429 796 2482 et
819 2420 953 2481 uerbum.
992 2421 1067 2481 lstae
1090 2421 1163 2481 aliae
1184 2421 1332 2500 quomodo
1354 2420 1560 2482 habebantur?
1575 2431 1599 2470 ¹⁵

262 2503 431 2566 Pronomen
453 2505 617 2585 iungebant
639 2507 764 2574 nomini,
789 2525 825 2566 eo
847 2506 927 2650 qudod
956 2505 1095 2583 fungatur
1122 2505 1251 2566 officium
1280 2507 1423 2576 nominis;
1453 2507 1557 2568 aduer-

262 2589 344 2650 bium
385 2589 548 2667 iungebant
586 2590 694 2664 uerbo,
740 2610 774 2651 eo
818 2610 876 2669 quo
935 2590 1091 2652 cohaereat
1124 2589 1219 2653 uerbo
1253 2600 1282 2652 et
1314 2591 1560 2668 significationem

260 2677 353 2754 ipsius
379 2675 464 2736 uerbi
492 2683 521 2736 et
549 2675 685 2756 explanet
718 2687 746 2736 et
774 2675 946 2755 adimpleat;
978 2677 1164 2754 participium
1194 2675 1357 2752 iungebant
1383 2679 1498 2737 nomini
1531 2686 1562 2737 ct

262 2760 366 2828 uerbo,
390 2779 426 2821 eo
448 2761 527 2840 quod
552 2771 664 2840 partem
689 2764 784 2838 capiat
806 2780 823 2820 a
846 2763 966 2822 nornine
982 2768 1011 2819 et
1026 2772 1139 2839 partem
1156 2781 1171 2821 a
1187 2761 1295 2830 uerbo;
1319 2762 1560 2822 coniunctionem

261 2844 423 2923 iungebant
450 2849 563 2906 nomini
594 2855 623 2906 et
651 2845 758 2913 uerbo.
793 2864 829 2906 eo
857 2845 935 2924 quod
969 2845 1115 2907 clausulas
1149 2843 1223 2906 rnale
1258 2847 1452 2906 cohaerentes
1486 2860 1601 2907 con-a·

264 2933 414 2992 iunctione
436 2949 592 2999 ornemus;
622 2933 870 3010 praepositionem
900 2931 1060 3008 iungebant
1087 2933 1200 2991 rrorrtiui
1229 2940 1258 2991 et
1280 2929 1389 3000 uerbo,
1419 2933 1561 3010 eoquod

262 3015 399 3076 omnibus
422 3015 556 3094 partibus
579 3027 780 3095 praeponatur
810 3026 839 3076 et
866 3015 921 3075 silui
945 3018 1017 3093 ipsi;
1045 3018 1281 3076 interiectionem
1309 3015 1472 3094 iungebant
1501 3035 1561 3076 no-

262 3095 334 3161 mini
357 3099 511 3170 elumbe,
535 3119 570 3162 eo
593 3101 671 3178 quod
695 3101 833 3162 omnibus
856 3099 990 3180 partibus
1012 3103 1185 3162 interiacent
1208 3109 1237 3160 et
1258 3103 1322 3161 sine
1343 3102 1415 3180 ipsis
1431 3102 1562 3180 prolerri

262 3203 321 3246 non
342 3188 443 3265 possit.

346 3269 403 3340 Qui
417 3269 528 3330 habeut
543 3271 692 3349 quinque?
728 3269 827 3331 Stoici.
874 3270 964 3330 Stoici
980 3270 1126 3349 quomodo
1143 3270 1231 3332 dicti?
1273 3269 1317 3332 Ab
1339 3279 1402 3332 stoa
1426 3272 1558 3351 porticu.
1574 3279 1601 3317 2¹⁵

260 3355 333 3416 Narn
356 3361 418 3416 stoa
442 3355 563 3424 Graece,
586 3353 690 3416 Latine
713 3358 846 3433 porticus
875 3355 990 3416 dicitnr.
1036 3357 1099 3416 llos
1127 3365 1192 3417 erat
1220 3363 1292 3435 aput
1318 3355 1496 3436 filosophos.
1528 3367 1562 3416 ut

261 3441 290 3499 in
314 3458 371 3501 tina
394 3441 509 3520 porticu
532 3450 785 3518 congregarentur
812 3450 842 3501 et
870 3440 910 3500 ibi
938 3439 1126 3520 disputarent
1153 3449 1180 3500 et
1203 3441 1271 3500 inde
1293 3441 1330 3501 ab
1352 3450 1416 3501 stoa
1439 3445 1559 3520 porticu

261 3525 351 3586 Stoici
374 3525 454 3586 dicti.
498 3525 578 3597 Quae
600 3534 670 3585 sunt
697 3527 769 3586 istae
791 3527 941 3605 quinque?
990 3525 1105 3587 Nomen
1127 3524 1254 3586 uerbum
1277 3529 1448 3586 coniunctio
1471 3545 1561 3605 prae·

262 3609 274 3693 ll
298 3611 318 3670 f.
342 3605 402 3671 82·
418 3609 429 3694 ll
446 3613 553 3690 positio
582 3620 611 3669 et
636 3611 812 3672 interiectio.
857 3611 934 3671 Istae
962 3609 1035 3670 aliae
1063 3612 1213 3690 quomodo
1241 3609 1447 3672 habebantur?
1484 3613 1560 3672 Pro·

261 3713 369 3756 nomen
392 3694 554 3774 iungebant
577 3696 703 3764 nomini,
734 3713 770 3756 eo
793 3696 870 3774 quod
901 3696 1038 3772 fungatur
1062 3696 1190 3757 ultimum
1213 3699 1354 3767 nominis,
1378 3696 1559 3758 aduerbiuui
1575 3704 1603 3742 ³⁰

260 3779 425 3857 iungebant
446 3779 548 3850 uerbo,
573 3781 708 3859 eoquod
733 3781 890 3842 cohaereat
912 3779 1014 3842 uerbo.
1059 3781 1114 3851 Qui
1142 3780 1255 3842 hahent
1276 3783 1362 3842 octo?
1407 3781 1516 3843 Graeci
1533 3792 1564 3842 et

260 3865 367 3927 Latini.
412 3865 471 3926 Sed
494 3865 598 3926 Graeci
622 3868 651 3926 in
675 3884 802 3926 numero
824 3867 952 3946 partium
976 3865 1062 3926 nobis
1085 3875 1285 3945 coaequantur
1308 3868 1388 3927 etin
1411 3867 1563 3928 uocabulo

263 3949 441 4032 discrepant.
487 3949 659 4022 Quomodo?
703 3948 776 4021 Quia
800 3952 904 4012 Graeci
926 3961 1083 4028 segregant
1104 3949 1258 4013 articulum
1281 3955 1492 4031 apronomine
1506 3961 1562 4013 etc.

263 4035 335 4098 Puta
357 4037 382 4095 si
404 4035 486 4098 dicas
509 4035 621 4096 Graece
644 4035 725 4106 ‘hic’,
757 4055 832 4116 quae
859 4054 927 4115 pars
950 4038 1092 4096 orationis
1120 4037 1182 4097 est?
1225 4037 1306 4098 dico:
1336 4035 1477 4098 articulus
1501 4047 1561 4118 est;

261 4124 287 4181 si
311 4121 415 4181 Latine
437 4120 526 4184 dicas.
551 4139 715 4200 pronomen
739 4131 797 4189 est;
827 4124 851 4182 si
874 4121 956 4181 dicas
979 4120 1091 4182 Graece
1115 4125 1187 4190 ‘eu’‚
1216 4140 1293 4201 quae
1317 4140 1387 4201 pars
1415 4124 1601 4183 orationisffi
1693 4139 1694 4165 t

263 4207 327 4267 est?
372 4206 465 4268 Dicis:
491 4205 667 4266 aduerbium
692 4215 745 4272 est.
770 4209 794 4266 si
810 4205 914 4267 latine
930 4205 1019 4276 dicas,
1044 4223 1119 4284 quae
1135 4225 1204 4284 pars
1219 4209 1362 4268 orationis
1376 4207 1440 4268 est?
1462 4207 1559 4269 dicas:

262 4292 430 4352 interiectio
459 4299 512 4352 est.
558 4291 614 4361 Qui
645 4290 757 4352 liabent
784 4291 911 4351 nouem?
955 4293 1071 4360 Graeci,
1094 4293 1144 4368 qui
1167 4289 1278 4353 habent
1299 4301 1366 4352 octo
1389 4291 1482 4353 ueluti
1506 4311 1560 4353 nos

334 4547 429 4598 situlus
446 4549 538 4598 titteris
556 4549 663 4597 seeretis
680 4549 809 4610 scripum,
829 4563 933 4612 prunnon
950 4548 1030 4596 clunis
1048 4549 1158 4596 eiusdem
1175 4548 1273 4598 codicis
1288 4547 1311 4608 f.
1330 4543 1366 4596 2¹³
1383 4547 1429 4597 rub
1447 4550 1557 4612 popinae

260 4619 334 4680 fineen
352 4621 434 4678 extat,
453 4619 490 4664 itu
507 4618 655 4665 resoluitur:
675 4615 706 4664 de
725 4615 822 4679 partibs
843 4613 924 4664 oratio
977 4615 1087 4680 bgreci,
1106 4631 1207 4679 seniper
1252 4627 1405 4719 cotaequautd
1445 4617 1558 4681 ssuper

1378 4691 1390 4719 fl

263 4751 291 4782 se
325 4735 379 4785 An:
411 4735 584 4800 stupeulluuut?
656 4737 685 4784 11
706 4733 760 4786 illus
831 4737 863 4782 14
881 4734 1017 4782 aristotelis
1091 4737 1119 4783 17
1139 4735 1269 4784 uoliererat
1343 4735 1374 4783 18
1392 4733 1479 4798 implet
1524 4737 1556 4784 20

263 4813 411 4852 coierentes
481 4804 684 4851 sortiunt-tinuerit
772 4805 803 4850 uu
823 4803 920 4866 porticu
1008 4805 1036 4850 :ll
1058 4803 1174 4852 colluceat
1261 4803 1293 4852 32
1313 4813 1455 4866 coaequant
1523 4805 1555 4852 st

263 4871 395 4919 articulum
