3394 5448
320 362 384 428 242
714 367 946 420 contusarum
964 368 1206 421 mrusrmmmusm

321 555 425 618 uolans
447 556 568 617 candor.
615 556 813 636 ‘Compitalia’
837 557 910 618 lesta
934 557 1065 628 Cereale,
1089 576 1164 637 quae
1186 556 1274 620 liliam
1296 575 1379 619 suam
1402 557 1602 637 Proserpinam

321 667 434 739 raptam
458 677 473 718 a
497 659 621 719 Plutone
644 677 698 737 per
719 661 848 739 compita
871 669 902 721 et
924 659 1003 721 biuia
1026 660 1207 739 inquirebat.
1243 661 1376 739 Compita
1393 661 1543 729 dictitatur,
1563 659 1603 719 ubi

321 760 430 822 multae
460 762 526 821 uiae
555 767 728 840 competunt
749 762 769 821 i·
791 763 966 840 iunguntur.
1010 762 1101 822 Sunt
1129 762 1304 840 quaedam
1335 765 1486 823 nomina
1516 764 1601 840 posi·

322 863 436 930 tione,
461 863 480 922 i·
505 881 595 932 uoce;
627 860 758 945 singull
777 859 968 944 lutitianis
991 861 1197 926 intellectu
1224 863 1389 944 pluralia
1419 873 1459 924 ει
1481 866 1601 924 εεειιε.

320 964 425 1026 Contio
455 964 563 1025 dicitur
591 966 793 1043 congregatio.
839 963 910 1027 lnde
939 967 1126 1027 contionatur
1154 964 1271 1036 dicitur,
1300 968 1351 1046 εει
1373 966 1410 1026 ad
1433 967 1619 1033 condensus

319 1067 338 1125 i·
363 1067 398 1126 ad
427 1067 702 1144 congregationem,
737 1083 905 1127 serrnonenr
934 1068 1018 1136 lacit,
1047 1069 1124 1128 sicut
1151 1067 1289 1129 Salomon
1318 1067 1518 1131 ecclesiastes,
1558 1067 1602 1126 Ec·

167 1167 474 1238 p·ttt,1.2clesiastes
497 1169 610 1230 Graece
632 1167 737 1228 Latine
760 1169 954 1232 contionatur.
992 1168 1114 1238 Plebs,
1130 1169 1299 1233 multitudo.
1336 1168 1518 1237 Athenae,
1541 1169 1602 1229 ciui·

319 1279 364 1332 tas
386 1278 429 1331 εει
452 1269 594 1332 Graeciae
617 1270 823 1349 potentissima
846 1277 875 1330 ει
897 1269 1006 1331 dicitur
1029 1279 1123 1332 tnater
1146 1271 1321 1351 sapientiae,
1345 1272 1428 1350 quia,
1452 1278 1486 1330 ει
1509 1271 1602 1332 Gracci

319 1372 435 1441 dicunt,
465 1373 495 1431 in
524 1370 571 1432 illa
595 1374 717 1432 inuenta
746 1376 792 1431 εει
813 1374 958 1450 sapientia
982 1371 1141 1435 saecularis
1164 1381 1194 1434 et
1215 1373 1353 1434 dicuntur
1374 1371 1508 1433 Athenae
1530 1373 1601 1450 quasi

318 1474 474 1535 athanatoe
501 1475 527 1533 i·
555 1473 747 1538 immortales.
797 1473 987 1552 Mycenae,
1024 1477 1131 1537 ciuitas
1161 1483 1206 1536 εει
1234 1475 1472 1553 Agamemnonis.
1518 1472 1627 1532 The-u

318 1576 399 1644 bae,
428 1576 533 1635 ciuitas
561 1583 604 1636 εει
627 1575 768 1636 Graeciae
791 1577 915 1636 maxima
939 1593 1006 1637 cum
1029 1585 1148 1638 centum
1177 1578 1281 1657 portis.
1327 1577 1475 1643 Cumae.
1508 1576 1602 1636 ciuitas

319 1688 364 1737 est
387 1677 574 1755 Campaniae.
620 1677 676 1737 lsta
700 1678 818 1737 nomina
842 1685 911 1738 sunt
934 1695 1007 1738 uoce
1029 1676 1169 1757 pluralia,
1195 1676 1346 1739 intellectu
1368 1674 1540 1755 singularia.

404 1779 444 1838 tte
467 1780 570 1857 ligura.
611 1777 719 1857 Figura
743 1778 851 1839 dicitur
873 1798 889 1839 a
911 1779 1064 1856 lingendo,
1088 1781 1108 1839 i·
1125 1800 1141 1840 a
1156 1779 1378 1860 componendo:
1403 1781 1517 1857 lingere
1538 1778 1600 1838 dici-

318 1900 385 1942 mus
401 1897 596 1959 componere,
614 1879 681 1940 inde
697 1882 911 1958 compositores
927 1879 981 1941 luti
997 1883 1127 1959 ‘figulos’
1144 1900 1295 1946 εεεειεεε.
1334 1881 1386 1943 Εει
1400 1881 1493 1958 ligura
1510 1897 1598 1940 rerum

317 1985 427 2051 forma,
450 1980 499 2042 uel
521 1982 613 2060 figura
637 1981 744 2043 dicitur
768 2001 816 2043 res
839 1984 1005 2053 artificalis,
1031 2001 1105 2061 quae
1128 1990 1179 2045 aut
1200 2001 1236 2042 ex
1258 2002 1315 2044 una
1337 1991 1423 2063 parte
1446 1988 1626 2043 constatura

317 2084 443 2163 simplex
465 2084 583 2154 dicitur,
608 2092 658 2144 aut
681 2103 716 2144 ex
739 2083 877 2161 pluribus
900 2092 930 2145 et
952 2085 1112 2164 composita
1136 2092 1270 2150 uocatur,
1308 2085 1388 2146 Duae
1409 2091 1479 2145 sunt
1499 2085 1598 2161 figurae

317 2185 480 2246 secundum
511 2185 672 2253 Donatum
705 2186 870 2246 secundum
899 2204 972 2247 uero
1000 2185 1235 2248 Priscianum
1268 2197 1346 2255 tres,
1375 2185 1500 2266 simplex
1528 2203 1597 2246 com·

317 2290 413 2368 posita
437 2296 467 2348 et
488 2287 704 2366 decomposita;
733 2288 786 2348 sed
810 2287 1010 2366 decomposita
1033 2288 1155 2358 dicitur,
1179 2306 1255 2366 quae
1277 2305 1293 2346 a
1316 2291 1477 2368 composita
1499 2286 1597 2347 ditius·

318 2400 376 2450 tur.
409 2391 555 2451 ‘Animus'
573 2388 697 2469 simplex
721 2387 891 2466 figuraest,
915 2391 1145 2469 ‘magnanimus’
1169 2391 1341 2469 composita,
1360 2389 1596 2468 ‘magnanimitas’

229 2493 529 2572 aaa.adecornp0stta.
573 2490 767 2563 indoctus,
799 2491 919 2562 stultus;
954 2493 1156 2572 impotens,
1191 2490 1265 2551 nibil
1298 2500 1414 2571 potens.
1458 2491 1537 2552 Sicut
1566 2503 1625 2549 eru

318 2603 458 2675 quattuor
481 2594 635 2655 elementis
658 2601 878 2673 componuntur
900 2595 997 2654 ornnia
1021 2611 1160 2672 corpora,
1185 2594 1227 2654 sic
1249 2603 1468 2672 componuntur
1489 2593 1597 2652 uomina

229 2713 278 2761 aaa,
292 2713 304 2752 a
318 2715 353 2758 ex
377 2703 514 2778 quattuor
537 2694 641 2759 modis.
686 2693 946 2764 Suburbanus,
976 2697 1026 2776 qui
1050 2697 1079 2755 in
1103 2695 1246 2756 suburbio
1275 2695 1401 2765 habitat,
1424 2697 1444 2754 i·
1467 2697 1496 2754 in
1517 2695 1595 2753 terri·

228 2816 278 2863 aaa,
292 2816 304 2854 c
319 2801 405 2863 torio.
450 2797 609 2866 Eilicax,
634 2798 755 2858 ellectus
777 2799 978 2877 corrumpitur
1002 2805 1031 2857 et
1053 2797 1126 2858 lacit
1147 2797 1212 2866 edi;
1241 2815 1333 2877 capax
1356 2798 1550 2875 corrumpitur
1570 2803 1595 2854 et

316 2903 390 2963 lacit
410 2917 475 2960 εεε.
521 2898 592 2960 lnde
621 2900 724 2960 ellicax
755 2897 865 2960 dicitur
888 2899 1011 2960 ellectus
1033 2916 1139 2976 capax,
1168 2901 1219 2978 qui
1242 2899 1367 2978 implere
1388 2906 1498 2979 potest,
1523 2895 1593 2976 quod

318 3002 391 3064 uult.
430 3000 574 3061 blunicc
582 3019 636 3079 ps,
660 3001 768 3061 dicitur
791 3002 890 3062 munia
907 3002 1036 3080 capiens.
1073 3001 1229 3080 lluniceps
1245 3019 1338 3078 genus
1360 2999 1503 3080 quoddam
1524 2998 1623 3077 apud!

318 3105 481 3171 Romanos,
505 3103 608 3178 quiin
631 3101 768 3163 omnibus
790 3103 1051 3164 communicabant
1072 3120 1139 3164 curn
1164 3104 1221 3173 eis,
1253 3103 1310 3163 nisi
1333 3104 1363 3162 in
1386 3103 1592 3179 suffragatione.

318 3207 484 3284 ineptus,
514 3205 737 3265 inconneniens.
783 3203 969 3272 lnsulsus,
1000 3208 1050 3283 qui
1080 3225 1137 3266 nou
1166 3213 1211 3265 est
1240 3202 1300 3265 sale
1323 3205 1483 3283 sapientiae
1502 3199 1591 3261 condi·

318 3317 374 3373 tus.
398 3343 439 3352 —
467 3303 560 3387 †Pin
597 3307 709 3366 Graece
747 3315 880 3376 acutum,
918 3306 987 3366 iude
1023 3309 1269 3386 pinnipotens
1305 3305 1414 3366 dicitur
1449 3304 1590 3382 gladiator.

387 3559 569 3626 lcompetnlin
637 3561 801 3625 Ceompeta,
820 3560 859 3609 dic
927 3563 1036 3625 lgrece
1103 3560 1236 3625 Ggreclae
1299 3561 1367 3624 greci
1452 3557 1590 3610 bsecularis

316 3633 350 3748 {g
367 3629 487 3746 ειιιεεειε
543 3627 693 3676 immortalis
763 3629 876 3676 micenae
946 3631 975 3677 11
995 3629 1095 3693 greciae
1165 3630 1197 3679 lt
1215 3625 1402 3694 praescianuml
1421 3627 1437 3677 1
1452 3645 1478 3692 p.
1496 3629 1546 3686 tra,
1564 3625 1589 3672 tl

370 3714 415 3763 gre

387 3885 418 3934 18
431 3884 523 3934 Glossa
534 3883 629 3933 codicia
640 3881 780 3932 Beruensie
793 3883 845 3932 386
854 3881 877 3944 s.
888 3887 919 3931 5·
929 3897 1008 3946 marg.
1018 3884 1081 3934 aim:
1102 3883 1221 3932 Adiciunt
1238 3899 1252 3944 ε
1262 3883 1333 3932 uida
1341 3897 1362 3930 nr
1383 3897 1466 3947 grem
1474 3881 1586 3930 matico-

317 3967 382 4001 runt
400 3952 499 4001 tertiam
519 3949 627 4015 liguram
646 3951 663 4000 i.
681 3951 897 4014 decompositant,
916 3965 981 4012 quae
999 3950 1056 3999 licet
1073 3952 1243 4016 incomposita
1262 3950 1343 4016 ligura
1362 3951 1409 4014 sit,
1432 3961 1508 3998 utmen
1526 3961 1587 4010 regu-
1657 3957 1661 3972 ·

316 4021 402 4070 lariter
420 4035 465 4086 per
483 4035 511 4068 εε
529 4018 634 4083 intelligi
654 4029 745 4084 potest.
781 4016 845 4066 Nam
867 4018 1009 4083 composita
1034 4018 1116 4083 ligure
1134 4029 1180 4078 est,
1199 4034 1264 4081 qnae
1283 4027 1369 4084 potest
1386 4018 1478 4068 resolui
1494 4017 1517 4066 in
1533 4015 1584 4064 daras

317 4087 486 4153 intelligibiles
506 4097 600 4152 partes,
618 4095 647 4136 ut
664 4086 926 4152 magnanimusque
940 4087 1118 4152 magnanimus
1130 4088 1300 4152 compositum
1315 4101 1406 4135 nornen
1418 4097 1496 4136 estex
1508 4095 1584 4146 magno

317 4168 342 4206 et
358 4157 457 4212 animoa
480 4154 655 4220 decomposita
674 4165 723 4210 est,
746 4169 812 4216 quae
831 4169 880 4204 non
899 4163 984 4220 potest
1000 4154 1094 4204 resolui
1112 4157 1139 4206 in
1157 4155 1222 4204 duas
1245 4152 1418 4218 intelligibiles
1439 4165 1529 4220 partes,
1548 4147 1584 4198 sed

317 4223 493 4289 acomposita
515 4224 654 4284 diriuatur,
676 4233 704 4272 ut
725 4222 922 4287 magnanimitas
939 4229 988 4275 etc.
1091 4224 1124 4273 25
1149 4224 1238 4273 Gtossa
1260 4223 1356 4272 codicia
1379 4221 1512 4272 dernensis
1524 4219 1543 4282 [-
1558 4220 1582 4264 ⁵¹

317 4309 396 4358 marg.
414 4294 500 4342 dext:
536 4289 675 4356 ltlunicipes
695 4302 766 4339 ernrtt
787 4290 915 4352 quoddam
939 4305 1021 4356 genus
1040 4289 1212 4341 ltomerrcrum
1231 4305 1246 4339 ε
1263 4289 1344 4340 Tarso
1363 4287 1473 4340 Ciliciae.
1505 4287 1582 4336 Tarsus

317 4363 383 4410 enim
394 4359 440 4423 (ei)
450 4360 540 4408 ciuitas
559 4368 598 4408 εει
617 4357 725 4414 Ciliciae,
743 4373 819 4420 quem
839 4359 1000 4424 expugnauit
1011 4357 1149 4425 Pompeius
1168 4369 1192 4408 ει
1209 4358 1358 4423 subingerit
1370 4357 1487 4407 Romanis
1503 4364 1583 4420 praeter

316 4429 341 4478 in
360 4427 543 4492 suffragatione
561 4423 804 4492 (suffragulntione),
824 4426 874 4475 lroc
890 4436 930 4476 est
947 4426 1111 4477 fideiussores
1131 4441 1182 4476 uon
1201 4425 1319 4475 uolebant
1336 4441 1403 4482 esse,
1422 4427 1453 4475 de
1469 4439 1514 4486 qua
1534 4420 1582 4469 cini-

317 4507 368 4547 tate
386 4495 434 4546 icit
451 4505 554 4544 sanctus
572 4495 681 4558 Paulus,
705 4495 771 4544 sicut
792 4496 850 4560 ipse
870 4494 943 4544 dicit:
979 4493 1053 4559 ‘Ego
1071 4495 1202 4546 Romanus
1227 4503 1286 4543 natu
1305 4509 1321 4543 a
1339 4494 1418 4543 Tarso
1437 4492 1527 4544 Ciliciae
1542 4500 1580 4536 non

317 4567 420 4630 ignotae
437 4563 549 4614 ciuitatis
566 4564 722 4628 municeps’.
807 4564 840 4612 ιθ
859 4562 949 4614 Gloasa
971 4563 1066 4625 codicis
1084 4561 1261 4626 Beruensiss.
1280 4567 1312 4611 5·
1331 4577 1411 4626 marg.
1429 4561 1487 4624 infir
1517 4557 1580 4631 Pinna

316 4633 488 4697 corrumpitur
506 4641 531 4680 ει
546 4629 606 4680 lacit
623 4631 709 4696 pinni,
731 4642 821 4694 potens
839 4631 964 4697 integrum
983 4645 1075 4680 nomeu
1093 4642 1133 4682 est
1152 4631 1191 4681 uel
1210 4631 1380 4697 participium,
1399 4629 1456 4678 inde
1472 4637 1582 4690 compunt·

318 4717 357 4750 tut·
376 4701 556 4766 pinnipotens:
580 4700 626 4764 pin
645 4699 739 4749 Graece
756 4697 845 4748 Latine
862 4699 953 4749 dicitur
970 4712 1085 4759 neutram,
1105 4701 1164 4750 inde
1182 4700 1260 4766 pinna
1278 4698 1370 4748 dicitur
1388 4695 1484 4763 gladius
1500 4703 1522 4742 et
1536 4689 1582 4738 inde

317 4771 495 4833 pinnipotens,
519 4768 563 4830 εει
587 4769 649 4816 bene
670 4777 756 4832 potest
778 4781 894 4832 pugnare
917 4781 974 4816 cum
992 4769 1071 4832 pinara
1089 4769 1105 4819 i.
1123 4783 1180 4818 cunr
1198 4768 1285 4833 gladio
1303 4777 1328 4818 ει
1345 4765 1503 4832 pinnipotens
1520 4771 1581 4834 tout·

318 4837 390 4886 batur
407 4836 533 4886 retiarius.
569 4834 630 4885 Erat
650 4837 717 4886 enirn
739 4836 839 4900 species
861 4836 911 4885 ludi
936 4837 1076 4898 antiquitus
1095 4838 1120 4886 in
1140 4836 1243 4886 theatris
1262 4835 1304 4885 ubi
1323 4833 1485 4902 praecedebat
1500 4827 1581 4895 [textns
