3420 5450
623 353 704 409 COD.
725 353 830 405 BERN.
852 356 909 406 123.
1287 373 1420 422 XXXVII

23 569 32 599 i
265 542 333 600 Pro
355 543 462 602 dolor
484 545 620 603 aeterni
645 547 785 603 lucrant
807 547 873 603 duo
895 564 1058 604 cresccre
1080 557 1267 623 postquam

265 629 407 704 Coepit,
430 630 532 703 origo
556 633 651 706 perit
673 630 876 706 clademque
899 650 913 688 a
937 633 1064 690 semiue
1088 636 1239 708 sumpsit

131 713 172 787 (cs.
192 713 278 770 buius
300 714 368 770 libri
386 733 418 788 p.
438 719 507 788 266,
526 715 555 789 5)
578 725 605 772 ct
627 718 698 792 apud
722 716 932 792 Vergilium:

605 819 668 876 pro
690 802 824 876 Iupiter
846 801 912 859 ibit

19 849 23 904 l
131 883 180 960 qn
201 883 291 960 spuo,
321 885 406 958 torp.
429 886 500 943 aaa.
524 886 596 943 1111
615 886 691 959 saa).

651 1071 878 1080 ψ

204 1190 345 1265 Sequitur
362 1189 392 1262 s.
419 1197 476 1248 53⁰
498 1192 677 1266 interposita
703 1207 767 1249 uua
789 1193 827 1250 dc
849 1209 923 1252 raace
948 1195 1112 1254 sententia:
1149 1194 1253 1254 (ianuis
1282 1213 1339 1255 uox
1368 1205 1417 1257 aut

134 1289 269 1354 articulata
298 1296 343 1350 cst
375 1297 405 1350 ct
433 1285 558 1351 liltcrata
588 1299 620 1351 ut
648 1309 729 1352 arma
760 1293 918 1370 uirumque
941 1312 1014 1354 cano
1037 1330 1078 1340 -
1101 1303 1151 1356 aut
1179 1295 1364 1357 inarticulata
1388 1305 1418 1358 et

19 1457 20 1463 ἵ
133 1392 273 1454 inlitterata
302 1401 335 1452 ut
364 1392 498 1470 crepitus
525 1393 654 1472 mugitus
686 1401 715 1454 ct
742 1392 848 1453 similia
878 1397 1037 1456 Alanini
1062 1414 1116 1458 ars
1141 1402 1363 1473 qrammatica:
1393 1399 1416 1460 Ι)

20 1463 21 1488 ¹
134 1495 283 1556 audiuimus
312 1499 342 1553 te
370 1493 541 1555 doctissimo
568 1495 711 1572 magister
733 1529 773 1538 -·-
793 1495 823 1568 s.
850 1493 904 1554 75⁶
930 1497 1080 1558 incondita
1109 1516 1182 1559 uoce
1210 1499 1413 1578 proteruntur.

134 1601 199 1678 aspi.
243 1595 356 1657 Titulus
384 1599 448 1672 ipse
465 1595 496 1670 s.
521 1593 578 1656 55δ
599 1615 692 1658 manu
715 1599 820 1658 cadem
843 1615 905 1674 qna
926 1605 1030 1660 cetera
1053 1602 1097 1660 ad
1117 1603 1228 1662 uerba:
1265 1603 1414 1662 ‘Fuerant

133 1705 157 1760 in
176 1701 254 1761 scola
274 1699 379 1759 Albini
398 1701 556 1774 mapistri’
580 1701 714 1775 marpini
740 1702 915 1776 adscriptas
936 1708 993 1761 est:
1030 1699 1230 1763 Expostulo
1260 1701 1413 1764 DVORVM

133 1799 388 1863 ulsctituouvu
416 1799 551 1862 ALBlNl.
591 1799 629 1861 IN
654 1801 793 1862 nouam
816 1801 915 1862 ARTE
937 1801 1145 1864 FELICITER.
1191 1805 1249 1865 Cui
1268 1808 1413 1881 opuscolo

132 1906 274 1965 subiectam
295 1912 340 1963 est
356 1901 386 1976 s.
413 1901 467 1962 tal
489 1903 590 1966 breuis
616 1905 654 1964 de
683 1906 921 1965 ‘circumcirca'
950 1907 1100 1965 locatione
1126 1910 1291 1982 expositio,
1323 1923 1413 1982 qaam

132 2023 182 2067 una
203 2023 265 2066 amn
286 2006 402 2080 aliquot
424 2007 548 2067 Aletrini
568 2007 827 2067 mandationibus
848 2005 938 2078 infra
955 2023 1163 2082 proponemus
1183 2009 1291 2085 praef.
1312 2011 1413 2086 partis

132 2109 177 2168 lii
193 2123 260 2182 cap.
284 2112 329 2167 12.

201 2207 339 2269 Succedit
361 2208 536 2284 deuiqacs.
563 2207 746 2267 tul—iti·
768 2212 853 2270 raalio
876 2211 982 2270 addito
1003 2213 1092 2272 titulo
1115 2228 1181 2271 ars
1203 2229 1408 2289 anonyma,

130 2327 195 2386 qum
209 2311 292 2370 buires
306 2311 380 2370 libri
392 2313 481 2370 tertio
495 2313 563 2370 loco
582 2328 614 2386 p.
635 2317 776 2370 ai-—iti
797 2313 879 2380 adita
902 2320 959 2387 est,
985 2316 1022 2372 de
1044 2317 1164 2374 nomina
1185 2321 1214 2374 et
1228 2317 1412 2391 pronomine

129 2429 162 2471 aa
179 2414 272 2472 multis
293 2413 466 2473 necatoribus
488 2414 625 2473 collecta.

200 2515 349 2574 Postremo
371 2517 499 2590 denique
520 2517 588 2575 loco
609 2515 737 2574 babetur
755 2514 785 2588 s.
812 2521 884 2574 117⁶
897 2551 940 2559 —
951 2515 980 2588 f.
1000 2515 1071 2576 128⁶
1093 2521 1175 2578 nullo
1198 2520 1302 2578 addita
1324 2520 1410 2578 titula

129 2633 172 2675 ars
192 2617 329 2676 Iuliani
353 2615 530 2676 Toletani
549 2618 582 2676 in
602 2619 663 2688 fine
683 2619 790 2677 mutila
813 2621 845 2678 in
867 2619 1060 2680 baconeria
1082 2623 1233 2680 desinens:
1266 2619 1341 2690 Quia
1363 2621 1409 2680 in-

129 2717 249 2796 peratiuo
271 2717 359 2777 modo
381 2719 412 2777 in
435 2735 451 2776 c
474 2726 607 2778 mutatur
630 2727 660 2778 ct
682 2718 751 2779 iacit
773 2719 951 2780 i'erucsccrc.
982 2719 1051 2780 iude
1074 2739 1202 2798 aguusco
1226 2722 1294 2799 quia
1317 2724 1408 2784 torcia

127 2823 249 2899 correpta
272 2827 315 2879 cst
338 2826 368 2878 ct
389 2819 536 2879 infinitiuo
559 2838 608 2880 mo
631 2827 700 2880 ante
722 2839 769 2900 pc,
785 2820 831 2893 cf.
848 2824 944 2884 Keilii
953 2823 1059 2900 praef.
1076 2824 1121 2883 ad
1133 2832 1281 2901 exempta
1295 2826 1412 2887 Iuliani

123 2938 148 2994 p.
171 2927 241 2990 alm
257 2938 291 2997 p.
316 2928 355 2981 86
378 2924 425 2981 ed.
448 2922 536 2982 Ram.

17 3100 18 3104 Ἰ
197 3023 241 3082 lie
260 3023 318 3083 boa
338 3025 445 3085 codice
466 3027 615 3100 capitosse
638 3027 758 3086 uidetur
781 3027 949 3100 Pntscliias,
975 3029 1043 3087 dian
1060 3027 1271 3104 praefationis
1290 3033 1410 3105 popina

123 3125 217 3186 nitriae
238 3128 317 3186 inter
338 3143 392 3200 aa,
422 3143 501 3202 qnae
529 3129 615 3202 apud
638 3129 815 3188 Clementem
839 3128 960 3190 Scotum
983 3132 1166 3204 laperantar,
1191 3131 1268 3190 nibil
1288 3149 1320 3190 se
1341 3149 1407 3208 rap-

118 3229 224 3300 perisse
244 3231 287 3288 ait
309 3230 352 3288 ad
375 3229 545 3290 Charisiano
568 3231 790 3291 emendandum
812 3233 893 3291 noui.
935 3231 1023 3302 Quod
1041 3234 1132 3306 lonqa
1153 3250 1239 3293 sacas
1252 3251 1284 3293 sa
1298 3235 1409 3294 babere

120 3330 284 3390 iaotdudum
306 3333 488 3392 intellectum
510 3338 564 3392 est.

193 3431 245 3492 Ea
259 3433 316 3493 boc
329 3434 410 3494 libro
424 3441 636 3508 marcuerunt,
654 3451 732 3509 qnae
743 3434 850 3510 praef.
861 3438 965 3511 partis
980 3438 1089 3496 tertiae
1102 3453 1173 3511 cap.
1191 3443 1209 3495 3
1224 3439 1261 3496 de
1277 3436 1410 3498 Charisii

116 3537 260 3609 excerptis
273 3541 303 3594 et
316 3551 387 3612 cap.
406 3543 424 3593 5
445 3537 483 3594 de
499 3537 636 3613 Pompeii
655 3538 808 3597 codicibus
823 3539 1011 3614 disputantes
1026 3539 1214 3612 coilipemas,
1240 3541 1307 3598 itam
1329 3557 1408 3616 quac

117 3633 196 3695 binus
216 3637 291 3696 iibri
304 3654 340 3714 p.
368 3643 522 3697 189—201
550 3640 679 3713 Verpilii
696 3638 894 3713 qrammatiai
917 3639 1098 3713 srapmenta
1114 3639 1331 3716 proposuimus
1352 3659 1407 3702 nee

116 3753 182 3811 oon,
209 3753 290 3812 quaa
311 3741 351 3800 da
371 3740 492 3801 Isidoro
511 3744 714 3815 prammatiao
736 3748 765 3801 at
787 3743 824 3800 de
846 3741 998 3801 Consentii
1018 3740 1206 3815 aliorumque
1226 3744 1405 3818 quibusdam

114 3839 181 3897 loris
200 3839 292 3912 infra
307 3842 417 3918 praef.
439 3844 539 3917 partis
560 3842 616 3902 III
635 3859 705 3918 cap.
733 3849 775 3911 tt,
800 3851 830 3918 5,
855 3851 881 3916 2,
909 3851 941 3921 b,
967 3849 1003 3900 ta
1024 3845 1251 3921 disputabimus.

434 4285 475 4377 3)
503 4287 618 4359 codd.
644 4287 788 4362 Bernn.
816 4285 894 4357 522
921 4291 963 4358 et
989 4286 1079 4358 432.

183 4419 258 4482 Cart.
291 4420 391 4480 Bern.
415 4427 474 4480 522
502 4437 582 4482 saec.
605 4420 742 4482 ΙΧ-Χ
767 4418 874 4494 farma
901 4422 1031 4496 oblonpa
1058 4423 1174 4480 minuta
1202 4420 1406 4485 LXXXXIX

103 4519 176 4590 sam
202 4525 346 4584 continet
371 4525 476 4584 eadem
502 4540 598 4585 manu
624 4525 756 4599 scripta,
784 4523 839 4583 sed
865 4525 972 4583 desunt
999 4525 1115 4598 aliquot
1137 4527 1348 4600 quaterniones
1370 4528 1401 4586 in

104 4623 170 4692 tium
203 4641 279 4686 nam
301 4625 333 4698 s.
357 4621 408 4683 91·
429 4628 550 4702 siquam
586 4625 739 4702 quoddam
772 4627 917 4685 asterisco
948 4625 1044 4685 simile
1076 4626 1231 4701 adpictum
1264 4631 1307 4684 est
1333 4643 1401 4686 cnm

105 4727 209 4786 umbi:
233 4729 309 4788 ‘noc
332 4729 450 4802 siquam
472 4733 594 4806 require
612 4745 711 4804 prope
727 4731 817 4816 finept
832 4728 925 4786 iibri'.
963 4727 1026 4786 Sed
1039 4727 1257 4803 requirentibus
1271 4728 1356 4786 nialla
1370 4746 1402 4787 se

105 4830 187 4903 offert
205 4832 294 4891 illias
316 4833 458 4904 opusculi
475 4833 663 4892 continuatio
684 4847 779 4905 nequa
793 4831 856 4889 ailo
870 4831 936 4888 loca
951 4830 1030 4890 illud
1042 4831 1159 4903 siquam
1174 4830 1331 4904 repetitum
1347 4837 1398 4888 est.
