3412 5452
777 1162 889 1243 III.

339 1376 427 1460 DE
464 1373 805 1460 OHARISIO
842 1377 924 1461 ΕΤ
959 1376 1328 1460 FLAVIANO.

774 1602 898 1610 —-

767 1785 851 1849 One.
875 1784 902 1849 Ι.

391 1921 449 1987 DE
473 1920 667 1988 OHARISII
695 1920 938 1987 EXOERPTIS
960 1921 1281 1987 BERNENSIBVS.

276 2079 580 2141 Codicis'Berneusis
603 2086 841 2158 imeneorum,
872 2081 1143 2176 hu⁰⁶,.QQ²'
1169 2083 1288 2140 nomino
1306 2083 1483 2155 praeposito

182 2185 219 2242 in
242 2185 344 2257 prima
366 2185 430 2243 eius
450 2183 524 2243 iibri
543 2189 611 2242 arte
631 2184 785 2244 collaticia
808 2188 985 2259 uersaretur',
1015 2200 1074 2242 uon
1097 2185 1196 2259 parui
1222 2199 1284 2242 esse
1311 2184 1355 2240 ad
1375 2182 1481 2242 Chari-

184 2288 267 2346 sium
290 2286 509 2345 emendandum
531 2286 580 2344 uel
601 2286 801 2361 supplendum
819 2287 928 2361 pretii,
954 2286 1138 2360 praesertim
1166 2286 1197 2343 in
1225 2291 1315 2344 tanta
1335 2284 1483 2344 librorum

184 2389 467 2463 manuscriptorum
483 2389 628 2462 penuria,
652 2393 734 2447 recte
755 2390 957 2448 existimatam
984 2393 1027 2446 est
1049 2393 1077 2446 et
1100 2403 1119 2444 a
1143 2387 1233 2446 Petro
1254 2386 1380 2445 Daniele
1402 2387 1482 2462 olim,

183 2492 327 2564 quicum
348 2491 459 2550 lihrum
486 2496 632 2548 accurate
657 2506 724 2549 cum
752 2492 923 2565 exemplari
947 2505 1001 2549 suo
1030 2491 1111 2565 typis
1137 2489 1289 2563 descripto
1316 2485 1482 2566 contidit*)

185 2600 217 2650 ct
238 2607 258 2648 a
282 2591 416 2652 Henrico
440 2593 538 2651 Keilio
560 2608 668 2666 nuper,
693 2608 780 2666 quem
804 2592 964 2664 diliqeoter
985 2599 1089 2650 nostro
1115 2593 1219 2650 codice
1240 2605 1324 2650 usum
1346 2606 1410 2649 esse
1429 2605 1482 2648 esc-

183 2703 362 2768 carolorum
398 2693 597 2752 Cannensium
626 2690 870 2768 frequentissimo
903 2693 994 2766 sacto
1030 2694 1273 2752 commemoratio
1309 2693 1391 2750 testis
1428 2695 1481 2750 est.

187 2797 267 2864 (litos
289 2796 372 2854 locos
400 2812 467 2854 cum
495 2795 530 2855 oh
559 2797 637 2854 alias
658 2797 807 2870 quasdam
829 2798 1017 2870 quaestiones
1044 2796 1143 2854 denuo
1165 2799 1404 2869 pertractarem,
1434 2807 1483 2851 ac·

187 2903 355 2956 currerunt
376 2899 532 2972 nonnulla,
555 2913 633 2970 qnae
655 2899 716 2957 illis
737 2914 814 2972 quae
835 2899 953 2957 licilius
974 2898 1110 2957 enotaait
1136 2896 1281 2955 addenda
1307 2911 1370 2954 csse
1396 2901 1484 2954 ratus

182 3015 259 3058 sum.
295 2998 396 3058 Erunt
410 3000 498 3070 euim,
516 3015 594 3072 quae
613 3001 798 3072 corriqenda
819 3001 1002 3074 reliquisset:
1022 3001 1117 3074 plura
1134 3014 1206 3056 uero
1223 2996 1370 3057 eiusmodi
1383 3001 1481 3068 crant,

185 3109 219 3160 ut
240 3102 284 3158 ad
305 3106 492 3175 apparatum
514 3117 599 3174 quem
622 3109 733 3160 uocant
747 3103 889 3161 criticum
904 3102 1047 3172 omnihus,
1072 3107 1216 3175 quantum
1238 3101 1272 3159 id
1282 3101 1355 3170 lieri
1372 3102 1481 3173 potest,

184 3199 321 3262 riumcrt's
348 3203 561 3262 absoluendum
590 3205 712 3262 omniuo
739 3220 814 3278 opus
840 3211 945 3263 essent.
997 3201 1079 3260 Nom
1103 3203 1219 3262 Kallias
1252 3201 1323 3260 dam
1351 3203 1383 3260 in
1411 3201 1484 3275 ipsis

187 3303 323 3363 Charisii
344 3304 443 3363 uerbis
464 3305 659 3363 emendandis
681 3306 800 3376 deliras
820 3307 933 3380 passim
955 3320 1033 3378 qnae
1053 3310 1220 3362 memoratu
1236 3303 1330 3377 diqno
1352 3303 1483 3377 reperie-

183 3407 238 3465 hot
259 3407 412 3480 excerpit.
437 3422 496 3465 non
519 3415 638 3481 aperte,
667 3423 746 3480 quae
767 3422 884 3481 qaoque
910 3409 976 3466 loco
1003 3423 1043 3465 eu
1071 3405 1209 3464 Charisia
1238 3404 1347 3464 hausta
1375 3411 1482 3476 esseut,

185 3508 293 3581 ultique
313 3508 508 3580 siqnilhcauil.
557 3507 619 3578 Ouo
638 3511 682 3580 ht,
707 3516 740 3567 at
760 3525 801 3568 eu
817 3510 890 3584 ipsis
911 3511 975 3567 eius
989 3510 1143 3584 excerptis
1165 3508 1252 3574 illud,
1276 3507 1359 3581 quod
1373 3520 1483 3564 reuera

184 3611 294 3678 euenit,
318 3625 380 3668 non
400 3611 475 3668 satis
495 3612 657 3682 clarescat,
681 3612 776 3670 multa
798 3613 860 3670 alio
877 3626 1008 3685 prorsus
1030 3610 1137 3669 ordine
1158 3612 1188 3668 in
1210 3609 1315 3669 codice
1333 3607 1488 3667 Berueusl

183 3709 342 3786 proferri,
371 3712 477 3784 aliqua
509 3712 610 3770 deesse
643 3713 809 3785 interdum,
845 3713 910 3772 alia
939 3713 1139 3786 superaddito
1171 3727 1243 3770 esse.
1290 3709 1484 3784 Quapropter

185 3815 287 3871 omnia
309 3815 369 3872 ista
389 3829 458 3872 cum
476 3814 650 3887 puluisculo
671 3815 754 3888 quod
773 3815 880 3873 dicunt
901 3814 1113 3873 exhaurienda
1135 3830 1198 3873 esse
1219 3814 1305 3884 duxi,
1330 3817 1363 3871 ut
1384 3811 1481 3882 simul,

185 3931 247 3990 qua
269 3921 435 3989 excerptor
457 3917 574 3990 ipsein
595 3929 649 3974 suo
672 3931 762 3990 opere
782 3917 970 3986 conficiendo
995 3917 1116 3989 ratione
1138 3933 1207 3975 usus
1228 3920 1318 3984 esset,
1349 3913 1485 3973 dilucide

187 4018 404 4077 ostenderetur.
451 4016 553 4076 Malta
574 4019 652 4075 enim
674 4017 803 4076 librario
824 4019 901 4076 uitia
924 4018 1095 4092 imputanda
1116 4023 1200 4089 suut,
1224 4033 1285 4077 non
1304 4031 1408 4090 pauca
1430 4031 1484 4074 ex·

184 4121 333 4194 carptori,
358 4119 505 4178 nanndla
527 4119 656 4193 denique
677 4135 717 4177 eu
739 4120 808 4193 ipsa
830 4121 944 4179 codicis
966 4118 1112 4190 Charisii,
1138 4135 1224 4193 quem
1245 4122 1409 4192 excerptor
1430 4117 1484 4177 ad-

185 4221 291 4292 hibuit,
316 4221 464 4294 qualitate
485 4220 665 4280 deducenda
687 4227 784 4279 erunt.
832 4219 944 4280 Tamen
968 4222 1001 4279 id
1021 4227 1125 4279 teneas
1146 4220 1253 4296 ieelim,
1281 4235 1343 4279 nan
1366 4221 1484 4278 uniuer-

183 4339 250 4382 sam
271 4337 319 4381 me
339 4323 455 4382 codicis
477 4321 642 4381 Beruensis
663 4323 849 4398 scripturam
871 4324 969 4382 denuo
988 4323 1233 4398 propositurum,
1258 4323 1312 4381 sed
1333 4338 1370 4381 ea
1391 4322 1486 4381 solum

186 4425 297 4497 imodo,=
320 4439 401 4498 quae
421 4424 620 4499 supplementi
638 4425 737 4483 instar
758 4425 855 4485 Keilii
874 4424 1117 4485 adnotationibus
1139 4425 1302 4499 adpinqas.
1348 4421 1487 4483 Omnibus
1512 4405 1516 4415 ¹

179 4528 266 4600 qitur
293 4525 428 4586 Charisii
455 4527 608 4602 excerptis
637 4525 810 4586 Cominiani
838 4543 945 4587 namen
961 4529 1165 4603 praemissum
1187 4535 1231 4587 est
1252 4523 1313 4600 (cs.
1336 4524 1376 4584 H.
1391 4527 1486 4587 Keilii

252 4760 279 4824 ⁴¹)
298 4760 414 4821 Quorum
432 4761 545 4812 locorum
565 4778 625 4828 pars
643 4777 738 4828 magna
756 4766 782 4812 in
801 4778 880 4812 iurum
899 4775 1022 4828 congesta
1040 4778 1056 4812 a
1074 4763 1147 4811 Petro
1168 4761 1272 4812 Daniele
1296 4763 1372 4813 hodie
1393 4763 1485 4830 legitor

186 4831 211 4880 in
228 4831 316 4882 codice
334 4829 460 4881 Beruensi
479 4832 537 4895 189,
554 4845 605 4894 quo
624 4831 679 4881 eius
698 4833 846 4883 aduersaria
864 4831 1023 4898 philologici
1041 4831 1211 4882 continentur.
