3400 5450
316 305 357 368 72
833 303 901 356 ABS
919 303 1095 358 Attontnta

314 492 406 564 lilius,
435 493 553 556 Atrides
574 493 656 554 Atrei
684 490 777 562 lilius,
807 499 836 554 et
856 491 973 553 Pelides
995 491 1076 553 Pelei
1103 491 1190 556 itlius.
1235 495 1315 556 llaec
1346 501 1377 555 et
1410 490 1454 556 ab
1482 490 1561 550 auis
1589 492 1624 570 et
1654 503 1661 516 ‘

315 594 458 656 matribus
485 613 575 673 saepe
602 594 736 655 ueniunt.
785 593 991 656 Patrouomica
1018 595 1181 657 masculina
1210 605 1282 676 quot
1309 595 1599 660 terminationem·

315 695 405 758 beuti
449 695 535 757 Tres.
579 695 681 768 Quae?
724 695 886 758 lodesio
916 696 1016 757 insin
1039 714 1093 757 on:
1121 697 1242 776 indes,
1271 681 1600 762 uthtridem³htreo

315 807 344 858 et
365 795 481 858 Pelides
503 815 519 857 a
541 795 645 867 Peleo,
675 799 706 859 in
728 797 775 858 ius
798 806 830 858 ιιι
852 795 969 858 Peleius
992 815 1007 858 a
1030 797 1136 868 Peleo,
1164 801 1196 860 in
1218 817 1257 862 on
1281 807 1313 860 ut
1334 800 1448 862 Nerion
1470 817 1485 860 a
1507 797 1599 859 Nereo.

313 898 520 960 Patronomioa
548 905 663 970 autem,
691 906 726 960 ut
753 899 793 959 ait
815 898 994 969 Donatus,
1023 899 1048 960 si
1077 898 1114 960 de
1143 906 1228 978 patre
1256 903 1330 972 sint,
1358 903 1390 962 in
1421 899 1476 961 des
1497 907 1618 970 exeuuta

314 1008 346 1062 ut
372 999 566 1062 Anchisiades
594 1000 692 1061 dictus
720 1006 764 1062 est
793 999 907 1062 Aeneas
933 1000 1013 1063 iilius
1038 1001 1200 1072 Anchisam
1230 1005 1255 1064 si
1283 1011 1379 1066 antem
1411 1002 1450 1064 de
1480 1003 1540 1063 auis
1563 1001 1602 1064 uel

315 1104 410 1164 atauis
433 1102 556 1164 luerunt
576 1103 796 1182 patronomioa,
826 1103 856 1162 in
879 1103 925 1164 ius
947 1102 995 1164 uel
1018 1105 1050 1164 in
1072 1123 1110 1166 on
1134 1105 1341 1167 terminantur.
1385 1103 1541 1166 Feminiua
1560 1119 1601 1180 pa·

313 1205 479 1266 tronomica
511 1210 583 1284 quot
609 1205 835 1266 terminationes
862 1202 990 1266 habenti
1039 1205 1130 1276 Tres,
1165 1205 1244 1268 idest
1270 1208 1296 1267 is
1324 1225 1357 1267 as
1384 1225 1418 1275 et
1454 1207 1486 1266 in
1513 1206 1550 1274 is,
1578 1213 1602 1264 ut

313 1309 425 1377 litteim
455 1308 485 1366 in
514 1324 560 1376 as,
588 1312 621 1367 ut
647 1303 778 1374 Peleias;
807 1307 837 1367 in
861 1324 893 1377 c,
923 1312 955 1368 ut
977 1306 1096 1368 Nerine.
1141 1307 1215 1369 ltem
1245 1309 1343 1370 Atreis
1365 1308 1483 1370 Atreias
1504 1307 1601 1384 Atrine,

313 1408 370 1468 hoc
394 1415 439 1469 est
460 1406 519 1468 lilia
541 1408 631 1469 Atrei.
676 1406 756 1468 Haec
779 1425 795 1468 a
818 1405 986 1469 diriuatiuis
1008 1408 1132 1480 distant,
1156 1409 1234 1487 quod
1257 1409 1416 1472 diriuatiua
1433 1407 1471 1468 ab
1488 1405 1628 1488 appella-a
1660 1439 1661 1520 p

314 1510 382 1571 tiuis
411 1510 564 1580 oriuntur,
595 1509 800 1587 patronomica
829 1517 971 1572 autema
1000 1511 1141 1591 propriis.
1190 1509 1506 1581 stirenhosen,
1538 1508 1603 1570 idest
1660 1529 1661 1592 ι

313 1613 490 1694 possessiua,
507 1630 582 1692 quae
597 1628 612 1671 a
629 1612 819 1691 possessione
834 1610 983 1682 dicuntur,
1000 1620 1034 1674 ut
1048 1612 1259 1675 Euandrius
1275 1615 1378 1674 ensis
1393 1620 1423 1674 ct
1435 1615 1602 1691 Agaman-
1660 1623 1661 1694 j

313 1715 450 1776 noniae
472 1714 652 1793 Mycenae.
695 1711 758 1774 atta
790 1710 920 1792 epitheta
948 1722 1031 1782 sunt,
1063 1714 1142 1780 idest
1168 1714 1315 1778 adiectiua
1342 1714 1391 1777 uel
1417 1715 1601 1793 superposita.

220 1879 222 1882 .
313 1816 411 1888 Quare
439 1815 554 1878 adiecta
583 1813 742 1876 dicuntur?
785 1813 828 1875 lio
851 1814 929 1892 quod
951 1814 987 1875 ad
1010 1813 1192 1894 implendam
1214 1816 1261 1878 sui
1282 1815 1528 1896 significationem
1547 1815 1602 1876 dns
1660 1809 1661 1890 ι

312 1917 483 1982 nominihus
511 1917 695 1987 adiciuntur,
729 1924 762 1977 ut
790 1933 915 1996 magnus
942 1915 1062 1978 doctus:
1091 1917 1200 1979 dicitur
1228 1919 1307 1981 enim
1336 1917 1425 1982 homo
1455 1917 1554 1980 doctas
1578 1929 1628 1978 eta
1660 1895 1661 1986 l

312 2038 438 2099 magnus
459 2017 671 2100 philosophus,
695 2027 725 2080 et
747 2017 853 2098 plenus
875 2025 921 2080 est
934 2017 1118 2080 intellectus·
1149 2018 1233 2082 Scias
1248 2027 1364 2091 autem,
1387 2021 1487 2083 omnia
1501 2019 1601 2081 adiecta
1660 2011 1661 2016 ’

313 2123 433 2185 nomina
462 2128 513 2183 ant
540 2120 708 2182 communia
735 2125 804 2180 sunt
831 2120 921 2180 trium
950 2137 1111 2198 generum,
1141 2129 1175 2183 ut
1196 2121 1244 2184 hic
1267 2122 1393 2184 ethaeo
1415 2123 1601 2199 ethocpru-

313 2222 401 2293 alens,
431 2221 481 2285 hic
503 2223 628 2286 ethaeo
650 2227 680 2283 et
701 2220 758 2282 hoc
780 2214 915 2301 sapiens,
943 2221 993 2282 hio
1016 2221 1143 2286 ethaeo
1165 2230 1195 2284 et
1217 2223 1274 2285 hoc
1300 2223 1387 2293 fella,
1416 2231 1468 2285 aut
1496 2220 1600 2284 mobilia
1660 2249 1661 2290 ι

313 2331 383 2385 sunt
409 2325 489 2386 inter
518 2325 572 2384 tria
604 2340 730 2403 genera,
760 2331 792 2384 ut
820 2339 943 2402 maguus
971 2340 1077 2402 magna
1100 2342 1255 2404 magnum,
1283 2334 1334 2388 ant
1356 2326 1525 2388 communia
1544 2333 1602 2386 suut

313 2426 442 2489 duorum
470 2442 615 2505 generum
645 2434 674 2487 et
702 2431 841 2487 neutrum
868 2426 900 2486 in
923 2443 939 2486 e
960 2425 1088 2498 iaciunt,
1119 2433 1151 2488 ut
1179 2428 1228 2491 hio
1250 2428 1376 2490 ethaeo
1397 2427 1628 2490 tortisethoca
1660 2413 1661 2416 ¹

313 2529 404 2596 lorte;
427 2527 554 2591 dicimus
577 2529 657 2590 enim
675 2528 771 2601 fortis
793 2529 840 2588 uir
862 2534 892 2588 et
913 2527 999 2589 tortis
1022 2527 1130 2590 mulier
1153 2535 1182 2591 et
1203 2530 1281 2593 forte
1303 2527 1475 2598 consiliumt
1498 2528 1600 2594 ethaeo

313 2633 434 2692 nomina
456 2629 577 2694 mobilia
601 2637 811 2710 conparantur,
834 2636 869 2689 nt
889 2630 976 2692 fortis
999 2629 1103 2693 lortior
1125 2630 1314 2701 fortissimus,
1336 2631 1470 2710 prudens
1483 2630 1598 2712 prudeu·
1660 2631 1661 2686 l

313 2733 372 2793 tior
399 2731 664 2810 prudentissimus,
693 2731 813 2809 sapiens
839 2732 1002 2810 sapientior
1029 2731 1279 2812 sapientissimus,
1308 2732 1379 2796 lelix
1407 2733 1522 2798 felicior
1546 2732 1600 2794 leli-
1660 2723 1661 2754 ³

315 2835 466 2905 sissimus,
497 2852 621 2914 magnus
649 2834 744 2898 aanor
766 2833 920 2896 maximus.
967 2834 1043 2896 Sunt
1064 2832 1120 2895 alia
1143 2833 1276 2914 specialis
1298 2834 1462 2912 qualitatis,
1489 2833 1541 2897 suh
1558 2832 1598 2894 illa
1660 2845 1661 2878 l

315 2936 430 2998 scilicet
460 2937 616 3016 qualitate,
650 2954 727 3017 quae
754 2933 934 3014 generaliter
963 2935 1076 2997 nomini
1103 2936 1230 3008 accidit,
1258 2942 1292 2998 ut
1320 2939 1441 3015 sapiens
1469 2937 1627 2998 formosuse

316 3037 416 3125 diues,
444 3057 520 3119 quae
541 3037 609 3100 ideo
632 3037 782 3118 qualitatis
804 3039 925 3100 nomina
947 3037 1103 3108 dicuntur,
1126 3039 1195 3119 quia
1219 3056 1274 3118 per
1295 3057 1328 3100 ea
1350 3035 1361 3120 ΙΙ
1378 3038 1399 3098 i.
1415 3033 1474 3100 84·
1490 3035 1501 3120 ll
1520 3036 1598 3118 qualit
1660 3037 1661 3040 ’

316 3142 355 3202 sit
377 3142 581 3220 uuusquisque
603 3139 777 3202 ostenditur.
837 3139 912 3201 Sunt
934 3138 991 3201 alia
1013 3135 1133 3202 nomina
1155 3141 1341 3220 quantitatis,
1365 3157 1443 3221 quae
1465 3159 1481 3204 a
1503 3140 1599 3218 magni·
1660 3157 1661 3168 ι

315 3240 419 3306 tudine
446 3241 494 3304 uel
517 3263 534 3305 a
556 3243 704 3324 paruitate
730 3241 908 3312 trahuntur,
937 3248 1116 3322 utmagnus
1137 3259 1248 3322 paruus
1270 3238 1377 3321 longus
1399 3241 1512 3305 breuis:
1539 3241 1598 3304 haec
1660 3235 1661 3290 l

316 3351 414 3408 autem
437 3344 551 3408 adiecta
572 3346 693 3410 nomina
717 3341 832 3408 mediae
854 3342 1077 3422 significationis
1100 3343 1252 3414 dicuntum
1282 3362 1388 3410 sensns
1411 3346 1491 3407 enim
1512 3361 1597 3406 eorum
1660 3343 1661 3348 ’

316 3448 432 3510 medias
460 3455 505 3510 eet
532 3449 611 3509 inter
640 3448 763 3536 propria
790 3453 821 3506 et
847 3443 1040 3526 appellatiua;
1069 3445 1178 3508 dicitur
1201 3447 1279 3508 enim
1301 3445 1406 3510 doctus
1427 3445 1558 3527 Virgilius
1575 3451 1623 3503 eto

317 3549 424 3613 doetus
456 3556 558 3630 poeta,
594 3557 623 3611 et
654 3551 733 3612 inter
765 3549 892 3628 primam
925 3548 1104 3626 positionem
1133 3555 1162 3610 et
1189 3547 1408 3612 diriuationam.
1461 3549 1531 3612 Sunt
1553 3545 1597 3607 alia

317 3653 428 3730 gentis,
458 3659 492 3713 ut
514 3631 647 3716 Graecus
668 3651 833 3731 Hispanus,
863 3666 940 3728 quae
962 3668 979 3712 a
1001 3651 1116 3713 Graeco
1138 3657 1168 3713 et
1190 3650 1322 3730 Hispano
1350 3657 1509 3722 uocantur,
1533 3645 1596 3710 unde

317 3753 523 3833 unusquisque
557 3753 594 3816 de
627 3753 749 3818 Graecis
783 3752 915 3814 Graecus
948 3750 1059 3816 dicitur
1094 3758 1123 3812 et
1157 3753 1364 3832 unusquisque
1399 3751 1436 3816 de
1473 3751 1597 3828 uapore

317 3857 464 3937 Hispanus
492 3863 626 3919 uocatur.
670 3854 753 3919 Aliae
780 3866 849 3917 sunt
870 3855 1001 3935 patriae,
1030 3862 1064 3916 ut
1085 3852 1203 3916 ltalicns
1225 3853 1262 3914 ah
1284 3852 1382 3925 ltalia,
1412 3860 1442 3916 et
1464 3852 1595 3919 Atriorum

317 3959 354 4020 ab
377 3959 476 4021 Africa
504 3957 622 4018 dicitur.
667 3955 729 4018 hlia
751 3955 824 4026 loci,
853 3964 886 4047 ut
907 3955 1059 4017 Romanus
1081 3975 1098 4018 a
1120 3955 1214 4019 Roma
1236 3955 1345 4016 dicitur
1368 3963 1398 4017 et
1419 3954 1567 4017 Thebanus
1583 3968 1622 4010 aaa
1660 3987 1661 3990 =

387 4144 565 4195 lethah¹uis
634 4143 784 4212 epatribos
853 4143 950 4209 2sepe
1018 4141 1089 4204 quod
1166 4145 1251 4204 3qne
1301 4143 1327 4191 iu
1347 4156 1376 4192 us
1445 4139 1595 4208 4pieleiusa

319 4213 391 4280 pelea
410 4214 436 4262 in
454 4226 486 4264 ou
504 4213 532 4262 in
550 4213 590 4262 ius
615 4221 642 4262 ut
658 4208 767 4280 pialeius
785 4227 800 4261 a
818 4210 890 4277 peleo
909 4211 936 4261 iu
955 4225 987 4262 on
1057 4224 1072 4259 a
1091 4211 1161 4260 nerio
1247 4211 1263 4260 5
1286 4207 1414 4274 Donatus]
1437 4209 1533 4262 Horum
1550 4204 1597 4256 add

317 4283 409 4348 tepitur
426 4283 498 4347 apud
515 4281 650 4334 Donatum,
719 4279 902 4330 oachtseadea
972 4280 1091 4329 eaeoias
1160 4278 1265 4329 anchise
1333 4278 1366 4328 de
1383 4278 1450 4327 auiis
1470 4277 1510 4328 uel
1524 4273 1595 4326 tholis

319 4351 379 4402 'liu
398 4365 428 4400 us
497 4348 593 4399 lentina
662 4349 765 4412 8qnod
835 4346 908 4398 ides
977 4347 1036 4399 din
1055 4363 1084 4398 as
1103 4346 1184 4414 pelias
1240 4357 1324 4397 aneas
1395 4348 1427 4397 to
1445 4345 1500 4396 lilia
1515 4340 1596 4394 eueni

351 4419 536 4536 ⁸aisspellatiuos,
555 4483 623 4518 corr.
642 4468 694 4519 -nis
764 4468 794 4517 11
814 4466 923 4517 aethios
1003 4468 1034 4516 12
1052 4481 1102 4529 que
1153 4460 1305 4531 euandrlus]
1329 4464 1409 4530 Verp.
1427 4464 1496 4519 Aen.
1512 4464 1535 4514 Χ
1550 4462 1596 4513 tlt.

318 4537 531 4604 agamemnonicae
548 4532 656 4604 mioeua]
680 4536 760 4603 Verp.
780 4536 847 4587 Aen.
864 4534 915 4600 VI,
927 4536 981 4585 838
1055 4536 1087 4586 tt
1106 4534 1199 4601 epiteta
1250 4536 1282 4585 15
1300 4533 1445 4584 adiciuntur
1515 4533 1540 4584 ta
1555 4528 1596 4604 phi·

319 4605 417 4657 losoioe
503 4607 537 4656 19
554 4614 607 4685 taen
692 4607 723 4656 21
743 4603 810 4655 enlm
829 4604 868 4654 uir
936 4601 1081 4654 telettum
1149 4604 1182 4654 16
1201 4617 1263 4665 que,
1280 4602 1339 4665 sere
1355 4616 1458 4666 semper
1524 4595 1597 4650 acardi

534 4688 600 4720 ellim

318 4725 352 4776 29
369 4723 453 4775 medie
521 4738 609 4776 sorum
678 4726 710 4775 31
729 4720 838 4789 pholeta
906 4724 940 4774 33
957 4735 1061 4788 grecum
1079 4721 1172 4772 dicitur
1240 4721 1362 4788 hispanis
1380 4738 1428 4774 orn.
1502 4722 1532 4773 et
1547 4717 1596 4768 teba·
1660 4701 1661 4734 ³

321 4807 368 4842 nus
387 4807 402 4842 a
420 4802 444 4842 te
462 4806 511 4841 nae
1660 4803 1661 4814 ι
