3394 5448
520 354 558 408 nr
576 356 660 411 oon.
679 325 805 409 rernm
824 356 1003 412 neronam

112 550 143 604 et
469 545 677 623 Vastosque
699 545 741 608 ab
764 565 855 627 rupe
879 546 1070 627 Cyclopes.

112 644 269 706 Secundus
291 645 412 708 modus:

239 748 303 808 Vir
324 746 477 808 humilis
500 756 638 809 maesto
660 748 802 810 caelum
825 750 1052 811 conscendit
1073 750 1117 813 ab
1139 749 1256 813 bomo.

111 847 247 910 Tertius:

240 949 363 1027 Regna
386 949 492 1012 beata
515 951 591 1030 poli
613 954 668 1012 sic
691 954 759 1012 iam
782 971 874 1032 quae
897 954 1081 1015 scandere
1103 974 1188 1035 spes
1211 965 1277 1017 est.

111 1050 256 1120 Quartus:

240 1153 353 1214 Cuius
374 1171 474 1214 amor
497 1163 659 1226 mancat,
683 1160 789 1218 cuius
811 1158 848 1218 in
871 1157 985 1218 corde
1008 1177 1074 1238 per
1096 1177 1236 1220 aeuum.

110 1253 166 1316 llic
188 1253 420 1335 reprehenditur
443 1254 621 1328 Donatus,
652 1275 742 1335 quare
766 1276 826 1318 non
849 1257 976 1329 addidit,
1007 1259 1130 1320 breuem
1154 1259 1295 1340 syllabam
1319 1265 1408 1323 etiam

108 1356 139 1414 in
163 1353 298 1416 uocalem
320 1354 473 1425 desinere,
496 1375 563 1418 cnm
585 1357 763 1439 plerumque
785 1362 948 1429 inuenitur,
971 1367 1017 1420 ut:

74 1474 97 1510 ιο
517 1461 622 1521 Arma
646 1462 843 1538 uirumque
866 1479 966 1523 cano.

109 1556 255 1629 Quintus:

263 1660 436 1730 Sanciae,
461 1681 478 1720 o
500 1663 667 1733 iuuenis,
692 1662 764 1723 tibi
786 1665 835 1724 sit
857 1665 1071 1742 sapientiae
1094 1665 1218 1727 ardor.

109 1759 168 1820 Sed
196 1762 252 1822 iste
280 1761 383 1822 modus
410 1763 541 1841 antiquis
570 1762 624 1823 init
653 1765 682 1823 in
713 1783 780 1834 usu,
815 1783 871 1825 nos
899 1783 971 1826 uero
1000 1767 1119 1845 penitus
1142 1765 1179 1828 ab
1202 1787 1237 1828 eo
1259 1785 1406 1830 caremus.

109 1860 169 1920 Sed
193 1863 292 1940 potius
314 1865 345 1923 in
368 1880 425 1924 una
448 1871 534 1942 parte
556 1867 655 1944 posuit
679 1863 874 1944 Virgilius,
899 1875 944 1927 ut:

72 1979 94 2018 15
515 1964 729 2029 Sodibusue
752 1968 957 2047 praeustis.

108 2063 234 2125 Sextus:

262 2165 400 2245 Sophia
423 2175 508 2227 nota
532 2173 616 2228 tuae
639 2171 751 2230 menti
774 2177 809 2230 et
831 2187 932 2230 mens
955 2180 1042 2233 nota
1064 2174 1231 2253 sophiae.

107 2266 272 2344 Septimus:
355 2263 358 2266 ’

261 2368 324 2429 Est
345 2368 457 2430 decus
478 2369 546 2430 boc
569 2371 730 2440 animae,
754 2373 875 2434 uirtus
898 2373 964 2433 boc
987 2383 1021 2434 et
1044 2372 1210 2452 inclytus
1233 2377 1334 2440 ordo.

69 2467 187 2529 sollaec
215 2472 391 2547 pronomina
415 2468 576 2549 aliquando
599 2471 816 2550 producuntur,
841 2475 926 2552 quia,
950 2472 1029 2554 quod
1052 2493 1108 2535 nos
1130 2475 1256 2539 dicimus
1279 2479 1353 2539 ‘bic’
1377 2487 1406 2540 et

105 2570 218 2630 ‘baec’
240 2578 269 2630 et
291 2571 393 2641 ‘boc',
425 2573 514 2650 prisci
536 2581 674 2634 auctores
697 2573 794 2635 ‘hicce
818 2575 926 2636 haecce
949 2574 1055 2636 bocce'
1078 2576 1278 2654 prolerebnnt.
1324 2581 1407 2642 Licet

105 2689 178 2748 ergo
194 2672 254 2730 ‘ce’
277 2669 388 2750 syllaba
411 2671 507 2733 ablata
530 2679 589 2742 est,
613 2675 697 2751 quasi
718 2677 867 2753 positione
889 2685 1027 2737 manente
1042 2677 1078 2736 ad
1095 2676 1277 2740 uoluntatem
1299 2690 1404 2760 poetae

103 2771 283 2853 plerumque
305 2772 521 2854 producuntur.
567 2773 709 2836 Octauus:

261 2873 420 2936 Condite
442 2891 529 2952 gaza
553 2875 645 2955 poli,
670 2895 802 2938 saccos
825 2886 980 2938 uacuate
1003 2897 1184 2956 gazarum.

66 2975 178 3040 esldeo,
198 2973 344 3055 ‘duplex’
369 2973 486 3046 dicitur,
516 2979 671 3056 quoniam,
695 2986 854 3058 antequam
878 2978 982 3040 luisset
1004 2981 1139 3050 iouente,
1169 2999 1223 3060 pro
1253 2983 1315 3062 ipsa
1343 2982 1556 3056 duodenne

103 3078 198 3154 sigma
222 3075 408 3147 scribebant,
432 3086 464 3138 ut
486 3077 704 3150 ‘Ssacbarias'‚
728 3079 806 3160 quod
830 3098 885 3140 nos
907 3078 1033 3141 dicimus
1064 3082 1253 3144 ‘Zacharias’.
1276 3118 1319 3128 -
1340 3085 1404 3147 lloc

102 3178 195 3240 distat
218 3178 294 3238 inter
310 3178 473 3240 ‘desinere'
489 3189 519 3241 et
533 3182 727 3262 ‘suscipere':
752 3177 843 3264 l1203
860 3178 873 3262 Η
898 3180 1061 3243 ‘desinere'
1085 3192 1132 3244 est
1152 3185 1229 3245 intra
1251 3184 1401 3265 syllabam,
1421 3171 1554 3264 ‘iptigw’

13 3323 15 3336 .
102 3287 135 3340 ut
157 3284 219 3349 ast,
244 3281 422 3358 ‘suscipere’
446 3299 518 3341 uero
541 3281 578 3342 ab
601 3281 692 3344 altera
715 3280 841 3363 syllaba,
869 3290 901 3342 ut
923 3301 1005 3344 arma
1027 3302 1106 3362 gaza.
1151 3284 1254 3346 Nonus
1276 3305 1349 3348 uero
1372 3290 1402 3349 in

102 3379 284 3458 quibusdam
307 3381 440 3442 Donati
462 3381 614 3444 codicibus
635 3385 796 3453 inuenitur,
819 3385 850 3443 in
872 3382 938 3444 aliis
960 3391 1144 3446 autemnon.
1181 3386 1264 3447 Vnde
1279 3393 1403 3466 putatur

63 3502 88 3544 ro
104 3498 165 3542 non
190 3479 229 3541 ab
252 3499 288 3541 eo
310 3481 406 3543 editus
428 3482 529 3544 luisse.
573 3484 695 3545 Constat
717 3493 815 3547 autern
832 3492 1022 3564 etquattuor
1044 3487 1317 3565 praepositionibus
1339 3489 1401 3550 ‘ad’

100 3592 131 3643 et
147 3581 226 3652 ‘ob',
242 3582 297 3642 ‘in’
316 3590 345 3643 et
359 3581 451 3654 ‘sub',
468 3600 542 3660 quae
560 3586 643 3647 uarie
657 3593 810 3665 ponuntur
825 3587 855 3646 io
872 3595 977 3650 metro.
1008 3586 1080 3648 Cum
1105 3589 1182 3648 enirn
1200 3588 1402 3666 monosyllaba

99 3684 235 3745 dictione
264 3691 409 3765 perpetuo
437 3695 508 3746 sunt
533 3685 655 3756 breues,
686 3695 718 3748 ut
740 3693 785 3746 est
807 3685 884 3746 ‘adit
907 3685 996 3762 obit’,
1020 3705 1087 3748 cum
1110 3687 1260 3767 trisyllaba
1283 3708 1402 3771 semper

99 3785 320 3864 producuntur,
344 3792 377 3846 ut
399 3785 539 3854 ‘adicio’,
573 3805 640 3848 cum
670 3786 809 3866 disyllaba
837 3805 910 3847 uero
938 3788 1143 3849 indifferenter
1170 3797 1253 3860 sunt,
1289 3790 1403 3852 scilicet

99 3886 210 3966 longae
234 3885 282 3947 uel
305 3885 428 3956 breues,
459 3887 495 3948 de
518 3906 576 3966 qna
598 3889 812 3967 compositione
835 3889 989 3967 perlinitur
1011 3891 1118 3951 modus
1140 3893 1212 3960 iste,
1242 3898 1275 3951 ut
1297 3888 1425 3953 ‘adicit'

63 3987 220 4048 soobicit'.
265 3987 390 4064 Longa
413 3985 557 4066 syllaba
585 3988 655 4050 duo
682 3996 867 4070 tempora,
891 3991 911 4048 i·
934 3992 1043 4070 spatia:
1066 3989 1190 4063 babet,
1213 3993 1233 4050 i·
1256 3993 1555 4072 possidet.p.sco,1r.15

100 4088 240 4150 Breuis
267 4106 391 4158 unum,
420 4089 499 4149 iuxta
522 4091 677 4151 metricam
700 4092 845 4151 rationem
869 4097 1003 4170 tempora
1026 4091 1142 4161 delinit,
1172 4092 1295 4154 breuem
1319 4095 1400 4156 nide-
1502 4103 1504 4108 '

99 4189 171 4250 licet
194 4187 337 4268 syllabam
361 4208 419 4251 non
442 4190 584 4271 amplius,
613 4209 702 4271 quem
724 4209 830 4267 unum,
861 4202 890 4252 et
912 4193 1045 4271 longam,
1076 4210 1164 4270 quam
1192 4195 1250 4256 duo
1279 4194 1399 4265 babere,

99 4311 138 4352 ne
167 4299 294 4372 propter
322 4291 429 4353 multas
455 4294 616 4354 uarietates
650 4293 772 4354 metrica
801 4311 850 4354 ars
878 4293 1121 4355 confunderetur.
1172 4293 1243 4357 Nam
1272 4297 1298 4358 si
1325 4299 1400 4358 ratio

171 4565 186 4612 1
207 4558 360 4626 uentosque]
384 4561 463 4628 Verp.
482 4563 548 4614 Aen.
567 4562 619 4614 Ill
637 4566 688 4614 647
755 4565 771 4615 3
790 4561 849 4629 Vir]
868 4565 915 4614 Vir
933 4564 1037 4616 humilia
1056 4576 1155 4616 moesto
1174 4567 1286 4618 deiectus
1305 4567 1399 4618 lumine

100 4641 196 4680 terram
214 4629 291 4680 Beda
308 4645 335 4694 p.
354 4631 425 4680 2553
442 4631 475 4680 P.
544 4632 668 4696 bregina
737 4647 769 4681 ue
839 4635 871 4694 10
888 4630 970 4698 erma]
994 4633 1072 4698 Verp.
1093 4635 1158 4684 Aen.
1177 4635 1228 4686 11
1290 4637 1321 4685 12
1339 4635 1395 4684 stae
1460 4671 1463 4678 .

101 4701 132 4748 14
151 4695 290 4762 Virgilius}
307 4699 375 4748 Aeo.
392 4697 521 4764 Vlietl
574 4647 734 4765 tasnptna‘i
757 4699 1050 4765 Ofiruprap.174,1
1120 4705 1152 4751 21
1172 4703 1234 4752 baec
1252 4703 1300 4754 hoc
1366 4703 1399 4752 26
1491 4727 1494 4732 -

98 4817 151 4868 auo
170 4779 265 4867 sinino
332 4817 365 4866 sc
383 4816 529 4882 irruptum
596 4819 629 4869 se
647 4815 787 4881 arsspum

1143 4903 1192 4954 lo*
