3372 5446
277 243 335 308 108
793 242 859 294 tos
878 243 1054 294 aooortm

272 453 359 496 casus
381 433 531 514 reperitur
553 430 673 511 duplex,
696 429 777 494 ‘conr
799 449 854 510 per
877 448 980 492 omues
1003 449 1090 493 casos
1113 449 1169 492 una
1196 430 1359 510 eademque
1381 430 1421 490 sit
1440 427 1571 489 declina-

273 538 328 605 tio,
342 529 385 598 ¹ut
406 536 534 597 dicimus
555 550 644 613 sepes
665 534 744 613 sepis
765 540 795 594 et
814 550 884 610 seps
903 534 982 609 sepis
997 529 1009 614 ΙΙ
1026 533 1045 592 l.
1069 529 1149 594 101⁵
1164 529 1176 615 ΙΙ
1192 531 1285 594 hebes
1307 531 1424 593 hebetis
1446 539 1475 593 ct
1496 528 1571 591 behs

273 637 404 706 bebetis,
433 653 539 716 preces
560 636 659 715 precis
681 641 711 696 et
733 652 807 714 prex
829 635 943 714 precis,
972 633 1059 696 sedes
1081 634 1160 696 sedis
1182 641 1212 696 et
1234 653 1284 696 ses
1306 633 1387 696 sedis
1411 640 1441 695 et
1462 640 1570 694 cetera.

273 740 336 801 lloc
363 740 490 800 maxime
517 744 640 817 propter
668 741 830 798 metrorum
859 738 1066 798 necessitatem
1099 736 1268 817 pedumque
1301 733 1570 798 mensurandorom

272 861 307 904 ac
322 849 488 921 temporum
505 839 683 919 positionem
707 838 873 919 accipitur'.
908 837 1026 900 'lectiae
1050 836 1256 900 declinationis
1279 857 1355 920 quae
1377 846 1424 898 est
1444 836 1599 915 agnitiots

272 945 352 1006 llaec
380 949 439 1004 est:
475 943 562 1003 ouius
593 943 750 1020 genetious
777 939 935 1018 singularis
963 941 994 1002 in
1022 941 1048 1002 is
1069 948 1237 1020 correptam
1262 941 1445 1008 terminator.
1469 944 1502 999 ot
1521 937 1572 998 hic

272 1054 357 1126 pater
378 1044 467 1106 huius
488 1044 596 1124 patris:
619 1042 737 1112 datiuue
760 1042 789 1104 in
811 1043 821 1102 i
845 1041 1035 1123 productam,
1060 1051 1093 1104 ot
1115 1041 1185 1104 huic
1207 1043 1298 1122 patri:
1327 1043 1512 1103 accusatione
1539 1044 1572 1101 in

271 1165 316 1210 em
339 1155 523 1226 correptam,
547 1151 579 1206 ut
600 1143 679 1206 hunc
701 1152 815 1224 patrem
838 1143 887 1205 uel
909 1145 939 1206 iu
962 1147 1012 1214 im,
1030 1153 1063 1207 ut
1084 1143 1292 1214 habenarum:
1316 1144 1472 1204 uocatioos
1490 1142 1573 1203 simi·

271 1249 308 1312 lis
330 1256 376 1310 est
397 1249 597 1316 nominatim:
626 1245 717 1308 hahet
739 1247 817 1308 enim
840 1252 884 1307 tot
906 1241 1145 1316 terminationes,
1176 1255 1249 1324 quot
1276 1245 1493 1314 nominalium:
1521 1242 1574 1304 ab·

272 1353 381 1414 latinos
409 1349 566 1430 aliquando
588 1347 620 1410 in
648 1368 665 1410 e
687 1355 868 1428 correptam,
898 1355 930 1409 ut
958 1347 1081 1410 abhoc
1108 1356 1208 1427 patre,
1236 1347 1394 1427 aliquando
1417 1349 1449 1407 in
1470 1349 1480 1406 i
1502 1364 1573 1426 pro·
1588 1363 1612 1401 to

273 1455 401 1523 doctam,
425 1458 459 1512 ut
480 1450 518 1511 ab
540 1449 596 1514 hac
620 1451 703 1520 naoi;
728 1451 880 1511 inuenitur
903 1459 1003 1512 autern
1026 1469 1117 1512 onom
1141 1468 1260 1519 nomen.
1283 1449 1361 1530 quod
1386 1469 1403 1512 e
1426 1448 1574 1530 producta
1642 1491 1656 1526 ,

164 1559 169 1568 “
273 1557 456 1623 terminator.
480 1551 565 1616 otalt
582 1552 637 1613 hac
657 1551 746 1614 lame.
783 1551 855 1613 ltem
879 1554 1080 1616 nominatione
1103 1558 1133 1614 et
1154 1554 1344 1614 accusatione
1367 1558 1397 1612 et
1419 1551 1575 1612 uocatiuus

232 1719 236 1722 .
272 1655 396 1738 pluralis
426 1657 457 1717 in
486 1653 649 1718 masculino
677 1662 707 1716 et
734 1655 877 1716 leminioo
906 1671 1017 1733 genere
1040 1657 1069 1716 in
1094 1673 1127 1716 es
1154 1651 1330 1734 productam
1359 1654 1573 1729 terminantur,

273 1767 305 1821 ot
326 1757 357 1819 hi
379 1768 479 1839 patres
501 1765 532 1819 et
553 1758 607 1818 hoe
629 1763 729 1838 patres
751 1764 821 1818 eto
849 1765 965 1837 patres,
995 1758 1026 1817 in
1054 1763 1163 1818 neutro
1190 1764 1289 1816 autem
1317 1755 1522 1816 nominatione
1544 1762 1576 1815 et

271 1862 457 1924 accusatione
480 1865 509 1922 et
531 1861 685 1922 uocatious
707 1857 831 1938 pluralis
852 1860 882 1919 in
904 1878 921 1920 a
943 1866 1113 1938 correptam
1139 1858 1351 1926 terminantur,
1380 1857 1450 1917 item
1480 1873 1573 1934 gene·
1589 1875 1614 1914 ts

272 1965 350 2024 tious
378 1959 502 2043 pluralis
529 1964 560 2022 in
588 1978 639 2021 om
661 1967 829 2040 correptam
860 1960 982 2030 desinit,
1012 1968 1044 2021 ot
1066 1961 1173 2022 horum
1196 1967 1329 2039 patrum:
1359 1956 1520 2035 aliquando
1543 1959 1575 2017 iu

271 2066 346 2134 ium,
369 2071 402 2126 ot
424 2062 528 2126 irarum
558 2063 693 2133 nauium:
723 2061 840 2124 datiuoe
863 2071 893 2124 et
914 2062 1058 2125 ablatione
1081 2063 1112 2123 in
1138 2061 1192 2122 hos
1214 2067 1392 2140 correptam,
1417 2059 1522 2120 uthis
1545 2066 1577 2121 et

271 2166 309 2228 ab
332 2166 378 2227 his
400 2165 546 2245 patribus.

356 2268 389 2330 ln
418 2287 434 2329 a
462 2269 553 2346 igitur
581 2267 746 2329 desinentia
775 2267 953 2328 nominoio
980 2266 1066 2327 tertia
1094 2263 1293 2326 declinatione
1316 2264 1429 2325 Graeca
1451 2269 1522 2326 sunt
1546 2272 1580 2326 ct

272 2377 392 2440 neutra.
417 2375 449 2430 ot
471 2368 528 2430 hoc
549 2367 669 2430 schema
692 2368 798 2447 dogma
820 2386 925 2449 poema
948 2367 1094 2430 emblema
1108 2365 1270 2449 †creoima
1293 2372 1428 2428 toreuma
1444 2364 1576 2441 †terio·
1590 2389 1617 2428 at

271 2491 319 2534 ma
342 2469 475 2534 celeuma
498 2470 643 2551 baptisma
668 2470 812 2533 charisma
836 2471 971 2549 aenigma
987 2473 1010 2544 †
1025 2477 1158 2532 torecma
1180 2487 1287 2530 onoma
1310 2467 1414 2530 rhema
1436 2485 1577 2545 gramma

271 2584 303 2636 et
324 2581 431 2636 cetera.
469 2573 551 2635 llaec
572 2582 671 2635 autem
695 2573 812 2634 nomina
831 2571 943 2634 Graeca
966 2573 1010 2633 sic
1032 2571 1234 2634 declinantur:
1258 2570 1316 2632 hoc
1338 2570 1457 2634 schema
1481 2569 1579 2632 boios

270 2676 429 2740 schematis
450 2675 520 2738 hoie
542 2674 685 2737 schemati
708 2673 764 2736 boc
786 2672 906 2736 schema
929 2694 946 2735 o
968 2673 1089 2736 schema
1111 2673 1148 2736 ah
1171 2673 1228 2734 hoc
1251 2671 1402 2735 schcmate
1418 2680 1448 2734 et
1462 2671 1578 2752 plurali

271 2779 345 2840 hacc
371 2777 523 2841 schemata
551 2777 660 2838 borum
681 2775 866 2838 schematum
889 2776 936 2839 his
958 2776 1156 2840 schematibus
1179 2776 1252 2837 haec
1274 2775 1423 2837 schemata
1445 2793 1462 2835 o
1484 2772 1578 2836 sche-

271 2888 349 2942 mata
371 2879 409 2942 ab
430 2880 477 2942 his
499 2878 712 2942 schematibus.
749 2879 799 2941 Sic
821 2877 1009 2940 declinantur
1031 2887 1129 2942 cetera
1153 2879 1271 2939 nomina
1288 2877 1402 2939 Graeca
1424 2878 1455 2938 in
1478 2894 1494 2936 a
1515 2875 1577 2938 de·
1591 2899 1618 2940 as

270 2983 397 3046 sidentia
424 2983 455 3043 in
485 2983 571 3043 tertia
600 2979 808 3042 declinatione.
854 2981 1014 3044 Sciendum
1036 2989 1082 3044 est
1103 2988 1217 3051 autem,
1249 2979 1327 3060 qood
1351 2979 1425 3041 haec
1448 2979 1577 3041 uomina

271 3085 406 3146 diuersas
428 3081 640 3145 declinationes
663 3083 740 3162 apud
762 3089 881 3144 ueteres
903 3082 1087 3152 babuerunt;
1111 3081 1162 3144 alii
1184 3084 1263 3143 euim
1285 3083 1342 3144 alia
1364 3079 1575 3143 declinabant:

272 3185 346 3247 haec
371 3184 492 3248 schema
519 3185 607 3247 buius
632 3184 787 3254 schemae:
816 3182 866 3246 alii
895 3203 968 3247 uero
990 3187 1032 3247 sic
1060 3183 1261 3247 declinabant:
1294 3183 1352 3245 hoo
1384 3183 1576 3244 schematum

271 3288 360 3350 holos
381 3287 525 3349 schemati
548 3285 619 3348 huic
639 3287 790 3350 schemato
812 3286 870 3349 hoo
892 3287 1075 3348 schematum
1098 3304 1115 3347 o
1137 3285 1321 3348 schematum
1344 3284 1382 3348 ah
1403 3284 1461 3347 lroc
1482 3285 1577 3347 sche-

271 3397 351 3452 mato
380 3397 410 3452 et
437 3388 544 3469 plurali
573 3387 647 3452 haec
674 3388 824 3452 schemata
851 3389 958 3450 horum
987 3387 1206 3450 schematorum
1234 3388 1280 3450 his
1307 3387 1468 3450 schematis
1496 3384 1577 3449 baec
1592 3410 1618 3450 ao

271 3491 422 3554 schemata
445 3511 464 3553 o
486 3491 635 3554 schemata
658 3491 696 3553 ab
718 3491 765 3552 his
788 3490 958 3562 schematis,
987 3493 1065 3553 sicto
1091 3483 1151 3552 illa’
1165 3491 1283 3554 nomina
1306 3489 1456 3551 secundae
1479 3488 1577 3550 decli·

271 3596 401 3656 nationis
423 3595 453 3656 io
477 3612 526 3655 om
550 3593 722 3655 desinentia.
767 3593 839 3654 lude
861 3593 1078 3656 Priscianus
1102 3593 1187 3656 dicit:
1217 3591 1364 3670 quidam
1387 3602 1508 3653 autem
1531 3594 1576 3654 in

271 3713 327 3759 um
350 3693 617 3758 huiuscemodi
645 3696 830 3757 nominum
858 3694 1102 3776 protulerunt
1131 3695 1383 3756 nominatioos
1405 3693 1473 3755 hoc
1496 3712 1571 3754 em-

272 3797 473 3859 blematum
496 3796 604 3858 boios
627 3796 840 3858 emblemati
861 3796 929 3859 hoc
953 3804 1202 3858 toreumatum
1224 3795 1336 3858 holos
1364 3799 1574 3858 toreumati

271 3901 341 3964 boc
369 3898 595 3962 schematum
623 3899 734 3962 huius
761 3898 952 3962 schemati.
996 3899 1095 3960 Vnde
1123 3900 1305 3976 frequens
1334 3915 1421 3960 usos
1443 3915 1618 3959 eorumss

272 4001 420 4064 datloos
443 4009 477 4062 et
506 3998 698 4063 ablatioos
725 4002 892 4082 plurales
913 4002 949 4062 in
972 4003 1004 4062 is
1026 4000 1219 4090 terminat,
1248 4000 1364 4062 uthis
1387 3999 1487 4060 etah
1509 3997 1574 4061 his

340 4190 354 4238 1
373 4188 517 4253 repperitur
567 4203 625 4238 com
635 4203 681 4254 per
689 4188 748 4239 -b
760 4187 885 4253 accipitur
895 4195 955 4239 rant
964 4187 1045 4239 uerbo
1058 4187 1167 4253 Verpt'ia'i
1176 4157 1269 4238 deinoi
1278 4203 1305 4252 p.
1315 4190 1333 4239 8
1344 4187 1413 4246 Mai,
1432 4188 1476 4252 qai
1486 4193 1574 4236 tenera

271 4271 321 4319 pro
333 4255 431 4307 ‘dedeo’
442 4263 491 4310 etc.
508 4259 574 4308 mole
590 4255 708 4307 exhibet:
727 4254 806 4306 (lebes
824 4254 923 4307 Cebetis
941 4265 967 4306 et
984 4255 1048 4307 Oebe
1061 4255 1169 4308 (lebetis.
1220 4257 1274 4305 2et
1285 4271 1346 4321 seps
1359 4255 1432 4320 sepis
1445 4255 1537 4306 addidi

271 4323 350 4374 hahes
369 4323 423 4374 ebis
442 4333 467 4374 et
479 4321 536 4374 ''ebs
549 4325 623 4374 ebitis
676 4325 824 4389 iproducta
859 4325 1007 4374 acusatinus
1020 4335 1162 4442 correptam
1214 4322 1303 4375 8hiuc
1353 4320 1572 4388 ltnominatioos]

270 4391 449 4442 terminatione
518 4394 550 4444 10
568 4392 738 4456 aliquandoc
790 4393 822 4443 13
834 4394 995 4442 termioa'tur
1048 4394 1080 4444 14
1115 4395 1132 4441 ii
1184 4394 1217 4443 lb
1234 4393 1396 4441 nemineum
1447 4391 1479 4440 li
1496 4405 1572 4440 arrtm

270 4463 304 4514 20
315 4475 401 4512 scema
435 4460 530 4526 dogma
538 4461 633 4526 dogma
643 4459 755 4527 phoema
767 4459 886 4510 emhlima
896 4462 1008 4510 creoima
1019 4461 1128 4510 torioma
1139 4460 1246 4510 teriuma
1258 4460 1364 4510 celiuma
1415 4460 1447 4508 21
1461 4459 1573 4508 carismo

271 4530 495 4596 inecmatorecma
546 4545 616 4612 rerpa
667 4530 699 4579 Ὦ
712 4542 810 4589 scema,
827 4543 930 4594 semper
980 4530 1013 4578 23
1025 4527 1084 4577 hoie
1095 4537 1219 4609 scemate,
1238 4543 1308 4608 corr.
1318 4529 1372 4608 †ll
1389 4525 1465 4576 huios
1484 4541 1573 4576 scema

271 4597 477 4718 villalta
493 4597 1140 4738 litteriolo..tottionem²¹
1166 4593 1574 4715 ..tittttottttttt

305 4733 435 4784 toriomati
502 4735 536 4787 36
552 4732 655 4798 ireques
723 4736 757 4786 tib
774 4733 877 4784 datiuus
895 4742 920 4784 et
935 4733 1062 4784 ablatione
1114 4733 1250 4783 terminant
