3394 5448
316 314 379 378 298
677 317 969 369 Ottrttottttapffla
988 319 1246 372 emetutuusts.
1665 389 1666 396 ἵ

1665 413 1666 482 l

318 505 475 564 ‘canities’
500 503 623 564 ‘lacios'
655 503 728 564 haec
755 505 852 566 omuia
880 525 934 586 per
956 523 973 566 c
996 514 1025 568 ot
1046 525 1060 567 s
1082 506 1118 568 ad
1146 508 1339 568 nouissimam
1366 506 1500 587 syllabam
1525 513 1583 572 scri·
1665 493 1666 578 l

318 603 458 666 bendum.
1665 611 1666 642 l

404 706 523 767 ‘ilatio’
548 705 711 768 ‘conditio'
736 710 906 769 ‘tractatio'
932 711 1058 770 ‘otium'
1083 710 1232 770 ‘initium’
1257 711 1384 770 ‘oratio’
1409 709 1584 773 ‘benedictio’
1665 719 1666 722 ’

317 809 569 869 ‘communicatio'
595 807 762 870 ‘reuelatio'
787 811 955 871 ‘redemtio’
980 809 1140 873 ‘liberatio’
1164 813 1370 873 ‘consortium'
1395 814 1585 874 ‘commutatio’

317 909 502 987 ‘stipulatio'
526 899 764 989 ‘congregatio',
788 910 862 972 haec
891 920 921 972 et
948 911 992 974 bis
1021 912 1127 974 similia
1157 931 1210 992 per
1233 922 1245 973 t
1267 911 1409 984 litteram,
1438 931 1493 974 oon
1513 933 1557 993 per
1575 937 1605 980 cc

318 1008 408 1070 scribi
432 1009 529 1071 tlebet

401 1112 510 1172 ‘betas'
537 1116 727 1176 ‘aeternum’
753 1118 902 1177 ‘aestuat'
927 1118 1082 1178 ‘aestimat'
1107 1119 1180 1178 ‘aes’
1205 1119 1349 1179 ‘aereum'
1373 1116 1411 1177 ilc
1433 1127 1587 1188 aeramento,

317 1215 482 1274 ‘aerumna’
507 1214 663 1276 ‘aedificat'
688 1215 878 1278 ‘aedilicium'
901 1218 1012 1280 ‘aedos’
1030 1221 1187 1298 ‘aequitas’
1205 1218 1401 1296 ‘aequalitas’‚
1425 1218 1588 1280 haecomnia

318 1333 372 1392 ρττ
394 1331 409 1374 a
434 1320 463 1374 et
484 1333 501 1373 c
523 1315 613 1378 scribi
636 1317 734 1379 (lebet.

401 1416 522 1478 ‘Poena'
547 1421 687 1480 ‘moenia’
712 1422 833 1499 ‘coepit'
859 1423 1020 1500 ‘coeptum'
1044 1421 1213 1500 ‘proelium’
1237 1420 1421 1482 ‘oboediens’
1439 1420 1615 1482 ‘obooliono

321 1517 370 1577 tie'
395 1517 523 1578 ‘foedus'
548 1519 741 1582 ‘foederatos'
766 1520 929 1601 etreliqua
953 1540 1007 1601 pet·
1030 1522 1234 1601 diphthongon
1259 1522 1408 1585 scribitur.

401 1617 547 1681 ‘Gamma'
572 1621 713 1682 ‘flamma’
739 1641 792 1702 per
814 1622 887 1684 duas
910 1641 949 1683 m.

400 1719 526 1781 ‘Patres'
551 1722 682 1784 ‘iratres'
706 1726 869 1803 ‘parentes'
894 1727 1041 1803 ‘nepotes'
1066 1727 1222 1787 ‘seniores’
1240 1727 1416 1786 ‘senatores'
1434 1726 1587 1786 ‘adiutores’

315 1821 529 1882 ‘auxiliatores'
554 1824 707 1886 ‘uiatores’
732 1817 958 1903 ‘nauigatorbs'
983 1826 1133 1888 ‘lectores’
1159 1828 1340 1887 ‘messores'
1365 1829 1516 1887 ‘aratores’
1537 1829 1587 1886 ‘im
1666 1837 1667 1866 ³

316 1927 486 2002 peratores’
511 1926 742 1988 ‘conductores'
767 1926 988 1988 ‘simulatores'
1014 1947 1066 2008 per
1090 1947 1106 1988 e
1129 1937 1158 1988 ot
1180 1946 1203 1999 s,
1228 1930 1296 2004 quia
1319 1926 1444 2006 pluralis
1466 1946 1614 1990 numeroso
1666 2013 1667 2016 Ἴ

316 2033 374 2094 est,
399 2042 466 2086 nam
489 2045 543 2105 per
564 2028 574 2086 i
596 2025 763 2105 singularis.
1666 2019 1667 2026 ἵ

400 2125 576 2205 ‘Magistros’
601 2128 744 2208 ‘angelos'
769 2130 965 2210 ‘discipulos’
990 2129 1174 2209 ‘apostolos’
1199 2131 1329 2192 ‘caelos'
1354 2130 1451 2192 ‘tilios'
1474 2129 1586 2192 ‘liberos’

315 2229 442 2288 ‘seruos'
467 2227 591 2290 ‘oculos’
616 2228 760 2310 ‘capillos'
786 2230 915 2309 ‘digitos'
940 2230 1055 2292 ‘libros'
1080 2233 1258 2312 ‘episcopos’
1283 2232 1505 2312 presbyteros,
1526 2233 1588 2292 side

314 2327 421 2408 plurali
443 2347 569 2391 nuntero
592 2331 697 2400 luerit,
726 2351 781 2412 per
804 2331 1052 2402 ascribendum,
1082 2335 1106 2395 si
1129 2351 1200 2395 uero
1230 2333 1385 2412 singulari,
1415 2352 1467 2413 per
1489 2351 1506 2392 u
1526 2331 1589 2392 litte-

315 2448 379 2490 ram
402 2430 602 2494 scribendum.
701 2437 704 2443 '
1597 2457 1615 2493 a

398 2531 523 2596 ‘llonos’
549 2536 575 2596 si
599 2533 635 2596 do
659 2535 787 2605 honore,
811 2555 864 2616 per
887 2536 921 2605 b;
945 2539 1056 2597 ‘onus’
1080 2537 1104 2598 si
1127 2535 1164 2597 de
1186 2555 1293 2608 onere,
1316 2537 1381 2596 sine
1404 2537 1438 2605 b;
1461 2539 1588 2596 ‘onustus'

314 2635 484 2695 ‘onerosus’
508 2635 645 2698 similiter
666 2639 731 2699 sine
754 2637 783 2698 h.

399 2737 540 2815 ‘Aequus'
565 2740 720 2817 ‘aequitas'
744 2739 927 2818 ‘aequalitas'
951 2742 1056 2816 ‘aeqtm
1080 2741 1170 2817 pars',
1200 2737 1284 2799 side
1307 2738 1482 2816 aequalitate
1508 2739 1589 2807 luerit,

315 2854 368 2915 per
390 2856 422 2905 a;
446 2841 561 2918 ‘equus'
586 2841 611 2900 si
635 2839 671 2900 olo
694 2839 871 2902 animalibus
893 2841 996 2910 luerit,
1020 2843 1085 2901 siue
1109 2859 1135 2901 a.

398 2938 604 3002 ‘Verbotonus’
630 2941 818 3003 ‘nullatenus’
843 2945 1013 3021 ‘quatenus’
1038 2941 1247 3021 ‘aliquatenus'
1272 2944 1439 3021 ‘protomus’
1458 2943 1617 3002 ‘eatenus'a

317 3057 370 3119 per
393 3061 424 3109 e,
448 3061 507 3102 nou
529 3061 583 3122 per
606 3045 615 3102 i
638 3042 839 3108 scribendum.

399 3141 516 3221 ‘Negat’
541 3145 565 3204 si
588 3143 624 3205 de
647 3145 797 3222 negando,
821 3163 875 3224 per
897 3161 931 3225 g;
954 3143 1038 3206 side
1061 3143 1241 3214 occidendo,
1266 3161 1319 3224 por
1341 3163 1367 3204 c.
1667 3223 1668 3246 ρ

399 3243 512 3305 ‘liora'
536 3244 651 3307 dierum
674 3265 729 3326 per
752 3247 785 3317 b,
810 3249 895 3307 ‘ora’
922 3247 1166 3308 uestimentorum
1191 3246 1238 3308 uel
1262 3249 1345 3307 ‘ora'
1376 3247 1523 3308 hominum
1550 3243 1588 3305 uel
1667 3285 1668 3300 t

315 3342 476 3406 bestiarum
499 3349 565 3407 sinc
589 3345 616 3413 Ιι,

399 3446 590 3508 ‘Praemium’
615 3451 840 3529 ‘pracceptum’
865 3452 1078 3528 ‘praepositio’
1103 3453 1187 3531 ‘prae
1210 3449 1358 3511 ommibus'
1382 3453 1464 3529 ‘prae
1485 3450 1618 3508 timore’o

315 3549 399 3627 ‘prae
421 3539 533 3609 amore'
558 3553 641 3630 ‘prae
656 3552 771 3611 amicis’
796 3553 826 3611 in
850 3553 943 3628 prima
966 3551 1077 3631 syllaba
1100 3571 1155 3631 per
1177 3551 1382 3630 diphthongon
1406 3550 1588 3612 scribendum.

399 3649 549 3712 ‘Procum’
574 3650 677 3730 ‘plebi’
702 3655 822 3731 ‘precis’
847 3655 911 3714 sino
934 3671 950 3714 a
972 3654 1072 3714 littera
1094 3652 1293 3715 scribendum.

399 3750 501 3811 ‘Abiit’
524 3750 727 3813 ‘abundantia'
752 3757 848 3815 ‘auus’
874 3757 1002 3817 ‘atauus'
1027 3757 1132 3816 ‘aiunt’
1157 3755 1221 3815 sine
1244 3757 1262 3815 h
1285 3753 1383 3816 littera
1406 3751 1589 3814 scribendum.

382 3985 549 4050 ipsillobum
618 3989 734 4040 blittero
804 3991 1035 4057 llpordptgou
1105 3993 1137 4042 15
1156 4003 1332 4042 numerosest
1404 3993 1434 4042 18
1452 3990 1590 4056 presbiteros

314 4053 335 4102 si
354 4053 380 4102 di
450 4057 481 4104 ‘21
502 4055 583 4106 houm
652 4060 682 4108 31
702 4060 727 4108 in
748 4061 855 4124 primam
875 4059 1007 4125 psillabam
1077 4063 1229 4110 statanor

314 4237 541 4280 sttttttuttntttutt.

382 4309 413 4360 13
431 4310 466 4372 cf.
487 4310 605 4377 Orthopr,
628 4314 704 4365 Vrec.
721 4329 748 4376 p.
768 4314 830 4362 418:
862 4311 955 4362 Omnes
979 4313 1033 4363 dios
1058 4329 1146 4363 omues
1171 4314 1302 4374 homiues,
1330 4313 1392 4362 haec
1417 4313 1500 4362 omitia
1517 4327 1556 4377 per
1571 4327 1590 4366 e.

313 4377 373 4438 quin
393 4377 496 4428 uomina
513 4389 582 4439 suut,
601 4380 704 4429 dixistis
723 4380 817 4429 lecistis
836 4381 961 4431 iussistis:
980 4381 1042 4432 hooc
1060 4383 1147 4432 omnio
1165 4397 1209 4447 por
1227 4383 1244 4443 i,
1263 4382 1323 4443 qrrio
1343 4379 1419 4430 uerba
1438 4391 1502 4432 scrut.
1566 4379 1590 4426 ll

314 4443 432 4508 Orthopr.
457 4445 535 4500 Vseo.
552 4463 578 4511 p.
598 4451 661 4498 418:
689 4447 785 4498 Seruoe
803 4463 883 4512 equom
902 4449 924 4498 si
942 4449 974 4498 ‹le
993 4449 1108 4514 plrrrihus
1131 4488 1138 4499 .
1165 4487 1172 4502 .
1199 4485 1206 4499 .
1233 4484 1240 4497 .
1330 4451 1361 4498 tt
1386 4447 1503 4513 Orthopr.
1524 4447 1589 4496 Vser.

309 4529 338 4577 p.
358 4515 421 4563 418:
441 4513 529 4564 Hortus
548 4516 571 4563 ai
589 4515 621 4564 do
638 4515 745 4574 honore,
763 4531 810 4580 per
827 4517 855 4574 h;
876 4531 941 4566 ontis
960 4518 982 4566 si
1001 4517 1033 4566 cle
1052 4533 1137 4576 onere,
1156 4518 1211 4566 sine
1229 4516 1254 4569 h.
1336 4519 1368 4568 23
1388 4515 1505 4579 Ortbopr.
1526 4515 1591 4564 Vter.

310 4597 337 4644 p.
357 4582 419 4631 418:
440 4581 544 4643 Aequus
563 4583 586 4632 si
604 4583 794 4646 democritum,
813 4599 858 4649 per
875 4601 903 4644 u;
923 4600 1003 4646 equus
1022 4587 1044 4634 si
1062 4587 1095 4636 de
1113 4585 1232 4648 animali,
1256 4585 1311 4634 sine
1323 4599 1344 4632 n
1363 4585 1488 4634 scribitur.
1564 4581 1591 4629 at

314 4646 433 4713 Ortbopr.
457 4649 534 4700 Vter.
550 4667 578 4716 p.
597 4654 660 4700 417:
689 4651 815 4701 Hactenus
833 4667 879 4717 per
897 4669 919 4714 e,
937 4653 997 4714 quia
1016 4663 1040 4703 et
1057 4655 1125 4719 probe
1142 4663 1216 4702 tenus
1234 4652 1335 4703 dieitur.
1439 4655 1471 4704 ³0
1488 4651 1590 4713 Orthopr·

317 4716 394 4764 Vrec.
411 4732 440 4796 p:
460 4719 521 4767 m:
543 4718 684 4768 Picentium
704 4730 866 4784 praeceptum
885 4735 942 4768 cum
961 4735 985 4769 o.
1071 4723 1103 4772 32
1123 4720 1242 4786 Orthopr.
1264 4722 1342 4772 Veen.
1360 4737 1387 4785 ρ.
1406 4722 1470 4773 418ι
1494 4719 1589 4768 Pretium

312 4797 401 4848 preces
420 4798 475 4832 sum
493 4799 516 4834 a.
