3412 5452
308 419 390 470 Oxvl
525 405 574 459 DE
594 404 810 460 commuurls
828 406 921 459 EINS.
941 403 979 459 IN
998 407 1085 460 Dori.
1105 404 1185 462 ΛΒΤ.
1206 403 1252 458 ΕΤ
1272 406 1377 459 BARB.

392 599 411 657 i.
438 595 496 658 19b
521 598 613 671 (Bon.
633 615 668 676 p.
692 604 757 672 393,
783 603 835 674 31)
863 596 976 658 Collum
999 599 1098 658 neutri
1120 597 1238 675 generis
1261 604 1320 666 est,
1344 594 1499 658 collarium
1521 596 1602 657 simi·

307 698 382 760 liter.
427 699 478 760 Est
506 701 585 760 euim
616 699 769 760 collarium
798 701 1029 762 instrumentum
1060 698 1138 760 colli.
1184 698 1263 776 Ergo
1290 699 1314 758 si
1343 697 1468 760 dicimus
1496 697 1603 760 ‘collus

306 799 425 861 collaria
449 797 551 871 'cor'et’,
576 809 608 862 ut
630 799 724 862 cottus
747 801 884 863 uideatur
907 801 1062 863 masculini
1085 803 1211 879 generis
1236 799 1355 861 collaria
1379 801 1513 861 seminini
1538 819 1603 860 esse

306 901 424 963 abiatiui
446 921 470 962 s·
494 921 588 974 casus,
613 922 680 964 cum
703 902 861 964 dicendum
884 905 922 964 sit
950 901 1070 964 ‘coliem
1094 901 1216 964 eoiiurio
1240 905 1333 963 caret’
1364 904 1385 963 i·
1409 900 1516 963 coitum
1543 920 1603 962 nou

305 1004 396 1065 habet
417 1021 503 1065 suum
527 1006 773 1076 instrumentum,
803 1007 871 1086 quia
895 1023 983 1066 careo
1007 1005 1134 1066 uerbum
1162 1021 1281 1083 semper
1309 1003 1438 1067 ablatiuo
1460 1005 1604 1083 iungitur,

304 1105 497 1167 soloecismus
520 1107 550 1167 dt
572 1127 626 1187 per
649 1126 768 1186 genera.

389 1209 408 1269 i.
427 1205 487 1270 19b
511 1210 602 1282 (lton.
615 1229 649 1286 p.
668 1216 734 1286 399,
755 1216 788 1286 4)
813 1209 868 1270 Per
884 1207 989 1271 modos
1005 1208 1166 1271 uerborum
1189 1210 1263 1270 frunt
1278 1206 1456 1280 soloecismi,
1480 1209 1603 1286 quando

305 1346 381 1389 unus
409 1328 515 1390 modus
544 1348 598 1409 pro
628 1329 685 1390 aiio
712 1331 847 1410 ponitur,
875 1331 951 1390 sicut
979 1330 1039 1390 ‘itis
1067 1300 1200 1411 paredtis
1222 1331 1314 1390 arma'
1344 1345 1401 1408 pro
1423 1330 1476 1389 ‘ite
1498 1339 1604 1408 parate

303 1433 408 1500 arura',
432 1431 611 1492 indicetiuus
634 1449 689 1510 pro
711 1433 887 1511 inperutiuo
932 1429 1025 1492 Verbo
1048 1441 1118 1491 suut
1140 1433 1321 1491 Graecorum
1345 1447 1376 1490 se
1399 1431 1528 1491 inuicem
1552 1448 1604 1490 or·

304 1535 428 1595 tantium
452 1532 487 1593 ad
512 1530 604 1593 belia:
626 1551 645 1592 o
670 1533 726 1594 uiri
749 1535 799 1595 itis
822 1534 932 1612 paratis
954 1551 1035 1593 arma
1057 1550 1146 1613 quam
1170 1533 1298 1609 primum
1323 1535 1343 1592 i·
1367 1531 1519 1602 uelociter,
1543 1550 1605 1611 pro

303 1637 356 1695 ‘ite
377 1637 503 1714 parate’.

388 1737 408 1797 i.
432 1733 492 1798 20·
518 1739 611 1810 (Doro.
631 1755 666 1814 p.
689 1743 805 1814 395,1)
829 1736 883 1798 Hic
907 1736 962 1817 init
984 1734 1186 1817 cacenphaton
1209 1737 1238 1796 in
1263 1752 1320 1798 uno
1342 1745 1443 1815 parte:
1466 1737 1605 1815 arrigere

303 1839 381 1898 enirn
405 1841 525 1918 proprie
549 1837 645 1900 uirilis
668 1837 793 1900 urembri
817 1849 876 1907 est:
900 1856 968 1900 nam
984 1841 1009 1898 si
1030 1837 1152 1899 dixisset
1173 1839 1289 1915 ‘erigc’,
1313 1836 1446 1917 pulcrius
1467 1839 1604 1909 dixisset,

304 1941 356 2000 sed
381 1959 448 2005 cum
473 1943 606 2020 ‘arrige',
631 1939 816 2020 kacephaton
839 1940 918 2005 iacit.
1008 1985 1010 1988 -

386 2043 406 2103 i.
430 2039 492 2103 212
520 2045 611 2117 (Bon.
636 2061 671 2120 p.
696 2049 767 2116 399,
796 2049 844 2120 ll)
874 2043 998 2116 Quidam
1031 2041 1150 2103 codices
1177 2045 1409 2103 ‘commemorat
1436 2059 1490 2123 pro
1519 2061 1605 2104 conr·

304 2147 550 2215 ureruorouerat',
582 2145 702 2225 quidam
731 2147 940 2216 ‘commorat’,
973 2144 1025 2206 sed
1056 2147 1085 2206 in
1117 2153 1242 2222 utroque
1273 2144 1361 2206 huius
1389 2143 1516 2224 exeurpii
1553 2156 1604 2207 est

302 2249 443 2309 ostensio.

387 2351 407 2410 i.
430 2345 492 2410 22ΙΙ
521 2352 612 2423 (lion.
639 2369 674 2428 p.
699 2356 768 2424 399,
797 2357 826 2427 1)
856 2347 910 2410 Hic
939 2347 1022 2410 lucus
1056 2348 1250 2427 quadraginta
1283 2367 1423 2411 uersuum
1453 2358 1512 2419 est,
1551 2348 1605 2410 uhi

302 2463 484 2513 monstratur
507 2469 612 2512 sensus
634 2469 728 2528 usque
751 2450 786 2511 ad
811 2450 1066 2529 ‹prradragesimuur
1085 2469 1216 2517 uersum.
1244 2449 1425 2529 Virgilius
1447 2450 1504 2513 iroo
1527 2451 1606 2512 dicit

301 2551 338 2613 de
362 2554 503 2623 derririse,
533 2555 584 2630 qui
612 2557 748 2634 apparuit
777 2572 830 2632 per
852 2555 1000 2614 somnium
1030 2553 1089 2618 tilio
1118 2572 1171 2615 suo
1196 2553 1274 2614 Enee
1303 2563 1333 2614 et
1360 2551 1415 2614 heo
1444 2552 1537 2615 uerba
1565 2555 1604 2616 de

300 2656 516 2734 gubernatione
539 2654 718 2716 conditionis
740 2655 815 2715 dixit
837 2659 876 2716 ei.

385 2759 404 2820 i.
428 2754 491 2817 22¹>
520 2759 612 2828 (Dore.
639 2775 672 2834 p.
702 2764 770 2830 399,
797 2763 849 2833 30)
879 2755 1059 2836 Reciprocas
1087 2759 1165 2819 scire
1193 2757 1337 2820 dehemus
1364 2759 1536 2830 metatores,
1569 2768 1605 2822 ut
1693 2797 1694 2817 a

300 2861 356 2922 ‘aie
372 2861 525 2930 dcorum’,
549 2859 626 2922 ‘uela
651 2861 785 2920 nauiuru'
810 2870 840 2919 et
861 2858 985 2920 ‘siarum
1011 2859 1155 2938 remigia'.
1200 2858 1279 2921 Alias
1302 2859 1388 2920 unius
1411 2862 1512 2941 partie,
1539 2879 1603 2939 qrre

299 2981 358 3023 non
386 2963 627 3042 reciprocantur,
658 2969 690 3022 ut
718 2970 763 3023 est
790 2961 952 3022 ‘fluctuare
975 2966 1107 3041 segetes'
1138 2969 1168 3022 et
1190 2964 1354 3039 ‘gemmare
1377 2963 1474 3024 uites’.
1521 2963 1601 3026 Nam
1691 3019 1692 3022 ,

299 3083 358 3126 nou
376 3081 530 3142 possumus
546 3065 652 3124 casita
669 3072 855 3133 conuertere,
880 3073 913 3124 ut
928 3062 1061 3125 dicamus
1077 3066 1223 3141 ‘segetare
1239 3062 1357 3124 ssuctus'
1382 3076 1411 3124 et
1433 3067 1601 3126 ‘nitescere
1690 3112 1691 3127 ,

299 3168 454 3244 geminas'.

384 3267 402 3330 i.
424 3263 487 3329 23¹³
511 3269 603 3341 (Bon.
615 3287 650 3345 p.
669 3276 737 3343 999,
756 3273 808 3345 39)
832 3268 1012 3330 Sonuseris
1035 3274 1158 3328 uocatur
1181 3269 1315 3338 tinnitus,
1338 3285 1430 3330 sonus
1452 3267 1599 3332 tubarum

299 3379 421 3430 uocatur
444 3368 581 3448 clangor,
608 3387 699 3431 sonus
727 3369 905 3450 stipularum
933 3370 1101 3431 ardentium
1129 3378 1180 3431 aut
1208 3371 1359 3450 spinarum
1383 3377 1432 3431 aut
1455 3375 1599 3452 ueprium

297 3479 423 3533 uocatur
450 3473 597 3550 crepitus,
626 3489 717 3532 sonus
745 3471 904 3533 fractarum
934 3473 1073 3549 (fractura
1096 3475 1177 3548 cod.)
1206 3471 1346 3534 arborum
1376 3474 1475 3552 negor
1506 3493 1598 3536 uoca-

296 3583 360 3642 tur;
384 3591 450 3634 nam
474 3573 498 3634 si
522 3591 553 3633 es
576 3580 685 3634 tactum
709 3573 814 3642 tuerit,
844 3572 930 3635 talem
955 3591 1061 3635 sonum
1085 3573 1204 3634 uidetur
1226 3591 1329 3652 agere,
1358 3576 1443 3654 quasi
1465 3577 1600 3638 tinnitus
1685 3559 1686 3562 Ἴ

297 3684 325 3737 et
350 3694 384 3736 ex
409 3677 474 3753 ipso
496 3693 571 3736 sono
595 3675 681 3735 datur
704 3676 731 3735 ei
756 3694 875 3736 nornen.

381 3779 466 3838 Haec
488 3775 627 3853 quamuis
648 3786 677 3837 ct
698 3776 769 3855 ipso
791 3777 867 3840 satis
888 3777 1105 3855 exercereque
1127 3777 1214 3840 multi
1232 3778 1330 3856 pretii
1350 3781 1485 3841 rudioris
1507 3790 1598 3842 ueto·

295 3879 335 3941 te's
357 3878 613 3954 excogitamenta,
638 3882 744 3957 quibus
765 3881 857 3942 medii
877 3879 948 3942 acui
969 3881 1102 3942 homines
1124 3882 1167 3940 od
1178 3883 1297 3956 figuras
1311 3879 1464 3944 orationis
1484 3882 1599 3945 melius

294 3984 521 4058 cognoscendas
538 4000 650 4059 porum
673 3982 851 4058 diriperetur
865 3982 1039 4044 adhibuisse
1050 3983 1208 4059 medetur,
1233 4001 1300 4044 cum
1319 3985 1436 4044 eosdem
1458 3983 1497 4044 de
1519 3985 1598 4046 aliis

295 4085 375 4146 ortis
395 4084 618 4160 grammaticae
635 4085 779 4162 portibus
800 4093 923 4160 agentes
945 4088 1148 4160 antiquiorum
1171 4093 1337 4162 temporum
1355 4093 1527 4163 praecepta
1550 4107 1597 4148 se-

295 4188 414 4263 quendo
435 4206 497 4248 rem
519 4191 593 4249 sotis
614 4185 814 4248 laudabiliter
835 4190 930 4262 egisse
951 4188 1176 4248 concedendum
1197 4185 1252 4264 so’t,
1280 4190 1346 4247 solu
1373 4195 1464 4248 erem
1493 4189 1596 4264 dignu

294 4306 372 4364 quoe
393 4299 632 4364 exemerentur
638 4309 650 4358 ,·
672 4296 774 4349 cetero
795 4288 920 4350 inutilia
938 4288 1010 4362 scre
1031 4296 1061 4348 et
1082 4292 1113 4348 in
1136 4288 1223 4349 rebus
1239 4288 1384 4362 sutilibus
1405 4293 1597 4352 enam-mado·

293 4390 452 4452 uer-suntin
473 4396 540 4452 iure
562 4395 731 4468 ueylexuse
753 4393 888 4454 uidebor.
