3412 5452
652 370 900 450 PBISOIANEm
1284 336 1414 433 enxxm

205 561 256 619 Ad
281 579 311 638 p.
337 555 414 629 165,
440 554 480 619 12
501 577 580 638 seq:
614 557 774 620 Cinxendix
803 559 890 620 tuboe
923 557 1055 620 custodia
1083 561 1167 638 quasi
1201 556 1414 619 eaioxendixa

125 659 214 724 norbo
243 659 310 721 iaie
337 659 415 720 idesi
442 679 517 721 uoco
546 659 592 720 uei
621 660 793 722 caiaxendix
823 659 1014 742 (distendix)
1043 659 1122 740 quod
1151 661 1297 739 significat
1323 677 1415 721 conca

125 761 196 824 idest
217 761 305 832 iuba,
335 780 392 841 que
416 764 533 841 signum
556 761 703 840 detegitur
731 761 808 823 idest
834 763 966 843 aperitur
989 770 1019 823 et
1041 773 1086 824 est
1107 764 1300 842 compositum
1323 780 1339 823 a
1362 779 1415 822 no-

125 865 202 925 mine
231 863 334 925 elassis
362 863 438 925 idest
465 862 554 925 tubae
578 863 633 944 (ei
667 863 812 924 etaltera
841 866 961 924 nomine
983 864 1069 934 dicis,
1099 863 1176 925 idest
1199 864 1413 926 manifestatio:

124 965 277 1027 claxendix
301 965 370 1027 inire
394 966 689 1040 manifestarium.
713 964 847 1028 Martini
868 965 991 1027 Hertzia'
1013 967 1116 1027 adnot.
1140 964 1212 1028 crit.
1236 967 1257 1026 i.
1281 968 1302 1025 l.

682 1251 765 1316 One.
788 1251 868 1317 IIII.

125 1388 181 1452 Dii
202 1388 364 1453 PAPIAE
386 1387 503 1453 ARTE
528 1385 821 1453 GRAMMATICA
842 1386 902 1452 EX
918 1385 1152 1453 Pulscinno
1169 1385 1413 1452 EXOERPTA.

208 1564 292 1634 Quae
320 1564 364 1624 M.
393 1564 540 1624 Hertzius
561 1565 669 1639 praef.
692 1581 728 1639 p.
750 1563 784 1622 X
809 1570 893 1637 etp.
922 1562 1045 1623 XXIX.
1074 1563 1172 1623 XXX
1197 1564 1236 1622 de
1265 1559 1416 1622 Prisciani

125 1668 305 1726 auctoritate
334 1665 377 1724 ad
406 1666 543 1739 repeada
575 1664 667 1726 aredii
698 1667 769 1724 aeui
795 1664 945 1726 bominum
973 1663 1075 1726 studia
1101 1667 1305 1739 prammatica
1331 1665 1417 1725 docte

124 1769 272 1844 exposuit,
302 1769 411 1843 optime
435 1769 597 1840 firmantur
618 1767 737 1843 Papiae
763 1769 915 1844 exemplo,
945 1767 982 1827 de
1009 1769 1095 1828 cuius
1122 1775 1190 1828 arte
1216 1767 1416 1842 prammotiao

123 1887 162 1931 ea
176 1871 336 1931 Prusiam
351 1870 501 1944 deflorata
516 1869 664 1930 Siaaerus
680 1871 800 1945 primus
820 1870 855 1928 ni
871 1867 970 1941 satior
991 1870 1107 1931 rettulit
1127 1876 1188 1930 cot.
1204 1870 1271 1931 cod.
1288 1869 1382 1928 Bern.
1399 1868 1419 1928 I

120 1991 153 2049 p.
177 1979 248 2032 548.
293 1973 407 2048 Papias
428 1975 522 2046 caim,
552 1988 619 2033 eum
641 1973 673 2030 in
693 1973 845 2046 piossario
865 1972 1035 2046 aoiiipeado
1056 1989 1111 2033 suo
1133 1989 1152 2031 a
1172 1973 1344 2046 piossarurn
1365 1973 1419 2046 qui

122 2077 235 2136 dicitur
255 2075 339 2148 iibri,
363 2071 452 2135 cuias
472 2076 568 2150 copiis
589 2075 746 2134 uberrimis
767 2075 941 2148 saepissime
961 2091 1032 2134 usus
1053 2080 1110 2143 est,
1134 2073 1308 2154 auctoribus
1330 2075 1361 2133 in
1382 2089 1417 2133 eo

120 2185 220 2238 tamea
250 2178 392 2252 differat,
423 2176 506 2252 quod
531 2192 594 2238 una
621 2193 688 2236 cam
709 2172 817 2235 Boetia
845 2176 1011 2250 ceterisque
1030 2177 1230 2237 recentiorum
1252 2183 1416 2252 temporum

119 2279 319 2355 scriptoribus
342 2279 533 2339 Priscioama
561 2278 726 2354 inprimis
753 2278 785 2338 in
802 2284 910 2352 partes
931 2280 1066 2351 uacauit,
1098 2285 1159 2340 tara
1179 2285 1338 2354 postquam
1359 2279 1416 2337 eie-

119 2383 301 2442 mentarium
324 2382 367 2440 ad
385 2383 474 2453 daem
492 2382 651 2457 perducit,
670 2377 861 2456 peculiarem
883 2379 977 2456 dere
997 2383 1201 2455 prammatiaa
1222 2381 1331 2441 librum
1346 2395 1416 2440 cou-

116 2486 231 2560 posur't,
256 2483 361 2558 quiin
383 2482 496 2544 duobus
517 2483 603 2543 libris
623 2479 839 2558 manuscriptis
861 2481 1063 2543 Beraeasibas
1087 2488 1151 2542 tet
1174 2488 1192 2541 2
1211 2482 1265 2542 sub
1292 2483 1417 2542 elemen-

119 2586 194 2646 torii
213 2586 327 2645 calcem
348 2585 524 2646 subiunctus
544 2591 598 2644 est.
610 2584 644 2660 *)
690 2585 818 2658 Vterque
839 2591 938 2644 autem
961 2585 1076 2660 Papiae
1096 2585 1172 2645 iiber
1194 2585 1314 2644 saeculo
1329 2585 1417 2644 tertio

118 2691 237 2749 decimo
259 2687 433 2748 imbuendus
453 2693 511 2760 est,
534 2686 589 2746 sed
609 2689 668 2761 ito,
682 2694 741 2763 -ut,
764 2688 818 2761 qui
838 2688 971 2748 secundo
993 2703 1118 2748 numero
1140 2693 1259 2747 notatus
1280 2693 1338 2760 est,
1361 2686 1417 2745 ali-

119 2795 236 2866 quanto
264 2791 412 2850 uetustior
438 2804 501 2849 esse
528 2787 672 2849 uideatur
701 2791 813 2857 altero,
843 2805 1024 2864 quamquam
1046 2789 1176 2850 Sinnero
1197 2789 1288 2849 aliter
1309 2789 1415 2848 uisura.

117 2894 219 2968 Atque
250 2907 362 2952 reuera
389 2893 475 2951 istam
503 2896 599 2950 artam
628 2907 648 2950 a
675 2891 777 2967 Papia
802 2892 949 2966 scriptam
977 2907 1040 2952 esse
1067 2893 1136 2951 inde
1163 2888 1307 2963 efficitur,
1336 2889 1418 2965 quod

117 2998 201 3056 inter
227 2995 292 3054 eius
319 2995 437 3052 initium
465 3000 495 3052 et
515 2994 703 3052 elementarii
720 2994 810 3064 daem
832 2995 960 3052 insertus
981 3000 1025 3052 est
1045 2994 1110 3069 epse
1130 2989 1183 3052 iiie
1204 2992 1301 3066 iocus,
1331 3005 1417 3066 quem

116 3113 220 3172 nuper
245 3095 461 3155 Wiimaaasius
481 3111 554 3154 mus.
579 3094 673 3154 Rhea.
696 3092 852 3154 ‘Placidus
874 3094 989 3170 Papias
1015 3095 1081 3154 und
1105 3095 1220 3154 andem
1244 3091 1419 3154 lateiniscbe

119 3199 273 3259 Glossore’
303 3198 361 3256 uol.
385 3196 500 3254 XXIV
513 3213 549 3271 p.
573 3202 632 3255 380
652 3197 747 3256 edidit
775 3199 863 3272 quasi
889 3197 1043 3257 ineditum.
1089 3196 1169 3257 Nam
1197 3213 1238 3257 em
1265 3197 1322 3256 boc
1349 3198 1417 3256 ioco

114 3307 207 3377 patet
226 3300 372 3375 Papiam,
399 3304 561 3374 postquam
588 3301 775 3358 elementarii
800 3298 844 3357 ad
861 3301 951 3370 finem
967 3301 1113 3376 perducti
1129 3283 1334 3374 pratias'epit
1355 3297 1417 3356 mo

89 3419 264 3472 -swumas,
293 3401 338 3460 od
358 3402 486 3460 aiteram
507 3397 608 3459 statim
631 3402 805 3476 opusculum
827 3403 997 3479 transiisse,
1021 3401 1103 3476 quod
1123 3400 1178 3459 ‘ad
1198 3401 1327 3460 eiusdem
1343 3416 1438 3474 per-¹

112 3504 263 3578 sectionis
289 3503 451 3563 ouautarn’
474 3499 645 3576 transipere
668 3509 700 3561 ut
721 3502 778 3562 sibi
797 3503 900 3561 liceret
918 3504 970 3577 pie
988 3509 1133 3578 precatus
1153 3507 1205 3562 est.
1252 3501 1417 3577 Quodque

115 3608 227 3668 melius
247 3607 393 3680 eoqnosci
409 3601 522 3680 possit,
540 3610 631 3664 totum
652 3606 751 3664 iocrtrn
773 3605 861 3678 infra
884 3607 990 3666 iterum
1007 3621 1182 3682 proponam
1197 3601 1312 3664 additis
1325 3603 1416 3663 libro·

115 3725 187 3768 rum
206 3703 405 3768 Beraeast'um
427 3709 605 3782 optimorum
626 3708 798 3782 scripturae
817 3705 1028 3782 discrepantis
1037 3710 1154 3784 passim
1168 3707 1416 3768 abundatiorem:

208 3827 339 3887 infinitas
361 3824 578 3886 benedictionis
600 3827 709 3903 gratias
730 3826 789 3885 iam
809 3823 869 3885 [ico
891 3826 969 3904 patri
991 3825 1158 3896 scierimus,
1182 3826 1232 3905 qui
1253 3842 1308 3906 per
1330 3842 1416 3885 coae-

116 3938 241 3990 ternum
270 3947 357 3990 suurn
386 3928 476 3989 iiiium
504 3929 534 3988 in
562 3931 656 3988 sancti
684 3928 810 4005 spiritus.
835 3929 928 4004 gratie
953 3935 1084 3988 nostrum
1108 3946 1182 4006 opus
1205 3946 1241 3988 ex
1265 3925 1364 3988 multis
1385 3934 1417 3987 et

89 4031 251 4093 saiuersis
273 4032 400 4091 texturis
423 4028 605 4090 elaboratum
627 4038 713 4109 atque
736 4036 906 4090 contextum
929 4028 998 4090 iicet
1020 4047 1074 4109 per
1092 4029 1253 4122 muliorum
1268 4047 1413 4132 annorum

122 4185 352 4193 ῴ-η--ι-

193 4287 255 4338 Cori.
274 4285 354 4336 Bora.
373 4299 413 4339 nr,
433 4287 448 4334 t
465 4300 532 4335 saec.
552 4283 630 4334 XIII
647 4305 680 4326 ==
698 4285 738 4342 A,·
755 4287 812 4335 cod.
827 4285 906 4340 Bern.
925 4301 964 4335 ar.
982 4287 999 4334 2
1016 4299 1084 4335 suec.
1099 4283 1177 4334 XIII
1193 4286 1227 4336 in.
1246 4302 1281 4328 :a
1299 4283 1338 4342 B,·
1355 4285 1412 4334 eod.

119 4353 206 4406 ΒΜ.
224 4371 263 4404 nr.
282 4357 417 4420 iidataea.
438 4352 515 4404 XIII
532 4373 565 4393 π
585 4353 612 4403 0.
684 4355 859 4402 lcoeternnni
880 4352 945 4403 ABG
962 4363 1091 4404 aeternum
1115 4349 1296 4402 Wilrnanasiua

194 4589 222 4655 *J
239 4593 306 4643 idem
324 4592 388 4641 iiber
405 4591 508 4640 nomine
526 4592 623 4642 omisso
641 4591 829 4641 teste-Thermo
849 4589 950 4641 Natices
969 4600 993 4640 et
1010 4589 1122 4639 Extroits
1135 4590 1180 4640 des
1193 4589 1346 4640 Mennscrits
1364 4598 1411 4640 etc.

119 4659 280 4718 roin,XX11
297 4661 391 4727 perui
414 4675 440 4726 p.
459 4661 493 4710 45
512 4669 583 4710 extat
601 4661 626 4708 in
645 4660 732 4709 codiee
750 4659 866 4709 Parisino
885 4658 972 4709 Sancti
982 4659 1094 4708 Victoris
1114 4659 1145 4727 ii
1163 4673 1230 4712 saec,
1242 4657 1311 4708 xiii:
1331 4657 1349 4711 i.
1362 4658 1412 4708 228

118 4727 215 4778 Petitis
233 4744 248 4778 e
263 4745 313 4793 me,
330 4729 474 4787 karissimi,
493 4743 525 4776 ex
543 4738 597 4778 nrte
614 4727 752 4793 gramatice
765 4728 840 4777 nobis
852 4737 1022 4792 competentes
1040 4724 1142 4791 regulas
1160 4726 1216 4776 dori
1232 4736 1277 4775 aut
1292 4726 1413 4792 componi

119 4823 159 4831 -
180 4795 196 4849 i.
214 4795 280 4847 iouh
298 4797 348 4847 sibi
366 4809 468 4860 qitoque
489 4797 554 4862 ipsis
577 4805 755 4862 preponuntur
771 4809 800 4845 nt
816 4806 842 4845 nt
859 4806 900 4845 est
916 4805 1000 4845 autem
1023 4805 1096 4844 tenus
1115 4803 1232 4857 eratque
1253 4794 1371 4856 equidem
1389 4803 1413 4843 et

121 4879 189 4914 narn
206 4879 286 4928 neque

1162 4944 1210 4998 m*
