3394 5448
422 373 426 380 ’
512 389 586 440 evu
607 389 811 442 exerescere
830 391 1003 442 rnnmms.
1232 405 1400 454 ccxxxvn

279 577 362 640 llam
386 578 554 656 inceptio
577 584 632 637 est
654 580 871 646 ementium,
895 577 985 639 lraut
1006 579 1215 639 amantium.

107 663 176 723 ltem
200 663 345 726 Cicero:
376 662 518 730 ‘Abire
543 681 585 723 an
608 661 771 724 obire'te
794 663 1009 724 conuenitl'
1038 665 1115 725 idest
1137 663 1252 726 exulem
1275 665 1339 726 steri
1362 684 1399 726 an

107 749 200 809 mnril
223 748 311 809 ltcm:
336 745 436 828 ‘lpse
458 749 520 828 qui
544 747 650 808 locus
672 745 1004 825 religiosissimus,
1029 747 1088 810 lric
1111 751 1185 810 erit
1206 749 1314 812 locus
1338 750 1399 810 de-

105 835 366 894 sertissimus'.
412 833 501 894 Item:
525 833 585 893 ‘Et
602 831 775 893 custodia
804 852 996 894 sacrorum
1020 853 1091 896 non
1115 835 1310 906 honorem,
1335 837 1397 896 sed

83 921 231 980 toneris
254 935 364 980 causa
389 917 703 979 existImahitur'.
741 919 788 979 Fit
802 925 900 979 autem
915 937 1118 998 paronomasia
1143 928 1173 980 et
1193 939 1249 1001 per
1270 919 1397 982 litteram

107 1003 249 1075 demtum,
273 1013 305 1064 ut
326 1011 371 1064 est
393 1003 481 1064 illud:
505 1003 600 1064 ‘Non
623 1020 757 1064 nomen
781 1002 893 1064 habet
914 1005 1002 1083 ista,
1026 1005 1088 1066 sed
1111 1009 1244 1067 omen'.
1273 1010 1399 1086 Autper

106 1088 231 1150 litteram
248 1095 466 1159 commutatam,
483 1096 528 1149 ut:
553 1088 761 1168 ‘Sapientis
784 1107 907 1150 mensa
931 1091 1157 1160 conuiuium,
1181 1090 1289 1152 stulti
1312 1109 1397 1152 con·

87 1175 238 1238 uitium
262 1176 346 1235 est'.

187 1309 307 1371 Selresis
330 1317 489 1372 onomaton
512 1319 558 1372 est
579 1309 914 1373 multitudonominum
936 1312 1161 1374 coniunctorum
1185 1312 1312 1393 quodam
1336 1332 1397 1374 am-

75 1395 168 1460 nbitu
192 1395 361 1475 coprdaudi,
384 1404 431 1457 ut:
1367 1425 1370 1432 ⁴

107 1555 189 1628 nem·
273 1480 390 1542 Marsa
414 1498 559 1551 manus,
581 1480 733 1562 Peligna
756 1481 909 1551 cohors,
932 1483 1085 1544 Festina
1107 1485 1229 1543 uirum
1253 1485 1319 1548 uis.

107 1735 116 1796 Ι
182 1613 189 1627 ⁸
273 1649 407 1713 Nubila
430 1653 492 1713 nix
514 1651 654 1738 grando
678 1651 847 1730 procella
870 1652 1026 1714 ilumina
1051 1654 1164 1716 nenti.

74 1746 190 1966 sltem·
273 1820 397 1884 Imber
419 1807 545 1886 ae'stus
568 1824 627 1884 nix
649 1823 783 1903 pruina
806 1821 903 1886 silua
928 1831 963 1884 et
985 1841 1071 1885 aura
1096 1843 1164 1886 nor
1187 1824 1277 1885 dies.

107 1917 188 2138 Item·
272 1991 435 2054 Prouida
457 1993 562 2072 larga
585 1992 724 2054 sollers
746 1994 902 2056 facunda
926 1993 1072 2057 decora.

119 2085 190 2138 tem:

272 2164 332 2226 lus
354 2181 447 2242 aqua
471 2164 540 2225 mel
563 2166 689 2227 uinum
712 2165 820 2244 panis
843 2165 950 2250 piper
973 2163 1088 2226 herba
1112 2162 1236 2226 oleum
1259 2164 1322 2227 sal.
1427 2251 1430 2260 Ι

76 2361 98 2399 eo
191 2333 428 2416 Homoeoptoton
451 2343 505 2408 est,
529 2353 597 2397 cum
620 2335 651 2396 in
673 2335 784 2397 similes
807 2353 894 2398 casus
916 2342 1027 2397 exeunt
1047 2334 1140 2398 uerba
1163 2334 1290 2406 diuersa,
1314 2345 1361 2398 ut:

273 2421 479 2483 Maerentes
503 2419 639 2482 flentes
661 2420 908 2483 lacrimantes
930 2422 1239 2483 conmiserantes.
1261 2455 1305 2467 —

273 2505 342 2568 Sed
366 2523 486 2584 neque
510 2515 721 2567 currentem
744 2525 871 2567 senec
893 2507 1088 2584 cognoscit
1110 2514 1257 2568 euntem

11 2621 13 2730 q
272 2590 560 2672 Tollentemque
583 2609 688 2652 manu
711 2609 913 2669 saxumque
935 2592 1093 2652 immane
1116 2601 1339 2653 mouentem.

11 2731 13 2788 ζ
110 2709 178 2771 Item
206 2711 355 2772 Cicero:
388 2709 580 2780 ‘'landem,
607 2710 751 2773 tandem
782 2709 999 2790 aliqnando,
1030 2707 1212 2782 Quirites,
1244 2711 1396 2773 Lucium

12 2797 14 2930 l
76 2795 870 2961 rfilli{mittiteillitterati
893 2794 1397 2945 tristitudinem·

12 2961 14 3056 l
111 2983 173 3045 que
194 2964 426 3030 mi'nantem'.

188 3135 453 3198 llomoeoteleuton
476 3145 528 3209 es't,
552 3157 621 3198 cum
643 3136 732 3199 simili
746 3137 833 3199 modo
849 3136 994 3198 dictiones
1008 3134 1151 3217 plurimae
1167 3138 1325 3210 finiuntur,
1350 3146 1395 3200 ut:

79 3331 100 3372 e
271 3221 492 3369 qlquurieduci
514 3242 617 3302 quam
640 3221 821 3302 relinqui,
845 3222 976 3283 reuelli
1000 3240 1104 3302 quam
1127 3223 1255 3284 deseri

113 3443 331 3452 —-——·-—-—-——

114 3525 325 3562 SIMILITVDINE&

190 3585 207 3642 9
229 3584 363 3642 Iulianus
379 3603 412 3657 p.
429 3587 482 3641 36:
505 3585 615 3643 Selresis
638 3595 784 3643 onomaton
800 3595 842 3642 est
857 3585 1004 3643 multitudo
1020 3575 1159 3643 nominum
1174 3586 1397 3659 coniunctorum,

114 3685 176 3742 quae
197 3671 312 3744 quodam
335 3670 429 3727 habite
451 3670 625 3744 copulantur,
650 3679 680 3728 ut
703 3671 786 3728 llarsa
801 3703 842 3711 -
859 3673 948 3728 uirum
972 3672 1024 3728 uls.
1065 3669 1146 3728 Item:
1169 3671 1256 3727 irnlrer
1270 3703 1311 3712 -
1327 3671 1394 3728 dies.

115 3753 187 3810 Item:
208 3758 250 3812 lus
272 3787 314 3796 -
337 3755 392 3818 sal,
414 3759 517 3812 ceteris
539 3759 655 3813 omasus.

170 3838 208 3898 20
228 3840 362 3897 Iulianus
380 3858 412 3913 p.
435 3844 487 3896 37:
520 3840 742 3916 llomneoptoton
767 3871 803 3881 —
827 3852 993 3899 mouentem.
1039 3843 1103 3899 ltem
1127 3841 1268 3916 Virgilius.
1314 3844 1396 3900 ‘'Ian-

115 3925 182 3996 dem,
205 3905 310 3983 tand'em
334 3925 497 4000 aliquando,
520 3924 663 3997 Quirites’,
685 3927 804 4000 reliquis
825 3929 941 3984 occissis.

171 4009 208 4068 28
229 4011 363 4068 Iulianus
382 4027 413 4082 p.
437 4014 490 4066 37:
512 4011 723 4069 llomoteleuton
745 4043 786 4052 —-
809 4028 894 4068 rosas.

115 4227 213 4264 ecnrem
230 4227 386 4264 sennensis
404 4213 454 4264 207
472 4227 619 4268 varrenas.

175 4285 241 4330 lmu
252 4277 404 4346 ementium]
428 4279 488 4332 Ter.
501 4283 584 4333 Andr.
598 4282 614 4330 1
626 4283 651 4344 9,
665 4284 708 4343 13,
722 4284 754 4345 es.
768 4283 834 4332 Don.
848 4298 876 4346 p.
890 4284 950 4344 398,
963 4285 996 4332 16
1041 4279 1167 4347 idicem]
1187 4283 1292 4333 Nomine
1304 4287 1395 4334 omisso

116 4348 230 4400 netem
247 4349 381 4400 adhibetur
399 4348 742 4412 adleidoreer.135,12
810 4350 889 4399 lsed
908 4350 1011 4400 lionoris
1030 4364 1045 4398 e
1062 4363 1141 4398 cause
1209 4350 1317 4401 ‘lsulnti
1335 4366 1396 4400 con-

117 4418 193 4467 uitium
244 4419 358 4470 9scesis
429 4419 458 4466 11
478 4432 571 4483 magua
589 4415 689 4483 niseus]
711 4417 791 4468 Ennii
801 4433 890 4468 uersus
902 4419 937 4481 es.
951 4419 1018 4472 Dos.
1027 4434 1054 4482 p.
1069 4420 1130 4483 398,
1144 4421 1175 4467 19
1227 4433 1285 4469 cors
1304 4417 1397 4470 iestinu

116 4487 188 4534 uirum
205 4487 242 4536 bis
313 4489 344 4538 le
362 4483 601 4550 Nubiluldlfidsid.
621 4501 661 4537 or.
681 4485 698 4535 1
715 4489 806 4547 35,13
876 4487 907 4536 lt
924 4487 1004 4536 imber
1022 4495 1096 4536 extus
1168 4489 1199 4536 19
1217 4501 1297 4552 penes
1316 4488 1395 4540 Iulia-

117 4569 156 4603 nas
219 4556 249 4605 m
269 4550 408 4619 merentes]
429 4553 508 4605 Ennii
523 4570 622 4615 uersus,
641 4555 675 4617 cf.
695 4556 760 4606 Don.
778 4571 803 4618 p.
825 4557 885 4618 398,
896 4556 932 4604 23
1000 4555 1033 4603 22
1052 4551 1103 4602 Sed
1122 4552 1213 4618 neque]
1236 4555 1395 4621 νημαι.

116 4620 534 4688 xrrses‚·cs.1ea.1as‚1e
619 4625 652 4673 33
669 4622 849 4685 tollentemque
866 4635 960 4685 menne
1031 4623 1114 4671 imane
1200 4625 1233 4673 24
1251 4621 1351 4691 Cicero]
1371 4626 1396 4673 in

116 4687 236 4742 Catilinam
252 4709 291 4745 er.
309 4691 353 4752 ΙΙ,
372 4707 429 4755 esp.
448 4694 462 4740 1
480 4693 515 4741 iu.
583 4693 616 4743 25
633 4692 764 4740 catelinem
817 4691 958 4739 enelamem
1039 4691 1072 4740 26
1090 4689 1202 4751 rrelsrine
1253 4690 1397 4754 famemque

116 4758 144 4806 28
159 4759 397 4810 llumoeonteleuton
416 4770 456 4809 cst
472 4775 529 4808 curn
548 4759 687 4810 similitudo
706 4759 829 4808 dictiones
852 4759 960 4825 plemme
1079 4761 1112 4814 29
1135 4773 1165 4808 eo
1188 4775 1216 4808 se
1238 4759 1295 4808 duci
1320 4775 1394 4822 (rernm

116 4826 223 4892 relmqui‚
241 4845 268 4878 se
287 4827 346 4878 uelrl
365 4843 441 4891 qnam
459 4827 543 4878 deseri
561 4828 649 4877 meluit
667 4827 789 4878 lulianus.
827 4828 876 4878 Est
894 4827 972 4877 Ennii
989 4843 1087 4891 stersus,
1106 4827 1141 4891 ef.
1160 4828 1225 4878 Don.
1244 4845 1271 4893 p.
1291 4829 1351 4893 398,
1362 4832 1396 4878 25

146 4896 275 4962 relinquere
293 4898 334 4947 uei
