3390 5444
284 355 348 420 200
724 354 892 409 VERGlLIl
911 355 1144 407 GRAMMATICI

283 545 428 606 incertum
451 544 592 606 habetur:
633 543 841 624 ‘Nequiquam'
865 551 963 604 autem
987 550 1015 604 et
1038 545 1201 622 ‘nequiter'
1219 562 1254 604 ex
1270 547 1424 624 ‘nequam’
1448 545 1581 613 ueniunt,

283 647 359 706 sicut
382 645 481 706 multis
503 646 676 706 Latinorum
699 644 829 706 uidetur.

362 743 489 828 ]l.27¹‘
511 745 522 828 ΙΙ
545 745 740 826 Virgilius:
770 750 912 808 Aeneas
940 763 1023 808 meus
1051 744 1170 827 triplam
1200 745 1313 808 adserit
1341 765 1408 808 esse
1436 749 1583 828 participii

284 851 439 910 uirtutem:
464 850 575 929 prima,
600 849 678 927 quod
702 848 827 909 uerbum
851 856 880 908 et
903 865 1011 908 nomen
1034 847 1106 910 duas
1127 847 1309 929 principales
1330 857 1432 929 partes
1453 848 1584 918 obtinet:

284 950 429 1021 secunda,
460 950 586 1028 quodsi
609 969 624 1010 a
649 949 741 1011 uerbo
765 951 862 1012 actiuo
886 949 990 1020 luerit,
1021 949 1125 1011 eodem
1153 951 1242 1012 modo
1265 953 1339 1029 agit:
1370 952 1471 1020 tertia,
1502 952 1612 1026 quotis

284 1054 308 1112 si
332 1053 362 1112 in
385 1053 442 1113 line
466 1053 625 1112 testimonii
649 1053 776 1130 positum
801 1052 903 1122 luerit,
927 1069 982 1131 pro
1005 1050 1099 1113 uerbo
1122 1053 1292 1133 accipiatur.

360 1166 374 1253 ΙΙ
390 1170 409 1230 i.
425 1166 483 1231 28·
499 1167 512 1254 ΙΙ
528 1171 724 1248 Virgilius:
749 1169 801 1230 Est
822 1172 956 1247 quaestio
980 1169 1173 1249 perdifficilis.
1212 1169 1372 1242 Quaeritur
1386 1173 1504 1248 itaque,
1526 1190 1585 1251 qua

283 1273 398 1332 ratione
427 1271 553 1332 uerbum
583 1270 750 1351 deponens,
780 1289 816 1331 ex
844 1288 902 1348 quo
929 1272 986 1332 tria
1015 1272 1171 1352 participia
1193 1280 1262 1333 sunt
1280 1318 1395 1334 .....
1403 1318 1411 1342 ,
1441 1281 1474 1332 ut
1501 1273 1587 1332 orior

283 1375 383 1434 oriens
411 1375 541 1434 oriturus
569 1382 651 1433 ortus
679 1372 840 1448 oriundus,
871 1392 936 1434 cum
959 1391 1018 1432 non
1042 1374 1080 1433 sit
1101 1375 1266 1452 passiuum,
1292 1393 1327 1434 cx
1356 1391 1414 1454 quo
1437 1372 1615 1442 trabatur,¹¹

282 1494 372 1555 super
394 1493 453 1553 quo
475 1479 634 1537 Aeneam
659 1484 688 1536 ct
710 1473 941 1553 Galbungum
965 1476 1167 1553 interrogans,
1192 1476 1232 1536 ita
1249 1476 1484 1556 responderunt:
1508 1475 1587 1534 haec
1603 1491 1629 1528 ιυ

284 1576 343 1636 ιΙιιο
366 1577 523 1656 participia
547 1578 655 1638 ‘ortus'
678 1576 848 1638 ‘oriundus'
873 1577 962 1637 unius
984 1579 1128 1657 temporis
1150 1595 1225 1637 esse.

362 1675 373 1759 ΙΙ
390 1675 487 1740 [28l
509 1675 520 1760 ΙΙ
547 1678 746 1756 Virgilius:
784 1676 846 1740 Alia
875 1679 1042 1757 quaestio„
1058 1697 1150 1759 quare
1178 1679 1269 1739 scribi
1297 1679 1466 1742 inuenimus
1493 1695 1591 1758 saepe

285 1777 446 1840 ‘standum’
471 1778 661 1840 ‘sedendum'
684 1777 878 1840 ‘addendum’
902 1778 1119 1859 ‘loquendum’,
1143 1797 1211 1840 cunr
1228 1799 1244 1841 a
1261 1779 1389 1842 neutrali
1412 1779 1507 1841 uerbo
1524 1798 1590 1841 non

286 1881 339 1942 nisi
364 1880 423 1942 duo
447 1881 601 1960 participia
625 1891 654 1942 et
676 1899 691 1941 a
715 1880 876 1962 deponenti
904 1883 961 1942 tria
990 1890 1103 1943 tanturn
1131 1883 1286 1961 participia
1316 1883 1420 1942 uenire
1442 1898 1590 1941 consues-

285 1991 365 2043 cunt.
412 1981 469 2042 Sed
499 1982 555 2041 lxoc
584 1981 620 2042 ad
649 1981 847 2062 inpersonalia
876 1982 967 2043 uerba
996 1981 1203 2054 referendum,
1233 2001 1358 2062 quorum
1388 1983 1478 2057 haec,
1508 2001 1591 2061 quae
1608 2003 1632 2038 rs

285 2084 495 2166 praediximus,
519 2089 587 2145 sunt
608 2085 891 2164 inpraesentiarum:
916 2084 1207 2164 ‘inpraesentiarum'
1223 2084 1397 2146 aduerbium
1421 2083 1593 2163 temporale

286 2194 345 2256 est,
371 2193 403 2246 ut
424 2187 640 2265 ‘praesentim’.

364 2284 375 2368 ΙΙ
391 2287 411 2346 i.
428 2283 490 2347 29b
507 2285 517 2368 ΙΙ
545 2286 743 2365 Virgilius:
767 2287 846 2348 luter
870 2288 1015 2350 ‘uerunt'
1038 2295 1068 2349 et
1089 2293 1197 2348 ‘itero’
1222 2287 1298 2348 duae
1320 2294 1389 2349 sunt
1411 2287 1593 2348 distantiae:

287 2407 354 2458 arna,
378 2390 446 2468 quia
470 2392 601 2449 ‘uerunt'
625 2391 818 2469 praepositiui
842 2389 956 2451 ordinis
980 2398 1037 2458 cst,
1062 2392 1159 2451 ‘uero’
1176 2387 1403 2459 subiuttctatiui;
1427 2389 1492 2458 alia,
1517 2392 1592 2469 quia

286 2491 417 2550 ‘uerum'
442 2489 600 2552 causaliter
624 2508 678 2571 pro
700 2491 822 2551 ‘tamen'
844 2491 978 2560 habetur,
996 2492 1096 2551 ‘uere’
1112 2489 1152 2551 ob
1167 2491 1364 2571 expletionem
1386 2495 1499 2553 mnium
1516 2509 1593 2552 suae
1607 2511 1633 2548 so

287 2593 421 2653 stationis
444 2593 597 2672 accipitur.

372 2694 452 2755 ictu.
482 2692 682 2772 Virgilius:
706 2693 879 2772 Quanquam
902 2697 934 2754 in
958 2696 1091 2773 quinque
1107 2697 1222 2777 species
1238 2696 1408 2756 coniunctio
1431 2695 1525 2756 diuisa
1542 2697 1593 2764 sit,

288 2806 386 2856 tarxten
408 2796 438 2856 in
461 2815 526 2857 sese
549 2797 782 2864 conmiscentur,
807 2804 838 2855 ut
862 2812 1056 2875 unaquaeque
1079 2796 1201 2858 alterius
1223 2796 1337 2857 ratione
1353 2815 1407 2875 pro
1423 2796 1591 2858 dictionum
1683 2857 1684 2860 ,

288 2895 426 2976 qualitate
449 2905 563 2966 utatur;
588 2898 760 2977 frequenter
784 2897 861 2958 onim
885 2895 1018 2958 causales
1040 2918 1095 2978 pro
1116 2896 1343 2961 rationabilibus
1357 2908 1387 2958 et
1402 2897 1593 2976 copulatiuae

357 3202 558 3264 lnequicquam
578 3201 664 3251 lliot‘us
716 3201 831 3264 nequiter
850 3201 871 3251 si
890 3201 1131 3262 amboexncquam
1146 3201 1232 3250 Motus
1300 3197 1446 3266 irridetur]
1467 3201 1596 3267 Sequitur

288 3271 359 3334 ιιριιιὶ
370 3270 466 3320 illalum
484 3271 560 3320 etiam
577 3271 699 3333 aporiaris
716 3272 866 3320 sententiae.
936 3272 952 3320 3
967 3266 1103 3334 Virgilius]
1123 3286 1148 3332 p.
1162 3272 1195 3318 74
1208 3269 1276 3318 Mai:
1296 3269 1382 3330 ltaque
1396 3269 1496 3319 Aeneas
1517 3285 1597 3318 mens

289 3338 388 3404 triplam
414 3338 606 3402 participiorum
630 3338 773 3386 arlseutitnr·
795 3339 926 3386 uirtutem:
957 3338 1026 3398 quod
1051 3338 1076 3385 in
1101 3337 1164 3384 libro
1187 3336 1219 3384 de
1242 3339 1355 3385 omnium
1379 3337 1471 3385 artium
1496 3337 1597 3386 uirtute

288 3407 384 3473 scripto
403 3415 479 3469 atque
498 3405 633 3454 ordinatim
653 3406 753 3471 digestu
773 3405 816 3454 tali
835 3405 914 3454 edidit
931 3405 1017 3455 modo.
1053 3405 1150 3462 Prima,
1170 3405 1265 3466 inquit,
1286 3404 1366 3454 uirtus
1386 3405 1598 3470 participiorum,

289 3475 358 3536 quod
378 3489 468 3523 ttamen
488 3485 513 3522 et
531 3474 634 3522 uerbum
704 3476 722 3522 4
741 3473 863 3522 orationis
876 3483 962 3537 partes
975 3472 1061 3523 Maius
1130 3474 1146 3522 5
1164 3473 1230 3520 sient
1249 3472 1354 3521 uerbum
1372 3471 1448 3522 luerit
1464 3474 1598 3530 cedrium,

289 3543 378 3592 eodem
398 3542 473 3592 modo
493 3552 518 3590 et
534 3542 619 3607 ipsum
638 3542 707 3606 agit,
726 3543 798 3590 tertia
817 3541 885 3603 quod
904 3543 924 3589 si
939 3540 1025 3591 Maius
1077 3541 1150 3589 tertia
1168 3541 1189 3588 si
1259 3541 1489 3590 litestimoniorum
1502 3540 1599 3592 Maius

289 3606 459 3675 tvirgtttus]
480 3626 506 3674 p.
526 3612 559 3659 81
577 3610 644 3660 Μαὶι
676 3608 771 3658 Sedet
793 3609 920 3671 quaestio,
947 3623 1014 3670 quae
1035 3607 1194 3674 perdifficilis
1217 3619 1257 3657 est
1278 3607 1311 3656 ud
1330 3607 1496 3666 soluendum,
1521 3612 1600 3674 cogit

289 3693 432 3726 sermonem
452 3678 529 3742 paulo
548 3677 650 3742 longius
669 3677 798 3742 progredi.
819 3676 917 3725 Etenim
935 3690 992 3724 cum
1011 3691 1027 3724 a
1044 3676 1182 3740 deponenti
1201 3676 1279 3724 uerbo
1292 3676 1487 3740 trisparticipia
1501 3679 1600 3727 uenire

289 3760 339 3795 nou
359 3745 495 3804 dubitetur,
513 3757 553 3794 est
570 3746 674 3794 uerbum
693 3745 833 3810 deponens,
853 3759 884 3792 ex
897 3757 949 3806 quo
962 3752 1082 3808 quattuor
1101 3744 1235 3809 participia
1247 3743 1312 3793 tralri
1325 3743 1451 3801 uidentur,
1466 3753 1494 3792 ut
1507 3747 1599 3804 orior:

289 3829 321 3862 ex
340 3827 391 3875 quo
410 3813 552 3862 astoricus
572 3815 683 3862 oriturus
707 3826 778 3862 ortus
802 3812 935 3862 oriundus.
971 3810 1106 3870 Quaeritur
1129 3814 1214 3875 itaque
1236 3811 1345 3874 qualiter
1367 3811 1414 3860 lrac
1436 3813 1542 3861 ratione
1562 3815 1600 3862 uti

289 3881 436 3940 debeamus,
456 3895 512 3930 cnm
533 3881 635 3930 uerbum
654 3881 788 3946 passiuum
809 3881 925 3944 nonsit,
945 3895 978 3928 ex
996 3895 1047 3941 quo
1065 3879 1180 3929 trahatur
1193 3915 1280 3934 .....
1299 3877 1350 3929 Sed
1367 3893 1446 3945 super
1464 3877 1515 3929 hoc
1536 3881 1600 3931 Gal-

290 3951 404 4014 bungum
422 3949 581 4014 interrogaui
599 3948 725 4010 simulque
744 3949 855 3998 Aeneam
874 3949 906 3998 ab
925 3949 1014 4012 eisque
1033 3947 1116 3997 indier
1133 3948 1234 4007 audiui,
1262 3949 1321 4009 quia
1346 3947 1394 3996 hoc
1416 3948 1599 4014 participium,

290 4019 356 4066 sietrt
374 4027 398 4066 et
416 4027 486 4065 ortus
506 4018 634 4083 praeteriti
654 4017 776 4082 temporis
795 4017 842 4074 sit,
865 4016 932 4065 unde
950 4027 974 4064 et
991 4017 1016 4064 in
1035 4017 1245 4065 concameratione
1262 4016 1455 4081 participiorum
1475 4017 1600 4084 irtterpu-

290 4085 340 4135 sita
358 4085 537 4135 coniunctione
564 4085 713 4134 distinctina
730 4085 769 4133 sic
786 4085 909 4143 dicimus,
937 4085 1022 4134 oriens
1045 4085 1156 4133 oriturus
1180 4092 1250 4133 onus
1274 4093 1298 4131 et
1317 4083 1453 4132 oriundus:
1482 4099 1518 4134 ex
1545 4102 1600 4148 quo

289 4152 457 4214 ostendimus,
476 4151 538 4201 baec
556 4152 607 4201 ιΙιιο
627 4153 763 4219 participia
782 4153 857 4202 tritius
876 4167 934 4202 esse
952 4153 1087 4217 temporis:
1107 4162 1132 4201 et
1148 4153 1206 4201 ideo
1219 4159 1286 4200 tecte
1297 4152 1434 4201 scribimus
1452 4153 1601 4204 ‘oriundus

290 4224 363 4270 errrt’.
434 4221 582 4286 parditlcilis
651 4216 757 4288 8sont]
778 4220 907 4270 Lacunam
924 4235 960 4270 ea·
978 4219 1050 4270 Muto
1068 4221 1146 4282 facite
1164 4222 1281 4285 expleas.
1361 4220 1390 4268 11
1412 4234 1489 4269 umus
1570 4225 1602 4272 12

291 4285 429 4353 Virgilius]
448 4306 475 4354 p,
491 4291 526 4340 82
546 4289 614 4338 Mai:
641 4287 695 4336 illia
715 4289 787 4337 nobis
805 4289 922 4350 quaestio
940 4288 1056 4337 imminet
1072 4286 1208 4338 solutionis
1227 4287 1290 4338 satis
1309 4286 1398 4353 indiga
1414 4302 1496 4349 quara
1514 4303 1602 4354 saepe

290 4357 435 4406 irruenimns
454 4357 529 4406 scribi
548 4357 667 4406 staridum
737 4359 838 4419 questio
891 4371 953 4421 sepe
1021 4359 1054 4407 13
1072 4355 1215 4406 audendum
1236 4355 1322 4406 Maius
1377 4370 1434 4405 cum
1454 4369 1470 4404 a
1489 4367 1602 4406 neutra-

290 4427 351 4474 lium
370 4425 463 4474 bonlsi
477 4425 529 4475 duo
541 4421 553 4491 [Ι
565 4439 622 4473 curn
641 4423 747 4474 neutrali
767 4425 844 4473 uerbo
864 4439 915 4473 ιιοιι
933 4425 982 4474 nisi
1001 4423 1149 4475 dnoMor'us
1219 4425 1251 4474 ts
1287 4423 1403 4488 anticipia
1422 4423 1513 4473 uenire
1535 4440 1602 4475 con·

290 4503 411 4543 suescant
428 4503 454 4542 et
470 4507 485 4541 a
502 4493 642 4558 deponenti
659 4493 707 4542 tria
724 4501 822 4542 tantum
840 4491 972 4542 trahantur
990 4491 1077 4542 Maius
1144 4439 1334 4558 conseres]]]lunt
1431 4493 1464 4542 15
1482 4507 1601 4554 quorum

292 4561 424 4627 participia
442 4571 504 4610 sunt
520 4561 582 4610 lxaec
599 4577 665 4624 quae
683 4561 857 4626 praediximus
876 4561 963 4612 Maius
979 4561 1073 4611 ceteris
1089 4563 1196 4612 omissis.
1279 4560 1309 4611 16
1327 4559 1575 4627 inpresenitiarum‚
1594 4564 1601 4610 i

291 4637 352 4680 crate
370 4639 378 4678 t
396 4645 465 4680 eres.
535 4632 568 4679 17
586 4641 614 4678 ut
630 4628 775 4695 praelectim
849 4631 879 4680 18
896 4625 1032 4695 Virgilius]
1052 4628 1212 4694 p.1i8Mut'
1262 4627 1312 4678 dixe
1364 4625 1515 4696 distantiae]
1536 4631 1601 4680 sub-

292 4697 401 4746 stantiae
419 4699 476 4748 cod.
494 4696 569 4761 Mati,
589 4699 655 4748 uncle
673 4697 830 4747 differentiae
847 4699 957 4748 comecit
974 4697 1060 4748 ,tratas
1129 4699 1161 4748 19
1179 4695 1332 4747 subiunctiui
1349 4694 1437 4745 Maius
1496 4699 1532 4748 ΞΟ
1551 4712 1601 4764 pro

293 4777 375 4814 tamen
396 4779 446 4814 uon
465 4761 594 4833 habetur]
607 4780 657 4815 non
676 4781 722 4815 ora.
742 4766 829 4816 Maias
889 4779 949 4815 uero
968 4764 1121 4830 expletionis
1140 4779 1203 4815 strae
1220 4773 1317 4814 mntem
1335 4762 1451 4814 stationis
1471 4766 1603 4832 accipitur

294 4833 379 4883 Maius
431 4835 463 4884 22
482 4829 620 4900 Virgilius]
637 4851 666 4898 p.
679 4833 730 4884 148
742 4833 800 4883 Mai
867 4835 900 4885 23
919 4847 1073 4896 tmaquuque
