3394 5448
506 297 798 350 οιιιιιοιιιιιιιι
817 298 1019 350 ιιιιιιιιιιιιι
1037 300 1088 352 ur.
1380 297 1444 361 299

233 486 352 547 ‘Hodie'
377 487 581 549 ‘hodiernum'
603 484 715 548 ‘heras'
740 484 911 548 ‘hereditas’
936 485 1094 550 ‘haeresis'
1118 485 1243 546 ‘horret'
1268 484 1441 547 ‘horribilis’

143 585 308 649 ‘humatus'
333 587 464 650 ‘burnus’
489 587 674 648 ‘humanum’
699 587 808 648 ‘buius’
832 586 934 648 ‘hunc'
959 587 1058 650 ‘banc'
1082 605 1137 666 ριι
1159 586 1178 646 b
1201 587 1341 648 litteram.

231 689 325 752 ‘Haud
351 689 448 769 louge’
474 689 564 751 ‘baud
587 688 703 768 procul'
728 689 811 750 ‘haut
834 692 941 768 nuper'
965 687 1083 769 quaudo
1106 706 1161 767 ριι
1177 687 1196 746 lr
1217 687 1345 749 litteram
1369 689 1442 748 scri·

143 789 234 861 bitur,
258 791 434 854 aduerbium
458 793 594 869 negantis
618 798 676 862 est,
700 791 776 852 idest
798 794 892 851 ‘uon'.

112 905 129 945 ⁵
231 891 370 954 ‘Gaudet'
394 893 503 954 ‘ardet'
528 892 688 972 ‘probibet'
712 912 767 971 ριι
790 911 805 952 ι
828 900 858 953 et
881 894 901 952 t.

229 993 437 1075 ‘lympanum'
462 993 612 1074 ‘ltymuus’
638 996 836 1073 ‘mysterium’
867 991 1033 1074 ‘inclytum’
1059 992 1272 1072 ‘hypocritam'
1295 992 1439 1073 ‘byssum’

141 1096 328 1174 ‘gygantum’
353 1095 513 1174 ‘abyssum'
537 1114 591 1175 ριι
614 1117 632 1176 y
654 1095 805 1157 scribitur.

229 1196 370 1258 ‘interea’
394 1200 576 1278 ‘propterea'
601 1201 779 1278 ‘praeterea’
804 1213 858 1276 per
881 1195 1086 1275 diphthongon
1110 1195 1314 1262 scribendum.

229 1299 358 1361 ‘Potum'
383 1302 513 1379 ‘potens’
537 1299 659 1377 ‘potior'
683 1299 890 1380 ‘potissimum'
914 1299 1069 1378 ‘potestus'
1093 1316 1147 1376 per
1170 1317 1188 1357 e
1209 1297 1411 1387 scribendum.

99 1411 128 1452 ¹⁰
230 1397 367 1462 ‘lustitia’
391 1401 567 1480 ‘patieutis'
591 1402 806 1480 ‘paenitentia'
831 1399 997 1479 ‘potentia’
1021 1399 1216 1478 ‘prudentia’
1247 1399 1439 1484 ‘eloquentia’

141 1503 362 1587 ‘teurjrerantia’
387 1502 579 1564 ‘eonibentia’
604 1503 773 1581 ‘sapientia'
797 1500 941 1563 ‘stultitia'
966 1500 1178 1581 ‘inprudentia’
1203 1519 1256 1581 per
1279 1509 1291 1561 t
1312 1501 1440 1563 litteram

141 1601 348 1664 scribendum.

229 1703 352 1766 ‘attare’
376 1704 572 1767 ‘memoriale’
597 1705 749 1767 ‘salutare’
773 1705 979 1767 ‘sacerdotale'
1004 1701 1173 1765 ‘neutrale'
1197 1702 1351 1784 ‘amplare'
1376 1704 1441 1765 siue

141 1824 171 1865 m
195 1805 398 1870 scribendum.

98 1917 126 1958 1⁵
230 1905 401 1969 ‘Sacerdos'
425 1927 545 1987 semper
566 1929 621 1990 per
644 1929 673 1991 a,
696 1927 755 1972 non
779 1927 834 1989 ριι
856 1928 875 1969 ιι
897 1907 991 1970 scribi
1013 1907 1109 1969 debet.

229 2007 358 2086 ‘Opiter’
383 2011 513 2072 ‘artilex'
538 2013 697 2090 ‘genetrix'
722 2010 876 2072 ‘adiutrix’
901 2009 1095 2071 ‘auxiliatrix'
1112 2009 1274 2089 ‘scriptrix’
1292 2008 1439 2070 ‘destruc-

140 2109 212 2169 trix’
237 2110 363 2172 ‘uindix'
388 2111 499 2172 ‘ultrix'
524 2113 633 2173 ‘radix'
657 2130 712 2191 per
734 2131 752 2171 ιι
775 2110 904 2172 litteram
926 2111 1016 2172 scribi
1040 2110 1138 2172 debet.

228 2211 412 2274 ‘Conlestim'
438 2214 570 2275 ‘allatius'
593 2231 648 2294 per
669 2217 681 2274 i
702 2214 831 2274 litteram
855 2211 1057 2274 scribendum.

229 2313 331 2374 ‘Crux'
356 2317 439 2374 ‘nux’
464 2333 518 2394 per
540 2334 559 2377 u
582 2314 725 2385 litteram,
750 2315 823 2376 ‘nix'
847 2315 920 2395 ‘pix’
941 2331 1000 2390 per
1021 2317 1034 2375 i
1053 2313 1194 2374 litteram.

97 2429 125 2470 ιι
229 2413 323 2476 ‘Vter'
348 2418 508 2497 ‘uterque’
533 2419 722 2498 ‘utriusque'
747 2415 974 2494 ‘utrumqualis'
1005 2417 1163 2494 ‘atraque’
1188 2413 1300 2476 ‘ultre'
1325 2413 1439 2478 ‘ululat’

138 2533 197 2594 per
220 2535 240 2576 ιι
262 2514 390 2580 litteram
414 2517 616 2583 scribendum.

228 2617 384 2680 ‘Dilectus’
409 2619 601 2700 ‘diligendus'
633 2620 785 2681 ‘dilectio'
815 2617 945 2699 ‘diligit'
976 2617 1130 2697 ‘diligaur',
1160 2618 1187 2679 si
1216 2616 1253 2678 ιιι
1282 2617 1441 2680 dilectione

139 2719 248 2790 luerit,
276 2739 331 2800 per
353 2723 363 2781 i
386 2721 529 2794 litteram,
559 2724 584 2783 si
607 2740 680 2783 uero
703 2721 740 2782 de
763 2728 886 2801 peccato
909 2721 1080 2781 ‘delictum’
1111 2719 1159 2782 uel
1182 2718 1323 2790 ‘rlelicta’,
1347 2738 1401 2800 per
1424 2739 1440 2780 ι

138 2819 271 2882 litteram
296 2822 498 2886 scribentium.

97 2936 124 2976 2⁵
228 2923 396 3004 ‘Suruptus'
421 2928 632 3004 ‘contemptus'
656 2928 840 3004 ‘temptatus'
864 2943 959 3004 perp
983 2921 1185 2990 scribendum.

228 3023 379 3104 ‘Duplum'
404 3023 599 3106 ‘centuplum'
623 3045 677 3107 per
698 3045 732 3106 p,
756 3045 817 3087 ιιοιι
838 3045 893 3106 ριι
916 3026 935 3087 b
957 3024 1158 3087 scribendum.

719 3126 857 3208 Explicit.

370 3399 414 3473 u.
451 3363 826 3474 ιιιιιιιιιιιιιιι
852 3397 1116 3472 Bueususrs
1143 3398 1207 3471 ιιι.

228 3568 375 3648 ‘Scripsi'
406 3579 564 3649 propterea
591 3588 686 3650 perp
710 3577 776 3631 ets
805 3569 944 3631 scribitur
973 3569 1041 3646 quia
1070 3566 1149 3648 apud
1178 3568 1308 3628 Graecos
1330 3585 1349 3646 ρ
1373 3575 1438 3628 ιιι

97 3683 125 3722 ³0
141 3687 201 3730 uua
224 3668 323 3730 littera
348 3681 406 3742 est,
431 3689 517 3750 quam
540 3678 566 3748 ψ
588 3674 644 3753 ipsi
667 3680 786 3736 uocant.

228 3770 392 3833 ‘Assiduus’
418 3782 447 3834 ιι
469 3776 646 3835 ‘assecutus'
671 3773 805 3852 perduc
827 3792 852 3834 s.

227 3873 569 3955 mmmmm

228 3973 375 4053 ‘Impedit’
401 3986 430 4037 ct
453 3977 620 4056 ‘impendit'
645 3995 698 4056 per
719 3995 759 4041 m.
802 3975 873 4036 ldee
895 3983 924 4036 et
946 3973 1171 4036 ‘accrrmulatus’
1195 3973 1331 4055 perduc
1354 3993 1380 4036 c.

211 4193 343 4245 lberesis
411 4195 584 4246 4adrrerbum
654 4197 786 4263 bpralbet
853 4194 1031 4261 bypocrltum
1102 4198 1132 4244 ll
1151 4195 1295 4245 conibentia
1346 4195 1437 4258 littera,

137 4261 198 4324 sere
216 4277 317 4326 semper
386 4267 418 4316 15
436 4264 586 4313 distruetrix
655 4267 687 4316 18
706 4281 751 4330 per
769 4266 778 4313 i
796 4265 901 4324 litteram
921 4265 1003 4314 deest.

209 4329 301 4380 Gades
319 4331 460 4382 Berneusis
478 4334 528 4382 178
545 4347 613 4382 sace.
632 4331 676 4380 IX
691 4333 713 4396 f.
732 4331 884 4382 sab-90³
953 4332 987 4381 29
1005 4331 1107 4396 scripsi,
1125 4345 1194 4381 corr.
1212 4330 1303 4379 scribsi
1331 4337 1437 4395 ‘grecus

139 4399 175 4448 30
188 4409 299 4447 uocaumt
367 4403 399 4451 31
418 4399 538 4465 ipsiduus
607 4401 640 4450 33
658 4399 828 4450 accomclatus

138 4517 369 4528 —.-.....-

140 4583 373 4756 Μῐὲιιιτῐὲῗιῖιιῗιῗ]
392 4639 429 4702 cs.
447 4641 562 4706 ortboqr.
577 4641 685 4691 Einsidl.
698 4655 724 4704 ρ,
736 4639 795 4701 297,
806 4643 832 4702 7,
845 4637 959 4702 orateur.
973 4638 1030 4688 cod.
1039 4637 1121 4688 Bam.
1133 4639 1188 4688 330
1200 4640 1240 4688 ed.
1255 4638 1355 4689 Veeuer
1367 4639 1436 4695 Mas.

140 4705 220 4756 lilaea.
241 4705 313 4755 XXI
348 4723 374 4771 p.
393 4710 444 4756 417
513 4711 544 4760 31
564 4704 703 4773 Assiduus]
730 4705 850 4772 Ortltoyr.
871 4707 948 4756 Vreu.
967 4721 993 4768 p.
1011 4707 1070 4768 417,
1093 4705 1158 4757 oreta
1179 4705 1287 4756 Eiusirlt.
1306 4723 1333 4772 ρ.
1351 4710 1438 4770 297,9

210 4776 242 4826 32
261 4771 370 4840 Auuuit]
391 4773 510 4840 Ortboyr.
534 4777 611 4830 Vsen.
629 4792 657 4841 ρ.
677 4779 728 4826 417
795 4771 965 4840 331mpedit]
986 4771 1105 4837 Ortboqr.
1127 4773 1204 4826 Vseu.
1221 4791 1248 4840 ρ.
1267 4776 1319 4826 417
