3372 5446
630 253 862 328 ⁸turtunensis
1347 253 1408 317 109

104 443 316 505 schematis
338 443 569 504 toreumatis
592 440 829 503 emblematis.
863 441 1035 503 lnuenimus
1059 445 1148 514 enim,
1172 445 1310 522 antiquos
1333 442 1407 504 dati·

103 564 177 607 uum
203 555 235 608 ot
257 545 420 607 ablatiuum
443 543 589 622 pluralem
611 546 642 604 iu
665 545 691 604 is
713 543 887 622 productam
911 543 1049 623 prolerre
1071 547 1104 604 in
1125 544 1171 605 bis
1186 547 1300 606 neutris
1316 545 1407 606 Grae·

102 649 147 708 cis
170 668 186 710 a
210 649 316 718 linitis,
340 655 374 708 ut
394 665 500 727 poema
523 647 668 726 poematis
691 654 721 706 et
743 651 852 708 cetera.
894 643 1076 706 Laberius
1105 663 1178 708 uero
1207 646 1294 708 dixit:
1323 646 1407 726 ‘ry-

101 744 728 831 tbagoreamlliol.102⁸lldogmam
751 746 885 830 doctus
906 748 990 816 est',
1014 746 1093 827 quod
1117 746 1284 828 exemplum
1307 757 1407 810 osten·

73 851 162 922 adit,
189 851 265 911 baec
286 853 406 911 nomina
430 851 519 936 etiam
542 853 658 930 primae
682 848 888 910 declinationis
910 849 1016 920 luisse,
1046 848 1098 910 sed
1122 855 1218 911 tamen
1243 848 1406 910 secundum

100 971 190 1014 usum
224 960 255 1012 et
285 953 430 1013 rationem
462 952 568 1013 tertiae
603 950 810 1013 declinationis
841 957 919 1011 sunt.
962 948 1034 1010 lnde
1066 951 1287 1012 Priscianus
1318 950 1407 1012 dicit:

99 1055 246 1116 Neutra
269 1072 358 1114 uero
380 1056 416 1114 in
441 1069 456 1112 a
479 1051 620 1116 Graeca
649 1061 734 1114 sunt
756 1060 791 1113 et
812 1052 950 1113 tertiae
978 1050 1264 1121 declinationis:
1293 1069 1405 1130 geue·

100 1157 172 1216 tiui
197 1156 293 1216 enim
316 1156 449 1216 Graeci
472 1173 538 1226 τος
560 1157 591 1216 in
616 1156 665 1215 tis
688 1161 917 1214 conuertunt
940 1152 1035 1233 apud
1057 1169 1140 1225 nos,
1165 1161 1204 1215 ut
1226 1154 1295 1215 boc
1318 1173 1407 1234 poe-

100 1277 156 1318 ma
182 1257 294 1318 buius
316 1257 508 1337 poematis.
554 1255 638 1328 Quod
662 1274 717 1316 nos
739 1255 866 1318 dicimus
889 1255 975 1316 buius
1000 1256 1145 1334 poematis
1168 1299 1277 1338 .....
1301 1254 1408 1316 Graeci

63 1376 87 1416 ro
100 1359 209 1420 dicunt
230 1357 299 1420 salv
321 1353 526 1439 ποιημάτων,
550 1375 605 1419 nos
627 1366 726 1420 autem
749 1356 878 1418 dicimus
900 1355 1007 1418 horum
1028 1363 1201 1436 poematum
1215 1356 1286 1433 coir
1299 1357 1329 1418 in
1346 1365 1407 1418 tum

99 1468 326 1524 conuertentes.

189 1562 270 1634 Qarot
283 1579 392 1640 genera
409 1562 440 1623 in
457 1581 473 1622 e
489 1563 687 1623 terminantur
701 1561 733 1622 in
749 1564 836 1623 tertia
852 1559 1070 1622 declinatione?
1084 1560 1172 1632 buo,
1189 1559 1247 1623 boc
1263 1567 1307 1622 est
1322 1560 1407 1622 lemi-

101 1670 209 1727 niuum
224 1673 255 1725 et
265 1673 421 1734 neutrum3
439 1663 582 1725 leminina
594 1665 715 1744 propria
730 1661 814 1734 baec,
828 1672 860 1724 ut
872 1662 1001 1744 Euterpe
1009 1662 1147 1743 Calliope.
1171 1663 1245 1724 ltem
1260 1663 1291 1722 ln
1307 1681 1323 1725 e
1340 1680 1407 1723 cor·

99 1775 218 1848 raptam
235 1768 333 1827 omnia
348 1767 469 1826 nomina
484 1763 587 1826 Latina
603 1764 767 1828 desinentia
783 1773 887 1826 neutra
898 1772 977 1835 sunt,
989 1773 1021 1827 ut
1032 1765 1125 1827 sedile
1136 1764 1246 1826 monile
1260 1762 1407 1826 luminare

65 1885 88 1926 aa
100 1887 250 1950 praesepe
266 1885 348 1929 mare
363 1875 427 1928 rete
443 1866 537 1928 altare
551 1867 658 1946 reptile
674 1885 763 1928 omne
778 1866 915 1946 sculptile
926 1867 1071 1944 argentile
1084 1866 1220 1929 mirabile
1231 1866 1407 1928 rationabile

100 1970 262 2032 coobleare
277 1970 357 2030 uuile
374 1977 403 2031 et
418 1988 509 2032 unum
526 1986 635 2030 nomen
650 1977 787 2046 aptoton,
807 1969 864 2030 boc
879 1968 1091 2061 est-incasuale
1107 1977 1136 2030 et
1150 1968 1360 2030 indeclinabile
1376 1970 1407 2029 iu

99 2073 248 2152 singulari
271 2090 405 2141 numero,
429 2070 486 2131 boc
501 2078 546 2132 eet
560 2071 656 2142 mille,
678 2069 756 2151 quod
778 2089 886 2132 nomen
909 2089 1066 2132 commune
1082 2079 1128 2132 est
1144 2072 1232 2132 trium
1248 2088 1405 2150 generum.

100 2176 236 2236 Dicimus
258 2175 338 2235 enim
355 2173 434 2234 mille
450 2175 509 2234 uiri
525 2179 555 2232 et
570 2171 650 2232 mille
665 2172 793 2234 feminae
809 2179 839 2233 et
853 2171 934 2234 mille
949 2172 1097 2234 animalia.
1133 2173 1212 2234 llaec
1232 2181 1331 2234 autem
1352 2191 1406 2234 no-

102 2280 182 2338 mina
197 2283 305 2337 neutra
318 2277 347 2335 in
361 2294 377 2336 e
389 2273 553 2336 desinentia
564 2275 604 2335 ita
617 2272 818 2337 declinantur:
834 2274 898 2336 lloc
909 2274 1063 2350 luminare,
1073 2275 1161 2336 buius
1173 2273 1325 2336 luminaris
1338 2275 1407 2336 buio

66 2378 243 2440 attaminari
259 2376 315 2438 lroc
331 2374 477 2438 luminare
492 2395 510 2437 o
525 2375 671 2438 luminare
688 2377 725 2438 ab
747 2376 803 2438 boo
824 2375 964 2439 luminari
980 2389 1009 2438 et
1022 2375 1132 2457 plurali
1156 2376 1230 2438 baec
1250 2375 1406 2438 luminaria

101 2481 211 2542 borum
234 2479 427 2542 luminarium
450 2479 496 2540 bis
517 2478 716 2540 luminaribus
737 2479 811 2541 baec
828 2477 985 2540 luminaria
1002 2496 1019 2539 o
1034 2476 1190 2539 luminaria
1206 2477 1244 2539 ab
1259 2478 1306 2539 his
1319 2479 1407 2540 lumi·

100 2581 236 2650 naribus,
251 2580 366 2642 ethaeo
379 2584 500 2642 nomina
517 2582 639 2660 triptota
655 2588 725 2641 sunt
739 2583 802 2642 siue
818 2583 848 2642 in
865 2579 1010 2660 singulari
1024 2563 1150 2640 numero
1165 2581 1228 2641 siue
1244 2582 1274 2640 in
1290 2579 1406 2660 plurali,

100 2685 157 2746 boc
181 2691 230 2745 est
252 2685 283 2744 in
307 2703 324 2743 e
346 2685 377 2743 in
399 2683 476 2743 isin
500 2685 526 2743 i:
550 2686 579 2744 in
602 2682 746 2760 singulari
767 2701 904 2752 numero,
929 2691 963 2744 ut
984 2681 1131 2743 luminare
1151 2680 1299 2743 luminare
1321 2681 1406 2742 lumi·

102 2803 173 2846 nare
198 2785 383 2845 nominatiuo
399 2793 431 2844 et
452 2784 622 2845 accusatiuo
646 2791 676 2844 et
698 2785 845 2856 uocabuo,
869 2792 898 2846 et
920 2757 1075 2845 luminaris
1096 2786 1245 2862 genetiuo,
1269 2792 1299 2844 et
1319 2783 1406 2845 lumi·

67 2890 166 2949 anari
198 2885 301 2948 datiuo
329 2894 360 2946 et
388 2884 527 2948 ablatiuo.
572 2885 644 2948 ltem
672 2884 780 2966 plurali
808 2904 933 2948 numero
961 2887 991 2946 iu
1020 2904 1036 2946 a
1065 2887 1095 2945 in
1123 2889 1184 2947 ium
1212 2887 1243 2946 in
1271 2884 1343 2960 bus,
1373 2891 1408 2946 ut

102 2989 263 3051 luminaria
286 2986 443 3049 luminaria
469 2987 626 3049 luminaria
649 2987 840 3049 luminarium
864 2987 1069 3050 luminaribus.

187 3091 222 3152 ln
246 3092 256 3150 i
280 3089 336 3150 dua
366 3089 485 3150 uomina
516 3098 622 3152 neuua
645 3089 757 3150 Graeca
786 3090 996 3159 inueniuntur,
1025 3099 1058 3150 ut
1084 3090 1141 3151 boc
1163 3091 1275 3168 gummi
1299 3097 1328 3151 et
1349 3089 1406 3151 boo

101 3195 211 3273 sinapi,
236 3200 267 3252 et
288 3193 377 3252 trium
401 3209 546 3270 generum
569 3195 749 3262 communia,
772 3200 806 3253 ut
820 3191 875 3252 laio
899 3201 929 3252 et
950 3192 1025 3254 baec
1048 3199 1078 3252 et
1099 3191 1155 3252 lroc
1178 3193 1265 3271 lrugi,
1288 3192 1407 3253 ethaeo

101 3297 169 3356 irux
193 3293 243 3355 uel
266 3293 367 3371 fruges
389 3292 479 3354 huius
501 3295 595 3372 lrugis
618 3296 688 3355 lacit
710 3337 847 3356 .....
872 3293 962 3371 ‘lrugi
984 3293 1085 3354 bomo’
1107 3295 1216 3373 posuit.
1263 3293 1334 3354 ltem
1358 3293 1407 3354 bio

68 3406 132 3458 oet
154 3397 233 3458 baec
256 3403 285 3456 et
307 3394 364 3456 boo
386 3393 481 3463 nibili,
505 3395 554 3454 bic
576 3403 606 3456 et
628 3394 701 3456 baec
725 3402 754 3455 et
776 3395 833 3456 boc
855 3397 993 3476 mancipi.
1032 3394 1104 3456 ltem
1128 3397 1206 3474 irugi
1229 3395 1344 3456 datium
1362 3403 1407 3458 est

102 3519 116 3560 a
140 3499 329 3560 nominatiuo
351 3499 418 3558 lrux
442 3495 489 3558 uel
512 3498 627 3574 iruges,
657 3505 686 3558 et
709 3499 850 3576 municipi
873 3517 888 3557 a
913 3515 1068 3577 manceps,
1091 3504 1122 3558 et
1143 3496 1227 3557 nihili
1248 3498 1406 3575 genetiuus

101 3600 328 3662 auominatiuo
354 3596 491 3660 nibilum.

187 3701 234 3763 lle
255 3701 467 3764 terminatione
490 3719 517 3761 o.
555 3699 587 3760 ln
611 3718 628 3761 o
651 3710 724 3780 quot
745 3717 853 3779 genera
873 3701 1085 3763 inueniuntur?
1121 3701 1276 3773 Quattuor.
1312 3700 1344 3762 ld
1362 3711 1407 3764 est

102 3802 267 3866 masculina
289 3802 432 3864 feminina
456 3809 561 3863 neutra
585 3803 764 3864 communia.
803 3801 964 3864 llasculina
982 3785 1115 3884 propria.
1140 3813 1173 3865 ut
1187 3804 1288 3885 Scipio
1301 3802 1407 3884 Apollo

4 3987 5 3992 ἵ
68 3907 174 3968 acan
200 3905 318 3980 Cicero.
356 3904 428 3965 ltem
451 3902 629 3984 appellatiua
652 3902 825 3972 masculina,
849 3913 882 3965 ut
903 3904 952 3965 bio
975 3904 1127 3967 leodraoo
1150 3905 1239 3974 ordo:
1264 3906 1405 3968 feminina

4 4039 5 4044 κ
103 4007 239 4087 propria,
262 4014 296 4066 ut
316 4005 391 4066 baec
412 4005 486 4068 luno
503 4004 577 4066 bido
593 4003 706 4067 Allecto
721 4006 830 4077 blarrto,
854 4015 884 4068 et
906 4005 980 4068 baec
995 4010 1113 4070 nomina
1130 4009 1250 4088 propria
1264 4009 1407 4070 feminina

120 4124 334 4134 ...ψ-ω

172 4193 349 4244 ltoriomntis
403 4192 555 4242 emblimntis
604 4193 641 4242 -2
659 4193 684 4241 in
703 4191 743 4241 bis
800 4191 925 4243 3assnis
977 4193 1087 4260 polremn
1139 4191 1254 4260 liberius]
1274 4195 1308 4259 of.
1322 4195 1406 4250 Prior.

4 4317 5 4320 Ἴ
105 4259 269 4327 1μ.200,9
321 4261 497 4328 plaitagoream
566 4259 721 4326 dexemplo
772 4257 966 4326 dPriscianue]
986 4263 1026 4313 De
1038 4266 1135 4314 nomiae
1148 4271 1196 4314 etc.
1207 4280 1235 4329 p.
1249 4266 1310 4327 ⁴⁴3,
1324 4266 1357 4315 18
1368 4265 1405 4319 K.

4 4323 5 4346 ³
104 4333 118 4378 'l
136 4330 261 4395 genetiuo
280 4343 372 4393 graeco
389 4343 438 4387 coe
455 4329 480 4377 in
501 4328 532 4377 tis
551 4329 619 4444 epsnd
635 4343 679 4378 uos
693 4329 819 4378 conuertit
829 4331 885 4380 eod.
899 4329 982 4382 Bern.
995 4333 1049 4381 432
1118 4334 1134 4382 9
1154 4333 1228 4383 braina
1247 4331 1405 4398 pohematis]

4 4413 5 4420 ¹
106 4389 309 4459 Groeca'formo
326 4399 464 4448 intercidit.
520 4398 552 4446 10
593 4394 646 4450 (οΝ
665 4397 828 4462 polremntnm
880 4395 956 4450 ΤωΝ
977 4399 1003 4446 in
1021 4410 1066 4450 tun
1120 4402 1152 4450 12
1170 4399 1241 4462 qarod
1286 4399 1408 4452 renudet

104 4463 153 4514 ueri
207 4466 240 4516 13
258 4461 332 4530 baec]
352 4466 428 4515 lanius
481 4463 719 4530 euterpbeoallope
771 4466 894 4514 iterine
947 4467 980 4516 14
997 4465 1086 4532 Laius]
1104 4468 1166 4517 latet
1217 4467 1311 4518 munile
1374 4471 1406 4520 15

104 4532 204 4582 ecultlle
256 4533 363 4582 euellere
418 4533 448 4583 16
466 4543 572 4598 aptoton
624 4533 744 4582 incessite
797 4533 890 4584 llhoo
902 4534 969 4584 mille
1022 4537 1053 4587 le
1072 4535 1194 4586 feminine
1246 4538 1279 4587 19
1295 4535 1407 4586 lumina·

4 4603 5 4656 l
105 4602 288 4660 res‚corr.n's
340 4603 373 4652 20
391 4600 524 4660 luminare,
537 4616 606 4652 corr.
616 4601 637 4650 ri
672 4601 817 4666 22tripto²¹
869 4603 902 4652 24
914 4613 939 4652 et
950 4601 1076 4654 luminare.
1086 4606 1174 4655 datiuo
1209 4603 1407 4669 2blterplurali

105 4671 200 4719 ildue
234 4679 352 4720 neutrum
361 4683 438 4734 green
473 4669 640 4721 ‘dssoemnmni
676 4665 1405 4739 ibit-ugislaoit]Exciditnomenea'us,qad‘srupilromo’

104 4739 336 4802 posuissedim'tur.
371 4736 554 4788 aberraturum
588 4736 696 4802 mantipi
731 4733 1020 4805 dntiuusearldatinem
1055 4743 1084 4792 31
1097 4742 1250 4807 mancipiae
1294 4741 1407 4792 dbnleto
