3394 5448
352 378 509 426 ccxxvm
641 366 691 416 DE
710 365 862 416 IVLIANO
880 364 1076 416 Tohurnrto
1096 365 1340 416 GRAMMATICO

437 639 517 701 ‘dut’
534 647 578 700 eet
593 641 764 701 coniunctio
779 648 831 701 aut
846 638 1031 701 aduerbium.
1076 637 1201 709 Quando
1222 657 1277 718 pro
1293 639 1379 699 ‘non’
1397 638 1494 699 iuerit
1514 640 1615 717 positum

351 733 384 786 ut
405 732 492 804 puta:

490 825 493 832 '
654 810 801 872 Coruus
823 809 915 871 haut
936 809 1069 890 procui
1093 809 1269 870 residens

350 894 427 956 idest
450 898 527 956 ‘non
550 895 667 971 ionge',
697 897 754 956 erit
776 895 954 956 aduerbium
981 893 1109 972 negandi
1136 904 1166 955 et
1193 913 1260 955 eom
1289 893 1497 974 adspiratione
1519 894 1618 954 seriben-

350 979 429 1041 dum.
479 979 604 1052 Quando
633 979 735 1041 dixero
763 982 826 1042 ‘aut
848 999 903 1058 ego
926 988 977 1041 aut
1005 983 1059 1048 tu',
1089 981 1147 1040 erit
1174 982 1344 1041 ooniunotio
1372 981 1564 1042 disiunctiuae
1586 999 1619 1058 po

349 1067 463 1126 testatis
486 1073 517 1126 et
538 1067 603 1126 siue
625 1066 829 1144 adspiratione
844 1064 1047 1126 scribendum.
1093 1065 1157 1126 ‘Ve’
1181 1073 1226 1126 est
1247 1067 1431 1134 coniunctio,
1456 1073 1504 1126 est
1525 1082 1620 1144 praepo-

349 1153 429 1222 sitio,
454 1160 500 1212 est
522 1159 551 1212 et
574 1151 751 1211 interiectio.
797 1149 970 1222 Quomodo?
1008 1148 1132 1220 Quando
1154 1150 1246 1211 suerit
1266 1151 1507 1232 praepositiuum
1529 1160 1557 1211 et
1574 1169 1620 1210 cun

350 1237 550 1298 commotione
573 1237 663 1296 animi
686 1237 775 1297 inerit
797 1236 919 1312 dietum,
941 1244 973 1295 ιιι
995 1242 1078 1313 puta:

654 1320 701 1380 Ve
723 1319 829 1391 mihi,
855 1327 974 1381 mater
996 1320 1085 1380 mea!

348 1409 407 1467 erit
428 1408 601 1468 interiectio
624 1404 761 1468 dolentis.
806 1404 929 1478 Quando
950 1402 1183 1475 subiunctiuum,
1208 1413 1346 1486 utputa:

653 1492 804 1552 Setisue
824 1499 946 1553 tectus
968 1490 1122 1570 hispida
1146 1497 1182 1550 et
1204 1489 1397 1568 lanugine,

350 1579 411 1637 erit
433 1579 613 1640 coniunctio.
660 1576 736 1636 ‘Vei’
760 1595 879 1656 semper
901 1577 1071 1636 coniunctio
1093 1583 1147 1636 est
1191 1575 1364 1646 Quomodo?

652 1661 748 1723 Situ
772 1657 1420 1738 n'onuadisiiluouelegouadam.

348 1746 416 1807 ‘Ne'
440 1764 559 1826 semper
581 1749 752 1808 coniunctio
774 1756 819 1806 est
841 1765 878 1806 an
902 1747 979 1807 noni
1022 1745 1173 1807 interdum
1201 1749 1390 1826 coniunctio,
1419 1744 1570 1808 interdum
1589 1746 1625 1806 ad·

348 1830 487 1892 uerbium
516 1841 571 1893 est.
616 1831 788 1904 Quomodo?
832 1832 956 1903 Quando
992 1831 1225 1911 praepositiuum
1258 1831 1363 1901 suerit,
1398 1839 1431 1892 ut
1463 1841 1546 1911 puta:
1579 1833 1625 1890 ‘ue

347 1917 468 1979 iacias
491 1935 599 1978 omne
615 1935 643 1977 m
653 1918 780 1987 aium’,
805 1921 863 1978 erit
877 1915 1054 1978 aduerbium
1070 1915 1266 1994 prohibentis,
1282 1916 1402 1996 quando
1417 1915 1627 1978 subiunctiuun

347 2001 447 2072 inerit,
471 2009 608 2081 utputa:

498 2086 668 2148 Tantane
691 2105 756 2148 uos
779 2091 904 2148 tenuit
925 2089 1085 2165 generis
1107 2086 1252 2148 iidueia
1275 2087 1417 2148 uestri?

347 2178 377 2230 et
404 2174 527 2234 iterum:
559 2173 738 2234 ‘Putasne
762 2172 853 2234 bene
876 2173 1061 2234 irasceris
1085 2190 1199 2253 super
1221 2171 1396 2233 hederam
1419 2173 1561 2233 istami’
1582 2175 1630 2232 erit

347 2257 529 2318 coniunctio.
1638 2261 1667 2338 ἰ

411 2426 558 2507 ‘Quoque'
582 2429 699 2508 quando
722 2447 832 2490 nomen
854 2430 1046 2491 subsecutum
1069 2429 1173 2498 suerit
1196 2437 1320 2509 utputa
1343 2429 1372 2488 ‘a
1395 2447 1541 2509 quoque
1563 2446 1629 2489 mu·
1668 2419 1669 2482 i

346 2513 478 2574 liorem
502 2514 652 2583 tulisti'‚
683 2517 739 2575 erit
766 2532 947 2595 pronomem
978 2514 1094 2594 quando
1122 2512 1249 2575 uerbum
1274 2516 1445 2594 imperatiui
1470 2513 1548 2575 modi
1569 2489 1670 2574 sub·
1670 2559 1671 2622 p

346 2605 481 2660 secutum
504 2599 610 2668 fuerit,
634 2607 667 2660 ιιι
690 2609 772 2677 puta:
1671 2630 1672 2689 p

497 2683 548 2744 Tu
571 2703 718 2764 quoque
741 2686 798 2745 iae
821 2683 963 2746 simile:
987 2687 1041 2746 sie
1063 2701 1122 2746 ara
1145 2682 1343 2745 deluditur
1365 2693 1448 2746 arte

345 2820 572 2828 ———m——----

399 2901 408 2935 i
477 2901 494 2935 D

347 2901 395 2936 m
410 2901 609 3016 mlavlpptza'im
623 2977 654 3032 p.
672 2961 746 3019 103:
770 2963 823 3016 Αιιι
846 2970 887 3016 est
909 2961 1076 3031 coniunctio,
1100 2971 1142 3017 est
1164 2960 1337 3017 aduerhium:
1360 2961 1469 3034 quando
1489 2977 1629 3036 pronomen

346 3044 431 3100 iuerit
459 3045 626 3118 posidonio,
655 3056 685 3101 ιιι
713 3055 778 3120 puta
803 3047 916 3104 'coruus
940 3046 1009 3102 haud
1033 3046 1128 3120 procul
1152 3047 1298 3117 residens’‚
1325 3046 1396 3102 idest
1419 3062 1473 3102 nou
1495 3046 1572 3120 longe
1592 3075 1630 3086 -

346 3128 527 3185 scribendum.
564 3130 601 3186 Ve
617 3140 658 3186 est
674 3131 847 3203 coniunctio,
869 3139 912 3187 est
934 3140 961 3186 et
982 3133 1165 3205 praepositio:
1189 3131 1297 3205 quando
1320 3130 1404 3186 inerit
1426 3133 1629 3205 praepositiuum

346 3222 374 3270 et
395 3215 579 3272 commotione
602 3216 682 3271 animi
705 3215 822 3288 dietum,
849 3224 982 3289 utputa:
1011 3217 1073 3272 ‘uae
1095 3216 1160 3272 mihi
1183 3224 1270 3272 mater
1291 3215 1374 3288 mea’,
1402 3217 1454 3273 erit
1486 3217 1628 3272 interiectio

346 3297 479 3355 dolentis:
504 3299 611 3373 quando
634 3300 718 3356 iuerit
741 3300 957 3372 subiunctiuum‚
980 3309 1011 3356 ut
1033 3311 1112 3376 puta:
1136 3303 1251 3358 ‘setisoe
1274 3309 1363 3357 tectus
1386 3301 1492 3375 hispida
1511 3309 1540 3357 et
1558 3300 1629 3356 ianu-

346 3381 421 3456 gine'
445 3383 499 3440 erit
520 3385 685 3442 coniunctio.
724 3385 769 3441 Vol
793 3402 900 3460 semper
921 3387 1077 3443 coniunctio
1101 3383 1169 3443 est.'
1189 3385 1227 3442 Ne
1249 3385 1385 3442 interdum
1408 3388 1560 3444 coniunctio
1578 3393 1626 3453 est,

345 3469 481 3526 interdum
505 3470 671 3527 aduerbium.
709 3469 820 3537 Quando
844 3472 1060 3545 praepositiuum
1079 3501 1115 3512 -
1132 3470 1226 3529 iidueia
1251 3470 1355 3527 nostrii
1392 3469 1450 3527 Erit
1472 3471 1625 3528 coniunctio.

349 3551 414 3611 ‘Nee
444 3555 543 3629 neque'
573 3571 681 3628 semper
707 3557 914 3613 coniunctiones
943 3565 1015 3612 suot.
1059 3554 1149 3622 Quare
1175 3555 1372 3612 disiunctione?
1415 3555 1483 3625 Quia
1511 3571 1586 3612 unum
1611 3569 1626 3607 e

346 3638 454 3696 duobos
476 3639 578 3713 aliquid
600 3657 681 3714 agere
704 3641 862 3698 ostendunt.
907 3637 983 3696 ‘dut'
1008 3641 1164 3716 quomodo?
1208 3641 1274 3697 ‘Aut
1296 3657 1348 3714 ego
1371 3649 1418 3696 aut
1439 3651 1469 3698 tu
1492 3657 1578 3698 eamne
1597 3638 1624 3693 ad

346 3724 457 3781 iorum’
495 3723 555 3780 ‘Ve'
580 3725 733 3799 quomodo?
770 3725 891 3783 ‘seusun
915 3734 1003 3782 tectos
1026 3727 1130 3800 hispida
1154 3736 1183 3783 et
1204 3723 1356 3798 lanugine)
1393 3722 1467 3783 ‘Vel’
1484 3721 1625 3801 quomodo?

346 3808 399 3866 ‘Tu
423 3809 522 3867 sinon
546 3811 621 3866 uadis
644 3808 719 3882 illuc,
741 3810 784 3868 uei
807 3829 859 3884 ego
883 3809 999 3868 undam?
1045 3811 1106 3868 ‘Ne’
1130 3811 1284 3887 quomodo?
1329 3809 1460 3868 ‘Putasne
1482 3811 1549 3868 hene
1568 3813 1623 3866 iras-

346 3895 417 3951 ceris
441 3912 524 3969 super
546 3893 701 3951 hederami’

410 3978 449 4036 21
472 3978 606 4036 Iulianus
626 3997 655 4052 p.
685 3985 755 4036 loa.-
783 3979 898 4056 Quoque
926 3982 1034 4056 quaudo
1063 3999 1161 4039 nomen
1191 3981 1367 4038 subsecutum
1389 3981 1491 4054 suerit,
1522 3989 1622 4055 utputa

347 4067 373 4122 ‘a
396 4081 507 4140 quoque
530 4064 670 4122 mulierem
695 4063 795 4124 tulisti'
818 4069 870 4123 erit
893 4083 1059 4141 pronomem
1085 4069 1193 4141 quando
1217 4067 1341 4136 uerbum,
1364 4075 1484 4141 utputa
1507 4065 1547 4124 ‘tu
1568 4083 1623 4142 quo·

346 4167 399 4226 que
421 4150 463 4208 iae
485 4149 622 4208 similiter'
645 4153 697 4207 erit
719 4153 883 4209 coniunctio.
928 4152 1014 4209 Porro
1037 4159 1079 4209 est
1101 4170 1216 4223 nomen3
1248 4153 1355 4226 quando
1378 4169 1429 4227 pro
1451 4152 1534 4227 longo
1554 4149 1623 4208 suerit

345 4236 476 4311 positum,
499 4244 529 4292 ιιι
551 4245 617 4311 puta
641 4234 736 4311 ‘porro
760 4236 830 4293 ultra
855 4246 880 4293 te
903 4246 945 4294 est
966 4239 1089 4311 sagitta',
1112 4240 1164 4294 erit
1186 4237 1343 4295 aduerbium
1367 4237 1435 4302 ioei;
1458 4237 1563 4312 quando
1582 4251 1623 4310 pro

346 4331 435 4378 autem
463 4329 511 4378 aut
539 4330 627 4379 tamen
651 4323 772 4397 positum
794 4321 892 4394 fuerit,
921 4332 952 4379 ut
974 4331 1053 4397 pota:
1082 4319 1177 4397 ‘porro
1202 4333 1231 4380 ιιι
1255 4323 1372 4380 animum
1396 4330 1470 4379 tuam
1494 4317 1623 4392 liberasti,

346 4407 399 4464 erit
421 4409 587 4464 coniunctio.

346 4657 458 4694 conrora
477 4657 633 4694 ananensis
652 4644 701 4695 20⁷
720 4657 865 4696 venturas.

415 4729 550 4791 lquando
569 4743 708 4794 pronomen
791 4733 820 4779 11
841 4725 953 4794 Satisne]
974 4728 1283 4783 Prudeniiicotla.163
1362 4729 1535 4799 rodanone]
1557 4729 1624 4794 Vero

346 4794 412 4845 Aen.
433 4796 519 4912 Ipdd
589 4799 620 4846 19
638 4795 759 4862 partesue]
779 4813 818 4851 ne.
841 4799 881 4848 De
899 4799 1018 4849 hocloco
1036 4799 1071 4861 os.
1089 4815 1170 4863 supra
1186 4817 1213 4864 p.
1228 4799 1371 4850 ccxxv]
1387 4804 1420 4850 17
1490 4805 1623 4862 eloquo-

346 4877 410 4926 quae
428 4878 533 4912 morere
