3394 5448
558 357 608 410 DE
627 357 811 410 sutanum
829 358 935 410 titum

330 545 550 624 Expliciuut
572 545 754 626 capitula.
799 546 938 627 Incipit
959 545 1159 627 praelatio.

319 665 458 745 Corporis
481 671 525 726 est
547 666 678 744 species,
702 666 818 743 species
840 673 886 728 est
907 663 1000 726 altera
1021 683 1137 726 rerum:

361 749 419 811 lsta
440 767 524 810 suam
547 749 673 810 lormam
696 750 841 820 continet,
867 748 917 810 illa
939 768 1032 812 suam.

318 834 482 916 Conspicua
506 843 552 894 εει
574 837 653 900 uisu,
678 833 815 895 manibus
836 834 993 914 palpabilis
1014 835 1079 898 illa:

361 919 489 1000 Excepta
514 922 624 980 nostris
646 919 759 980 nisibus
781 921 836 979 ista
859 929 958 981 manet

318 1003 450 1066 Nominis
472 1004 522 1064 bic
545 1006 661 1086 specics
683 1003 807 1084 pulcbre
829 1004 1018 1084 distinguitur
1040 1009 1153 1076 omnis,

360 1089 442 1162 Quae
464 1087 605 1170 bipertito
626 1091 744 1168 gurgite
766 1097 826 1150 tnta
849 1099 958 1151 manat.

317 1173 443 1236 Nomina
466 1174 630 1252 grandaeui
652 1175 853 1253 complectens
875 1177 975 1237 omnia
997 1177 1098 1238 muudi

360 1258 483 1320 Scilicet
504 1261 635 1321 aetherei
657 1258 753 1320 lucida
775 1260 864 1340 pinna
886 1259 962 1341 poli,

318 1343 387 1405 Post
410 1343 526 1406 telluris
547 1362 642 1423 aquae
665 1347 817 1422 coniungit
838 1351 875 1408 ει
890 1347 989 1407 omnia
1012 1364 1112 1408 rerum

246 1435 247 1440 ’
360 1429 472 1491 [liuidit
494 1433 524 1491 in
546 1431 657 1492 lormas
680 1431 798 1491 nomina
820 1432 886 1493 iure
908 1431 991 1493 duas.

317 1514 462 1576 Omnibus
483 1523 597 1595 aptatas
619 1514 724 1576 tribuit
746 1515 887 1577 discretio
910 1517 1036 1584 lormas,

359 1601 395 1660 Vt
416 1609 538 1662 teneant
560 1609 665 1662 cuncta
688 1601 807 1662 nomina
829 1603 895 1662 iura
918 1620 981 1662 sua.

318 1684 354 1747 Et
374 1685 488 1746 calamo
511 1694 610 1747 rectos
633 1687 739 1765 satagit
761 1684 943 1763 distinguere
965 1685 1055 1749 calles

361 1770 418 1832 l’cr
439 1788 514 1850 quos
535 1768 724 1852 doctiloquus
746 1789 869 1833 currere
891 1773 984 1852 possit
1005 1771 1104 1834 bomo.

318 1855 460 1918 Concedit
481 1857 610 1936 propriis
632 1857 802 1937 proprium.
826 1855 962 1918 concedit
983 1866 1013 1918 ει
1034 1855 1093 1918 ilbs

358 1939 551 2020 Appellatiuis
573 1959 681 2004 nomen
704 1939 815 2003 babere
838 1960 932 2003 suum.

153 2125 323 2207 Explicit
350 2127 548 2207 praelatio.
594 2129 732 2208 lncipit
759 2127 800 2188 de
823 2128 1006 2208 qualitate
1029 2137 1204 2192 tractare.
1251 2129 1322 2192 Cur

548 2230 698 2292 dicatur
721 2228 887 2310 qualitas
910 2231 930 2290 l.

57 2362 79 2402 ιι
180 2346 313 2422 Qualitas
334 2349 449 2420 dicitur,
473 2343 540 2428 quia
563 2352 693 2428 propriis
716 2348 885 2410 nominibus
908 2352 1057 2430 propriam
1080 2359 1111 2412 et
1125 2351 1310 2431 appellatiuis
1333 2371 1384 2433 ap-

92 2433 262 2512 pellatiuam
284 2433 391 2495 tribuit
417 2434 603 2515 qualitatem,
637 2453 713 2516 quae
742 2436 772 2494 in
800 2435 955 2514 proprium
984 2453 1093 2496 nomen
1121 2445 1151 2496 et
1172 2435 1382 2517 appellatiuum

92 2519 296 2599 principaliter
318 2522 509 2598 cognoscitur
532 2538 595 2582 csse
618 2520 725 2582 diuisa.

242 2707 289 2768 lic
311 2708 454 2788 proprii
477 2715 513 2768 et
535 2689 761 2786 ap'pcllatiui
791 2708 951 2769 nominis
973 2707 1166 2770 diuisione¹
1190 2708 1230 2769 ll.

175 2825 294 2904 Proprii
317 2833 347 2886 et
368 2823 538 2905 appellatiui
561 2827 689 2888 nominis
712 2827 784 2888 baec
807 2835 852 2889 εει
874 2829 967 2906 prima
992 2844 1122 2907 ueraque
1145 2825 1262 2888 diuisio.
1306 2827 1379 2890 Pro·

54 2912 187 2990 aprluna
215 2929 324 2972 nomen
352 2920 399 2972 est
426 2911 583 2994 ‘Creator',
615 2911 693 2992 quod
724 2913 773 2974 uui
802 2921 914 2974 tautum
936 2911 1059 2998 ‚solique
1082 2913 1229 2974 ueraciter
1251 2913 1381 2991 pertinet

89 2995 232 3066 beatori,
256 2998 324 3076 quia
347 2997 423 3076 ‘ipsc
444 2995 531 3057 dixit:
561 3005 591 3057 et
617 2997 692 3060 lacta
715 3005 800 3068 suut;
828 2999 892 3078 ipse
916 2997 1080 3059 mandauit:
1109 3006 1138 3057 et
1165 3005 1264 3059 creata
1287 3001 1380 3058 sunt'.

89 3079 307 3160 Appellatiuum
331 3099 404 3143 uero
433 3099 541 3143 nomen
571 3089 617 3143 est
638 3085 808 3153 ‘creatura',
831 3083 909 3163 quod
940 3079 1079 3146 omnibus
1107 3083 1287 3162 generaliter
1308 3101 1381 3144 cou-

90 3167 163 3245 petit
184 3168 340 3238 creaturis,
362 3168 430 3244 quia
453 3169 553 3228 omnia
575 3167 605 3227 iu
627 3167 758 3247 pondere
781 3177 811 3228 et
833 3187 959 3230 numero
982 3176 1011 3230 et
1033 3186 1170 3229 mensura
1186 3168 1381 3230 dlnoscuutur

90 3269 154 3312 esse
177 3259 285 3312 creata.
332 3251 363 3313 ln
387 3252 434 3314 bis
456 3251 572 3313 duobus
594 3252 763 3314 nominibus
786 3263 815 3314 et
838 3254 925 3314 unius
947 3254 1099 3315 creatoris
1127 3261 1156 3313 et
1179 3255 1270 3314 totius
1292 3271 1381 3331 genc-

55 3335 190 3396 ³⁰raliter
212 3336 336 3416 qualitas
358 3335 613 3416 conprehenditur
635 3345 798 3398 creaturae.

247 3523 294 3584 lic
322 3531 481 3604 quatuor
509 3523 779 3605 principalium
808 3523 1000 3587 diuisione
1028 3527 1221 3587 nominum

523 3625 854 3708 appellatiuorum.
884 3626 945 3692 lll.

170 3735 204 3805 ln
233 3745 380 3806 creaturis
408 3754 505 3806 autem
529 3754 656 3826 quatuor
683 3745 864 3827 principales
891 3747 1086 3809 inueniuntur
1115 3764 1179 3808 csse
1207 3747 1378 3818 diuisiones,

91 3828 255 3910 exquibus
278 3827 458 3910 multiplices
481 3830 670 3911 postmodum
698 3831 876 3893 diuisionum
904 3833 1019 3911 species
1047 3842 1238 3911 generantur.
1284 3833 1381 3895 Prima

58 3917 242 3975 oraminum
270 3913 378 3975 diuisio
406 3924 450 3975 εει
478 3915 678 3997 corporalium
707 3926 736 3978 et
764 3917 994 3996 incorporalium
1021 3936 1137 3988 rerum,
1167 3918 1295 3980 secunda
1318 3919 1380 3981 ani·

91 3997 206 4059 melium
230 4007 260 4059 et
281 3999 495 4069 inanimalium,
519 4003 605 4062 tortia
624 4003 814 4082 propriorum
833 4012 863 4063 ot
885 4002 1140 4083 appellatiuorum,
1164 4011 1267 4083 quarta
1290 4021 1380 4082 gene·

91 4081 193 4145 talium
217 4093 247 4144 et
269 4083 451 4164 specialium.
498 4085 530 4146 ln
554 4085 598 4147 bis
620 4097 749 4166 quatuor
771 4087 965 4148 diuisionibus
980 4089 1109 4149 omnium
1133 4086 1379 4168 appellatiuorum

92 4170 240 4230 nominum
264 4169 391 4250 qualitas
413 4171 589 4233 continetur.
634 4171 708 4233 Nam
732 4171 769 4232 de
791 4174 855 4234 istis
877 4174 1027 4253 primitiua
1051 4182 1081 4235 et
1102 4173 1270 4240 diriuatiua,
1294 4173 1379 4233 dimi-

92 4255 189 4317 uutiua
212 4263 243 4316 et
265 4257 348 4332 quasi
372 4255 548 4317 diminutiua
571 4265 626 4319 etc.
652 4291 690 4302 —
716 4257 888 4338 temporaba
904 4266 934 4319 ει
948 4257 1053 4321 localia
1069 4266 1233 4320 nascuntur
1248 4259 1376 4319 uomina.

58 4339 173 4401 ⁴⁰Prius
195 4339 232 4401 de
254 4341 317 4401 istis
339 4348 467 4418 quatuor
488 4341 667 4404 diuisionum
689 4343 907 4422 speciebus...

171 4461 240 4522 Fol.
261 4461 282 4521 I
289 4461 332 4522 V‘
359 4467 510 4523 tractatus
537 4463 575 4522 de
601 4461 786 4540 homonymis
812 4471 841 4523 et
862 4466 1032 4540 synonymis
1054 4464 1135 4540 (IX)
1157 4461 1280 4526 matilas
1300 4465 1382 4526 brace

93 4565 186 4624 nuos
200 4561 325 4641 pergit:
353 4577 356 4589 '

155 4757 177 4834 6γ
188 4782 277 4850 pulcre
344 4785 427 4849 tque
479 4797 564 4852 tappet
582 4748 667 4838 uranei
733 4788 892 4854 ngndeui
943 4787 1071 4838 betherei
1142 4790 1173 4838 12
1191 4796 1294 4854 aptatus
1348 4788 1379 4838 15

93 4849 228 4904 doctilocus
296 4855 329 4904 29
346 4854 396 4904 hiis
465 4857 498 4905 tt
516 4857 690 4907 inanimalium
718 4873 810 4922 pertun.
829 4857 914 4907 Tertiu
981 4857 1014 4908 37
1033 4855 1083 4906 hiis

116 4941 206 4986 dun.
221 4955 275 4988 aar.
288 4943 370 4988 suern
1161 4957 1178 5008 q
