3394 5448
315 343 379 410 220
725 344 960 397 OOMMENTVM
979 345 1223 398 Etusmnnusn

317 537 338 597 Α
363 535 439 616 quo?
462 534 577 614 plectro
599 533 733 612 linguae,
757 533 835 596 idest
856 533 1055 596 reuolutione.
1100 533 1172 596 Vbii
1201 535 1231 595 in
1254 536 1383 610 arteriis,
1406 533 1481 596 idest
1499 536 1528 596 in
1546 537 1591 598 uiis

316 639 449 717 spiritus.
496 637 628 697 Arteriae
657 643 755 697 autern
785 643 853 696 suut
875 655 910 697 os
932 638 1168 716 compaginatum
1191 654 1206 696 a
1230 645 1351 715 gutture
1377 654 1469 716 usque
1490 637 1523 697 ad
1542 656 1588 698 cor.

315 740 352 800 Er
375 739 484 800 dieitur
507 756 565 798 uox
589 758 605 799 a
627 737 772 810 uocando,
797 738 844 800 uel
867 738 1013 800 aGracco
1036 731 1103 799 ἀπὸ
1125 735 1188 798 τοῦ
1208 736 1289 817 βοῶ,
1313 737 1332 800 b
1355 741 1386 799 in
1410 756 1428 800 u
1451 745 1551 800 nuum
1569 749 1590 800 et

316 841 415 904 addita
438 860 465 910 x,
490 840 635 901 lormatur
657 859 726 902 nor.
771 839 876 902 Omnis
898 841 1013 902 sonitus
1035 839 1215 918 generaliter
1229 858 1286 902 uox
1303 840 1421 912 dicitur,
1445 840 1591 920 specialiter

315 953 414 1005 tamen
438 943 591 1004 hominum
616 944 680 1004 siue
704 941 887 1004 animalium.
932 943 990 1003 Aer
1018 942 1115 1003 dictus
1143 951 1188 1003 est
1216 935 1282 1004 dod
1304 943 1367 1004 rod
1388 935 1512 1022 ἀείρειν
1530 943 1607 1004 idests

315 1045 492 1115 alerendo,
509 1063 558 1120 ¹eo
587 1045 665 1124 quod
693 1055 804 1106 terram
834 1046 911 1107 ierat
933 1053 962 1105 et
984 1045 1096 1105 seratur
1119 1043 1155 1105 ab
1183 1042 1243 1106 illa.
1289 1044 1324 1105 Et
1353 1052 1400 1106 est
1428 1063 1478 1106 aer
1505 1053 1591 1107 uentus

314 1148 437 1228 spiritus
459 1145 507 1208 uel
530 1145 616 1208 ilatus
639 1146 775 1209 modicus
795 1148 957 1227 plurimum
973 1144 1087 1207 habens
1103 1147 1241 1207 raritatis.
1279 1146 1321 1208 lle
1336 1166 1395 1227 qno
1412 1147 1590 1226 Virgilius:

670 1265 834 1345 Longum
857 1283 923 1344 per
946 1267 1057 1327 inane
1079 1273 1240 1327 secutus.

314 1403 475 1465 Sciendum
498 1411 544 1463 est
565 1404 633 1482 quia
657 1405 712 1464 istc
736 1421 796 1473 aer,
820 1404 871 1480 qui
893 1404 972 1462 inter
994 1409 1105 1462 terram
1129 1409 1174 1462 est
1189 1409 1219 1461 et
1234 1419 1353 1462 cursum
1371 1398 1517 1472 lunarem,
1539 1422 1591 1464 cor·
1662 1404 1663 1488 l

313 1506 454 1585 pulentus
483 1513 512 1565 et
540 1506 655 1585 spissus
682 1503 856 1584 appellatur.
903 1504 1068 1584 Aliquando
1097 1505 1176 1564 enirn
1205 1505 1390 1583 corporascit
1411 1505 1442 1564 in
1464 1502 1552 1565 nubes
1570 1513 1618 1564 eru
1662 1493 1663 1530 ³

313 1608 469 1688 aliquando
492 1606 673 1668 dissoluitur.
718 1605 795 1684 Ergo
818 1607 872 1667 ista
896 1623 964 1686 pars
992 1615 1090 1666 terrae
1119 1605 1285 1685 deputatur,
1309 1607 1377 1686 quia
1394 1608 1426 1667 iu
1442 1606 1537 1668 multis
1556 1609 1592 1666 sui

314 1711 325 1777 ἶ·
346 1707 407 1771 140
423 1709 434 1792 ff'
459 1708 594 1789 partibus
617 1708 721 1770 similis
743 1715 789 1768 est
809 1709 860 1770 illi.
906 1708 957 1768 llle
981 1726 1064 1778 uero,
1088 1709 1139 1788 qui
1162 1709 1300 1788 superior
1323 1714 1377 1778 est,
1402 1709 1432 1770 in
1455 1727 1511 1788 quo
1532 1726 1591 1768 uen-

313 1812 368 1872 tosi
391 1831 425 1871 ac
447 1810 605 1890 procellosi
629 1818 728 1871 motus
751 1817 905 1887 nequeunt
927 1811 1066 1879 existere,
1096 1809 1133 1870 ad
1161 1810 1320 1870 caelestem
1342 1812 1474 1890 pertinet
1494 1817 1591 1891 partem

313 1921 343 1975 et
365 1913 474 1973 dicitur
496 1912 607 1983 aether,
632 1913 707 1973 idest
730 1930 820 1992 purus
842 1913 971 1990 spiritus.
1016 1913 1073 1973 Aer
1096 1929 1179 1982 uero,
1196 1913 1309 1992 spissus
1324 1913 1458 1991 spiritus,
1481 1929 1534 1992 quo
1548 1913 1591 1972 iste

313 2013 442 2076 muudus
470 2013 575 2094 plenus
604 2022 662 2086 est,
692 2030 781 2091 quem
810 2012 954 2075 trahimus
983 2021 1013 2074 et
1041 2015 1212 2075 emittimus.
1258 2012 1328 2074 'l'ria
1357 2021 1456 2074 autern
1482 2032 1592 2094 corpora
1603 2028 1619 2066 ¹⁵

313 2125 436 2179 naturae
460 2116 589 2178 mirabili
611 2135 701 2196 opere
724 2117 848 2176 formata
872 2115 909 2176 de
932 2118 1018 2194 ignea
1042 2126 1146 2178 natura
1169 2123 1341 2184 nascuntur,
1365 2115 1443 2177 idest
1461 2116 1510 2177 lux
1524 2113 1593 2176 calor

313 2227 343 2280 et
364 2237 432 2280 uox.
477 2217 540 2279 Lux
562 2217 703 2278 uidelicet
724 2218 760 2279 ad
783 2216 898 2287 oculos,
928 2217 1008 2278 calor
1030 2216 1065 2278 ad
1089 2225 1215 2288 tactum,
1244 2236 1303 2278 uox
1331 2218 1368 2278 ad
1390 2217 1527 2279 auditum.
1566 2217 1593 2277 ln
1663 2251 1664 2276 t

312 2321 369 2382 hoc
392 2321 479 2382 etiarn
503 2320 687 2398 intelligitur,
717 2319 796 2399 quod
827 2338 883 2380 uox
907 2337 1015 2399 corpus
1038 2327 1083 2380 est
1109 2319 1146 2381 de
1174 2337 1302 2399 corpore
1328 2321 1500 2389 formatum,
1526 2318 1594 2380 idest

313 2423 503 2484 tenuissimus
525 2440 576 2484 aer
598 2422 635 2483 de
659 2423 831 2482 tenuissimo
854 2438 923 2481 aere
945 2423 1032 2500 ignis.
1071 2421 1129 2484 Sed
1153 2423 1240 2483 etiam
1264 2419 1313 2484 lux
1337 2440 1448 2502 corpus
1463 2429 1505 2482 est
1521 2422 1594 2502 quasi

312 2523 391 2585 aliud
420 2542 529 2603 corpus
557 2525 763 2585 tenuissimum
787 2523 823 2585 de
847 2522 949 2584 eadcrn
976 2524 1054 2602 ignis
1082 2531 1195 2585 natura.
1241 2521 1326 2584 Calor
1356 2541 1475 2602 quoque
1501 2521 1621 2583 eudemo

312 2625 400 2687 ruodo
423 2628 506 2706 quasi
530 2625 609 2689 aliud
634 2644 743 2706 corpus
765 2625 1000 2687 subtilissimum.
1046 2621 1129 2686 llulti
1146 2633 1243 2686 tamen
1259 2624 1502 2706 philosophorum
1524 2625 1593 2686 ailir·

312 2736 407 2798 mant,
440 2727 514 2789 haec
544 2731 601 2790 tria
630 2746 689 2788 rron
719 2746 784 2790 esse
816 2745 957 2807 corpora,
991 2726 1043 2788 sed
1078 2727 1219 2805 quasdam
1252 2745 1414 2807 corporum
1442 2727 1594 2806 qualitates.

311 2829 420 2890 ictus.
467 2829 515 2891 lco
538 2833 594 2891 icis
616 2831 805 2910 participium
829 2831 900 2890 iacit
921 2830 1012 2899 ictus,
1036 2831 1096 2890 icio
1116 2837 1216 2891 autern
1233 2831 1354 2900 ‘initus’,
1379 2837 1408 2892 et
1422 2827 1499 2891 idem
1514 2829 1594 2907 sigui·

310 2933 413 3002 licant,
448 2931 525 2993 idest
556 2933 630 2993 ierio
665 2933 811 3011 percutio.
864 2930 937 2991 lude
972 2931 1081 2992 dicitur
1114 2949 1165 2992 aer
1200 2933 1291 3003 ictus,
1326 2931 1403 2994 idest
1436 2947 1593 3011 percussus.

310 3033 427 3095 Etenim
452 3053 508 3095 uox
532 3035 596 3094 sine
618 3036 677 3094 ictu
702 3035 764 3094 lieri
787 3051 846 3094 non
869 3039 976 3114 potest.
1014 3033 1111 3094 Motus
1133 3033 1221 3112 igitur
1244 3051 1330 3095 causa
1353 3042 1400 3095 cst
1421 3035 1505 3104 ictus,
1527 3034 1622 3094 retusa

310 3144 407 3197 autern
432 3153 519 3197 causa
544 3142 588 3196 est
610 3137 700 3197 uocis.
744 3135 900 3214 Hucusque
924 3134 1057 3196 definitio
1079 3134 1271 3197 substantiae.
1315 3134 1517 3197 Sensibilis
1544 3153 1593 3194 au-

310 3237 399 3298 ditu.
440 3239 499 3297 Vox
523 3237 601 3298 euim
624 3236 726 3298 auditu
749 3237 883 3308 sentitur,
907 3238 982 3300 sieut
1004 3236 1054 3297 lux
1076 3239 1152 3300 uisu.
1198 3235 1353 3299 Sensibilis
1376 3245 1474 3299 autem
1495 3237 1594 3297 dicitnr

310 3338 451 3420 quicquid
481 3339 518 3400 alr
546 3337 643 3418 aliquo
671 3346 769 3419 potest
797 3340 900 3400 sentiri
924 3347 952 3399 et
980 3340 1051 3400 lacit
1078 3339 1128 3400 hic
1155 3348 1185 3399 et
1212 3339 1286 3401 haec
1314 3334 1465 3402 sensibilis
1491 3346 1521 3399 et
1546 3337 1594 3397 hoc

311 3441 462 3503 sensibile.
508 3440 692 3512 Quantum
727 3441 762 3501 iu
796 3443 877 3520 ipso
911 3447 978 3502 est.
1029 3439 1175 3502 Subaudis
1201 3442 1262 3502 ictu
1295 3439 1373 3502 idest
1401 3443 1592 3520 percussione.

310 3545 394 3604 ieris
423 3546 503 3604 enim
532 3544 625 3604 maior
653 3544 806 3623 percussio
836 3544 977 3603 maiorem
1005 3544 1132 3603 sonitum
1161 3542 1260 3604 reddit
1288 3544 1337 3604 uel
1365 3545 1454 3604 etiam
1475 3545 1505 3603 in
1527 3544 1622 3621 ipson

310 3646 424 3707 scilicet
446 3645 562 3716 auditu,
591 3646 656 3724 quia
685 3644 805 3725 quidam
826 3652 896 3705 sunt
918 3645 969 3724 qui
993 3646 1126 3724 sagacius
1148 3645 1275 3707 audiunt
1296 3653 1385 3727 atque
1408 3648 1516 3715 maius,
1539 3645 1593 3721 qui·

223 3767 270 3816 aar,
284 3769 296 3809 a
310 3747 378 3808 darn
402 3764 475 3807 uero
498 3748 605 3807 minus.
649 3747 876 3817 Articuleio,
901 3765 960 3808 uox
982 3747 1090 3808 dicitur
1120 3745 1165 3807 uel
1193 3746 1231 3808 ab
1254 3747 1385 3809 articulis
1407 3746 1481 3809 idest
1502 3747 1594 3827 paruis

309 3848 447 3920 artubus,
483 3848 590 3929 quibus
617 3867 714 3928 penna
743 3855 861 3909 tenetur
890 3848 935 3910 uel
964 3849 1109 3919 calamus,
1144 3849 1213 3912 dum
1232 3868 1303 3910 -rrox
1331 3847 1444 3928 formali
1462 3845 1519 3909 141
1538 3845 1594 3931 litur

309 3950 460 4019 litteralis;
490 3950 537 4013 uel
560 3949 597 4011 ab
619 3950 743 4012 artando
766 3950 884 4022 dicitur,
909 3970 944 4012 eo
967 3951 1046 4031 quod
1068 3958 1160 4012 artata
1183 3951 1260 4012 idest
1281 3952 1439 4013 coniuncta
1461 3969 1525 4012 cnm
1547 3951 1593 4010 ali·

309 4071 369 4130 quo
391 4071 479 4114 sensu
503 4050 581 4114 illius
603 4055 654 4133 qui
677 4052 810 4134 loquitur
831 4054 999 4132 profertum
1023 4072 1075 4115 eeu
1099 4055 1197 4134 potius
1213 4052 1250 4115 ab
1266 4052 1390 4115 artubus
1411 4055 1486 4115 idest
1508 4065 1623 4113 mem-u

309 4153 369 4215 lrris
391 4157 466 4225 suis,
490 4153 629 4216 uidelicet
650 4151 755 4216 litteris
777 4153 897 4234 syllabis
919 4163 949 4216 et
970 4154 1121 4236 partibus,
1145 4155 1251 4233 qrribus
1274 4157 1370 4218 instar
1392 4156 1526 4237 corporis
1546 4155 1593 4214 hu·

309 4257 388 4317 mani
411 4258 574 4337 perficitur.
620 4257 710 4318 Artus
731 4266 800 4317 sunt
821 4256 954 4318 membra
978 4259 1105 4328 maiora,
1129 4257 1244 4319 articuli
1267 4276 1342 4320 uero
1358 4261 1480 4320 minora.
1514 4257 1592 4319 Gon·

308 4357 402 4428 lusa,
425 4357 503 4421 idest
517 4358 699 4429 diordinata,
723 4359 851 4440 eoquod
875 4358 988 4422 nullum
1012 4358 1101 4422 habet
1123 4359 1273 4431 ordinem,
1297 4361 1403 4430 mixta,
1429 4362 1490 4422 sine
1512 4375 1593 4420 sensu

307 4458 431 4540 prolata.
477 4459 536 4522 llas
565 4460 638 4523 duas
666 4462 782 4541 species
807 4463 906 4533 uocis,
935 4461 1122 4526 articulatam
1150 4461 1263 4524 scilicet
1286 4469 1316 4523 et
1338 4462 1504 4530 conlusarn,
1527 4479 1591 4542 quas

393 4649 535 4656 —-.---.-

374 4767 390 4816 2
409 4767 630 4832 compaginatum,
648 4782 780 4831 suprascr.
801 4769 825 4816 ·i·
843 4769 1007 4820 coniunctum
1080 4773 1096 4821 3
1114 4785 1129 4820 a
1147 4783 1224 4836 greco
1239 4782 1291 4834 apo
1309 4778 1337 4818 tn
1354 4769 1404 4818 boo
1486 4769 1591 4834 liupota

307 4832 377 4881 aerin
447 4832 618 4900 'lVirgiliusl
637 4835 702 4887 Aen.
721 4835 784 4887 XII
802 4839 855 4888 354
924 4839 957 4889 14
974 4837 1045 4888 etlrer
1113 4839 1145 4889 et
1164 4835 1354 4904 philosoinrum
