3400 5450
553 348 554 351 ‘
641 363 854 419 sermnem.
1095 321 1101 328 ’
1353 369 1395 433 63

93 545 268 610 uerbium
299 568 317 609 a
350 548 466 611 uerbo
499 552 694 628 segregari
726 570 796 613 non
827 560 960 632 potest.
1011 554 1068 615 Sed
1098 564 1196 617 tamen
1226 557 1395 620 isidorus

92 648 182 710 dicit:
220 648 446 714 Aduerbium
477 650 520 712 de
543 653 691 714 nomine
714 655 898 724 nascitur,
928 655 1120 718 utdoctus
1143 657 1258 719 docte.
1305 659 1393 720 item:

90 752 342 830 participium
370 753 412 814 de
440 754 587 814 nomine
616 762 652 815 et
674 754 790 816 uerbo
813 759 982 818 nascitur
1004 764 1042 818 ut
1063 757 1148 836 lego
1176 757 1313 838 legens.
1359 761 1395 822 lit
1466 768 1470 776 '

90 863 253 933 propterea
277 853 387 915 dietum
411 853 457 915 'est
476 856 681 935 participium,
705 863 737 917 ut
759 857 923 918 Donatus
944 860 999 928 ait,
1023 861 1106 939 quasi
1127 861 1322 941 particapium
1346 882 1392 933 eo,

63 954 191 1032 equod
221 964 363 1033 partem
392 957 552 1018 nominis
579 959 704 1038 capiat
729 965 949 1038 partemque
977 958 1101 1021 uerbi:
1130 963 1267 1042 recipit
1297 966 1391 1024 enim

89 1058 275 1118 anomine
297 1075 436 1136 genera
459 1067 493 1118 et
516 1076 639 1128 casus,
656 1077 671 1118 a
689 1058 803 1120 uerbo
827 1067 992 1140 tempora
1015 1074 1049 1123 et
1070 1063 1392 1140 significationes,

89 1157 136 1218 ab
164 1166 327 1239 utroque
356 1176 549 1220 numerum
578 1168 614 1221 et
641 1159 811 1240 figuram.
856 1162 1032 1224 Coniunctio
1062 1182 1135 1225 uero
1158 1171 1188 1224 et
1209 1169 1391 1245 praepositio

87 1257 141 1318 uel
157 1259 326 1321 interiectio
347 1262 379 1320 in
402 1268 571 1322 contextum
586 1263 709 1323 istarum
730 1262 841 1325 eadunt
855 1271 886 1324 et
899 1263 967 1324 ideo
989 1264 1138 1335 nonnulli,
1162 1267 1239 1328 idest
1260 1267 1391 1339 Stoici,

86 1362 223 1441 quinque
256 1370 358 1443 partes
386 1364 528 1423 orationis
555 1362 748 1439 definierunt,
782 1367 851 1445 quia
883 1367 957 1426 istae
986 1367 1154 1446 superfluae
1187 1376 1265 1430 sunt.
1309 1369 1392 1430 Vnde

49 1462 277 1540 rovirgilius
300 1463 397 1524 blaro
420 1463 510 1524 dixit:
540 1466 657 1544 Atque
679 1466 730 1525 ita
753 1474 834 1528 erat
856 1475 894 1528 ut
915 1484 982 1548 pro
1006 1477 1089 1529 octo
1112 1469 1282 1547 partibus
1305 1490 1389 1532 ora·

86 1567 208 1626 tionis
235 1566 400 1646 quinque
427 1573 677 1626 numerarent.
723 1566 782 1628 llas
810 1576 909 1630 autern
938 1577 1005 1630 octo
1028 1577 1129 1649 partes
1151 1573 1293 1633 orationis
1316 1589 1389 1649 qrro·

86 1665 180 1727 modo
202 1667 309 1728 Graeci
330 1667 503 1728 nominanti
533 1666 582 1729 Sic
604 1666 722 1729 dicunt:
747 1661 854 1750 ὄνομα
875 1670 954 1732 idest
976 1689 1097 1744 nomen,
1122 1664 1291 1752 ἀντόνομα
1313 1673 1390 1734 idest

85 1785 272 1847 pronomen,
307 1763 394 1848 ῥῆμα
416 1768 495 1829 idest
515 1767 654 1839 uerbum,
690 1765 857 1851 ἐπίρῥημα
884 1771 941 1831 boc
969 1782 1015 1832 est
1042 1771 1233 1842 aduerbium,
1266 1773 1389 1855 pizozei

85 1869 165 1931 idest
186 1871 391 1950 participium,
415 1863 548 1949 ἄρθρον
569 1869 627 1930 boe
650 1877 696 1930 est
717 1867 1086 1954 articulusodudeouog
1107 1875 1186 1935 idest
1207 1877 1385 1950 coniunctio,

51 1969 255 2053 ucpddsocr
282 1972 338 2033 boc
361 1981 405 2034 est
426 1972 617 2051 praepositio.
663 1972 769 2034 Graeci
792 1992 864 2052 ergo
887 1981 918 2035 et
938 1974 1035 2040 Latini
1057 1977 1087 2035 in
1111 1993 1235 2036 numero
1258 1979 1387 2056 partium

86 2075 236 2134 orationis
258 2075 461 2143 consentiunt,
491 2076 561 2154 quia
581 2075 701 2154 utrique
724 2085 791 2135 octo
814 2083 915 2154 partes
937 2094 1003 2137 esse
1025 2075 1177 2148 definiunt,
1201 2078 1253 2138 sed
1277 2080 1307 2138 in
1330 2096 1388 2138 una

86 2177 206 2238 ratione
235 2174 375 2237 differunt
403 2183 433 2236 et
460 2174 650 2247 dissentiunt,
685 2175 763 2255 quod
788 2167 897 2238 'Graeci
926 2177 1081 2239 articulum
1110 2186 1244 2240 octauam
1273 2188 1387 2260 partem

86 2278 234 2338 orationis
265 2275 389 2347 babent,
421 2277 516 2337 Latini
550 2285 649 2338 autem
677 2277 834 2338 articulum
862 2279 892 2338 in
922 2298 1046 2340 numero
1075 2290 1140 2341 octo
1170 2283 1298 2360 partium
1328 2300 1388 2344 non

85 2388 261 2449 numerant,
285 2379 390 2440 sedin
413 2379 589 2459 pronomine
612 2378 767 2439 articulum
785 2378 903 2441 babent.
936 2381 1008 2442 ltem
1034 2382 1127 2442 latini
1150 2385 1386 2444 interiectionem

50 2489 224 2542 oocuuam
247 2487 362 2561 partem
385 2481 528 2542 orationis
550 2494 615 2541 esse
643 2481 758 2551 dicunt,
784 2482 889 2542 Graeci
916 2500 990 2543 nero
1018 2485 1256 2545 interiectionem
1279 2487 1309 2545 in
1333 2505 1386 2546 uu·

86 2602 172 2644 mero
194 2585 324 2664 partium
348 2601 407 2644 non
429 2581 555 2652 babent,
579 2581 632 2644 sed
655 2584 685 2643 in
707 2580 851 2644 aduerbio
874 2601 938 2644 eam
960 2593 1083 2663 ponunt.
1128 2584 1201 2646 lnde
1225 2585 1388 2648 Donatus

41 2727 47 2743 .
85 2684 173 2746 dixit:
212 2685 337 2746 Latini
374 2683 576 2745 articulum
606 2701 680 2744 non
717 2685 963 2747 adnumerant
992 2703 1059 2746 nec
1096 2686 1229 2747 Graeci
1265 2689 1386 2748 inter·

85 2788 299 2848 iectionem.
337 2785 416 2858 Quot
437 2794 508 2848 sunt
530 2805 564 2846 er
588 2785 649 2855 his,
672 2802 748 2866 quae
770 2785 965 2864 declinantur,
990 2795 1020 2848 et
1042 2805 1117 2864 quae
1139 2795 1215 2858 sunt,
1235 2805 1310 2866 quae
1326 2808 1385 2850 non

87 2887 297 2949 declinantur?
341 2887 421 2949 ldest
442 2895 581 2968 quattuor
604 2886 805 2949 declinantur:
830 2906 937 2949 nomeu
960 2906 1124 2968 pronomen
1148 2888 1271 2950 uerbum
1295 2894 1385 2969 parti·

53 2991 209 3071 accipiam.
247 2988 389 3068 Reliquae
412 3007 486 3050 uero
507 2996 646 3067 quattuor
669 2998 784 3068 partes,
807 2990 884 3050 idest
906 2990 1082 3051 aduerbium
1106 2991 1277 3052 coniunctio
1299 3011 1385 3072 prae·

86 3095 196 3172 positio
225 3093 405 3164 interiectio,
434 3089 659 3152 indeclinabiles
687 3101 764 3152 sunt.
810 3090 885 3162 Quid
914 3110 987 3170 ergo
1008 3093 1135 3154 interest
1156 3094 1234 3155 inter
1256 3093 1385 3155 declina·

86 3195 198 3255 tionem
222 3193 350 3255 nominis
373 3200 402 3254 et
423 3195 608 3272 pronominis
632 3204 660 3254 et
683 3192 788 3255 uerbi?
804 3191 816 3276 ΙΙ
832 3193 882 3254 iol.
901 3190 988 3276 79⁵1}
1018 3193 1081 3255 lloe
1107 3195 1246 3256 interest:
1275 3215 1385 3256 nomen

86 3312 252 3374 pronomen
282 3296 470 3374 participium
506 3313 559 3374 per
587 3313 671 3356 casus
706 3295 884 3365 declinatur,
919 3303 953 3355 ut
985 3294 1150 3355 Donatus
1183 3296 1271 3357 dixit:
1316 3298 1383 3358 Ve-

87 3415 164 3458 rum
195 3415 239 3457 ex
268 3396 325 3456 bis
353 3395 524 3458 omnibus
550 3405 627 3458 tres
657 3405 757 3467 sunt,
793 3415 886 3477 quae
914 3415 974 3458 ser
1003 3397 1155 3458 casibus
1181 3397 1384 3459 inflectun-

54 3507 154 3568 ootur,
178 3517 314 3559 nomen
343 3515 546 3578 pronomen
575 3499 830 3579 participium.
873 3497 1003 3559 Verbum
1027 3507 1124 3560 autem
1147 3518 1202 3579 per
1224 3499 1333 3560 lormas
1356 3510 1385 3560 et

86 3601 187 3661 modos
222 3598 398 3663 declinatur.
451 3601 510 3661 Cur
537 3619 646 3661 nomen
682 3601 835 3679 praecedit
867 3607 934 3661 octo
968 3608 1068 3679 partes
1100 3601 1260 3662 orationis?
1309 3601 1383 3673 Quia

83 3706 151 3775 fieri
178 3721 241 3764 non
269 3709 379 3781 potest,
410 3707 442 3762 ul
463 3705 575 3764 sciatur
602 3701 661 3763 ulla
690 3719 752 3772 res,
782 3703 839 3762 nisi
867 3705 950 3782 prius
977 3720 1085 3764 nomen
1117 3702 1222 3772 luerit,
1252 3705 1319 3783 quia
1349 3723 1383 3765 ex

88 3807 207 3865 nomine
224 3822 279 3865 suo
295 3804 393 3865 omnis
407 3810 544 3866 ereatura
559 3806 758 3882 cognoscitur.
795 3803 868 3864 lnde
890 3803 1059 3865 isidorus
1081 3804 1167 3865 dicit:
1191 3806 1265 3865 nisi
1288 3805 1383 3867 enim

88 3913 216 3968 nornen
250 3906 401 3973 scieris,
440 3906 610 3983 cognitio
644 3924 766 3966 rerum
800 3907 915 3984 perit,
950 3908 1090 3986 quoniam
1122 3908 1241 3968 nomina
1270 3909 1382 3986 primo·

54 4018 76 4058 ³⁵
87 4010 183 4084 genita
200 4009 315 4068 suntin
332 4004 424 4068 rebus
444 4006 589 4068 omnibus.
627 4005 742 4066 Nomen
758 4007 907 4086 quomodo
930 4007 1070 4068 definitur
1086 4008 1250 4069 seeundum
1266 4027 1382 4078 sonum,

153 4291 317 4362 llsidorus]
336 4294 354 4346 1
371 4297 431 4359 o',2
517 4296 715 4362 3participiunr
734 4293 794 4365 etc]
824 4296 889 4350 Isid.
907 4299 924 4347 l.
943 4299 959 4347 1.
1045 4295 1249 4364 4Donotus1p.
1271 4297 1382 4364 387,18

89 4364 249 4429 participium
319 4366 468 4428 dtempore
537 4361 720 4414 iconiunctio
739 4381 800 4414 uero
818 4392 850 4400 —
868 4365 1013 4432 superllune
1031 4363 1102 4433 sunt]
1122 4367 1157 4428 cs.
1177 4366 1242 4418 laid.
1261 4370 1277 4416 l.
1297 4371 1314 4420 1.
1366 4369 1383 4417 8

88 4430 111 4478 in
128 4441 250 4481 contextu
336 4431 528 4492 9dillnierunt,
551 4433 590 4484 cic
605 4433 664 4495 sere
680 4448 780 4497 semper
830 4435 879 4483 iste
897 4433 1026 4498 supertlue
1107 4435 1139 4485 10
1156 4433 1281 4500 Virgilius
1301 4432 1382 4500 blare]

91 4497 270 4550 ermricus
290 4501 387 4550 scilicet
407 4501 484 4550 medii
504 4501 573 4562 ceni,
601 4502 650 4551 red
670 4516 721 4551 non
743 4509 817 4551 crctct
837 4504 860 4552 is
878 4504 947 4552 locro
964 4501 1036 4565 apud
1052 4501 1086 4550 Α.
1106 4501 1202 4554 Maium
1219 4506 1294 4553 eluar.
1313 4510 1380 4554 auct.

93 4565 147 4616 Vct.
164 4575 222 4618 tom.
239 4567 273 4618 V.
342 4568 374 4617 12
386 4569 473 4634 greci,
491 4572 529 4618 cic
546 4585 646 4633 semper
686 4583 779 4618 onoma
797 4575 855 4631 etc,
879 4571 972 4620 litteris
988 4570 1075 4619 latinis
1127 4571 1159 4620 13
1177 4570 1290 4634 epiremu
1329 4585 1381 4619 me-

89 4633 166 4684 docbe
236 4637 269 4685 ld
286 4634 362 4684 crebo
415 4635 560 4685 sindesmos
635 4639 666 4687 15
685 4635 805 4703 partium]
830 4637 991 4703 participium
1062 4639 1093 4687 l'l
1111 4635 1242 4702 differunt]
1261 4638 1382 4688 deserunt

90 4701 119 4749 21
136 4701 264 4768 Donatus]
279 4719 308 4768 p.
328 4705 389 4766 372,
408 4707 443 4753 27
510 4706 543 4755 23
561 4704 631 4766 quod
683 4720 732 4767 que
748 4705 907 4754 declinantur
958 4719 1008 4767 que
1025 4719 1076 4754 aron
1110 4708 1173 4756 ·25
1190 4705 1287 4768 relique
1349 4709 1382 4756 26

89 4767 270 4822 indeclinabilis
356 4773 388 4822 at
407 4772 440 4822 bo
526 4773 560 4822 28
577 4786 715 4838 pronomen
736 4775 840 4823 uerbum
859 4773 1020 4838 participium
1073 4771 1189 4822 Donatus
1217 4790 1247 4838 p.
1267 4775 1329 4837 372,
1348 4777 1382 4823 29

90 4837 120 4885 itt
137 4854 186 4900 que
236 4839 354 4889 cassibus
422 4841 455 4890 at
474 4839 635 4889 declinantur
653 4857 718 4903 quur
785 4843 818 4891 32
838 4841 890 4890 Dori
908 4857 954 4892 om.
1024 4843 1056 4890 32
1076 4841 1189 4891 isidorus
1223 4841 1313 4903 1o‚3
