3394 5448
550 352 589 403 m
606 350 692 404 non.
710 352 837 404 aaran
854 352 1034 405 maronam.
1384 353 1448 418 245

152 543 220 622 quia
244 541 367 604 Graecis
388 539 552 602 scribebat:
585 540 690 601 Graeci
714 540 791 602 enim
814 558 875 601 non
898 539 1011 602 babent
1039 540 1219 612 abiaticum,
1247 543 1299 606 sed
1328 561 1383 624 pro
1412 563 1448 606 eo

152 650 279 704 utuntur
305 643 453 721 genetiuo.
499 642 630 703 Donatus
657 660 745 711 uero,
775 645 841 722 quia
864 643 977 704 Latinis
999 643 1164 714 scribebat,
1187 663 1242 724 per
1267 644 1447 714 ablatiuum;

152 747 218 826 ipse
246 748 326 806 enim
356 746 505 823 proprius.
522 752 567 805 est
593 743 730 815 Latinus,
759 745 840 806 unde
863 754 892 806 et
913 745 1035 806 Latinus
1057 754 1190 807 uocatur.
1235 748 1446 817 llumtaxat,
1462 763 1534 814 aram

152 846 329 909 aduerbium
352 856 397 908 est
419 846 584 908 allirmandi
601 853 627 907 et
645 847 791 924 significat
814 848 1051 908 ‘tantummodc’.
1098 845 1360 927 Quaecumque
1384 857 1538 912 no·³t⁸.⁵

122 951 260 1010 emina.
305 949 449 1028 Superius
471 947 604 1025 dixerat,
633 949 731 1010 omnia
761 949 880 1009 nomina
908 949 1040 1028 quinque
1067 947 1220 1010 uocalibus
1240 952 1395 1012 terminari
1418 954 1447 1012 in

152 1050 282 1114 ablatiuc
311 1067 381 1112 casu
409 1047 566 1126 singulari,
601 1050 631 1111 in
660 1049 719 1110 illis
748 1049 900 1119 uidelicet,
936 1067 1011 1127 quae
1040 1068 1099 1110 non
1128 1059 1198 1112 sunt
1225 1060 1322 1132 aptota
1352 1055 1371 1112 i·
1402 1055 1447 1114 in·

152 1151 296 1221 cassatim
321 1150 408 1213 modo
431 1151 518 1212 docet
541 1150 577 1212 de
599 1152 696 1231 prima
719 1151 925 1220 declinatione,
949 1169 1027 1230 quae
1042 1155 1073 1212 in
1089 1171 1105 1212 a
1121 1155 1261 1214 terminat
1275 1153 1447 1225 abiaticum,
1499 1134 1501 1138 ’

151 1258 324 1335 genetiuum
347 1252 492 1334 pluralem
515 1254 544 1313 in
567 1270 635 1314 rum
666 1302 672 1315 .
708 1301 714 1314 .
751 1301 757 1314 .
793 1301 799 1314 .
836 1301 842 1314 .
871 1301 877 1314 .
906 1300 913 1313 .
942 1300 948 1314 .
984 1301 991 1314 .
1020 1256 1175 1325 conuenit,
1198 1263 1230 1318 ut
1252 1254 1447 1333 declinentur,

151 1360 170 1418 i.
196 1357 394 1425 inflectantur,
418 1355 562 1436 quaedam
586 1357 705 1416 nomina
728 1363 830 1418 contra
853 1354 931 1416 banc
953 1355 1087 1432 regulam
1118 1403 1125 1417 .
1161 1405 1167 1418 .
1202 1405 1209 1418 .
1245 1406 1251 1418 .
1287 1407 1293 1419 .
1329 1406 1335 1419 .
1365 1406 1371 1420 .
1400 1406 1406 1420 .
1435 1406 1442 1420 .

108 1475 137 1513 10
161 1503 1442 1522 ...............................
1482 1477 1484 1480 ’

152 1561 203 1622 Ab
227 1561 294 1621 boc
318 1577 405 1620 uase
427 1559 560 1619 burum
584 1577 757 1620 uasorum
781 1559 838 1620 bis
862 1567 894 1619 et
918 1557 961 1619 ab
984 1558 1041 1619 bis
1064 1561 1203 1622 uasis.
1238 1609 1245 1622 .
1280 1609 1286 1622 .
1323 1609 1330 1622 .
1366 1610 1371 1622 .
1401 1610 1407 1623 .
1436 1572 1551 1623 .³⁷t.¹t

153 1659 166 1744 ll
187 1658 277 1742 16811
302 1661 415 1740 antiqui
437 1660 600 1722 secundum
623 1661 771 1722 secuntiae
794 1659 998 1722 declinationis
1021 1659 1156 1722 ordinem
1187 1662 1392 1741 proterebant,
1415 1671 1449 1724 ut

152 1764 209 1826 boc
232 1782 336 1826 uasum
360 1764 439 1834 uasi,
469 1764 546 1824 sicut
574 1763 716 1841 templum
746 1761 862 1844 templi,
893 1771 922 1823 et
948 1762 1018 1823 inde
1047 1772 1256 1826 remanserunt
1282 1766 1331 1826 isti
1353 1783 1447 1827 casus.

151 1869 209 1929 Vas
237 1864 376 1944 generale
404 1882 511 1926 nomen
542 1873 600 1935 est,
633 1873 679 1926 ut:
710 1864 832 1944 Super
860 1866 980 1928 omnic
1015 1883 1104 1926 uasa
1133 1866 1316 1928 utensilia
1346 1874 1447 1928 scuta

108 1985 135 2024 ιε
153 1987 244 2030 uasa
268 1965 407 2028 bellica
430 1966 575 2028 deutur.
620 1966 657 2027 Si
680 1985 696 2026 e
717 1967 919 2047 producta,
943 1969 978 2028 in
1003 1984 1093 2030 rum.
1131 1965 1294 2047 tristangis
1316 1971 1551 2046 quintam³t⁸‚1⁵

153 2070 392 2132 declinationem.
437 2068 535 2130 Haec
562 2068 692 2146 regula
721 2076 887 2148 putatur,
919 2069 940 2128 i·
964 2067 1134 2137 arbitratur.
1166 2087 1249 2130 esse
1277 2069 1550 2133 feminininen

151 2172 314 2252 generis.
359 2169 484 2232 Nomina
506 2171 627 2251 quintae
650 2168 856 2232 declinationis
879 2169 1013 2230 leminini
1034 2171 1154 2249 generis
1176 2176 1245 2231 sunt
1261 2179 1385 2251 excepto
1400 2170 1449 2233 die

151 2283 181 2336 et
211 2273 345 2334 meridie.
390 2272 473 2333 Vnde
501 2271 650 2349 quidam
682 2271 838 2342 dixerunt,
868 2289 932 2332 eam
970 2275 1174 2351 exceptionem
1203 2291 1218 2333 a
1248 2273 1343 2351 prima
1372 2291 1447 2340 esse.

150 2375 293 2442 Cladis,
323 2375 432 2436 dicitur
460 2372 627 2452 pestilentia
657 2371 704 2435 uel
727 2372 905 2443 mortalitas,
936 2372 1006 2433 inde
1028 2374 1143 2453 gladius
1165 2376 1250 2452 quasi
1273 2375 1409 2436 ‘eladius'
1432 2390 1511 2438 acre,
1525 2389 1550 2431 ee

106 2495 135 2534 20
149 2477 252 2548 clade,
276 2495 363 2558 quana
386 2476 465 2538 lacit.
511 2475 654 2546 Raetis,
679 2483 724 2535 est
745 2474 896 2536 uinculum
914 2494 930 2536 a
946 2475 1102 2537 retinendo
1126 2475 1203 2536 dicta
1226 2475 1273 2538 uel
1294 2485 1550 2544 creterrarum

150 2581 235 2642 Licet
255 2580 404 2659 ‘puppim'
427 2579 553 2638 ‘nanim’
575 2574 782 2639 debuissemus
804 2576 919 2646 dicere,
942 2584 1039 2637 tamen
1064 2579 1226 2658 ‘puppem'
1250 2579 1395 2640 ‘nauem’
1419 2586 1449 2641 et

149 2690 251 2744 cetera
268 2681 394 2742 dicimus
411 2678 457 2741 uei
473 2678 664 2759 proferimus.
700 2678 957 2756 Quaecumque
980 2681 1127 2740 nomina
1147 2678 1319 2741 olittera.
1358 2679 1445 2743 blodo
1459 2695 1509 2747 aas,
1524 2697 1549 2736 so

149 2783 188 2845 de
204 2781 334 2846 secunda
350 2781 547 2844 declinatione
563 2780 650 2842 dccet
665 2781 817 2859 magister.
843 2781 951 2842 Contra
968 2781 1043 2841 banc
1059 2780 1190 2859 regulam
1207 2781 1351 2860 quaedam
1367 2791 1445 2852 sunt,

147 2888 221 2966 quia
244 2903 303 2947 non
326 2885 439 2946 iaciunt
460 2883 582 2946 ‘domis'
605 2884 753 2961 ‘ingeris'¹
792 2883 903 2944 Domus
918 2889 948 2943 et
963 2882 1112 2944 secundae
1128 2892 1157 2945 et
1172 2891 1295 2960 quartae
1310 2891 1357 2946 est
1372 2892 1402 2946 et
1415 2885 1446 2945 in

107 3001 134 3042 ²⁵
150 2995 278 3066 utraque
301 2985 461 3047 ‘domibus’
485 2986 563 3046 lacit.
608 2984 813 3046 Terentius
836 2984 872 3045 de
895 2984 1038 3046 secunda:

282 3081 284 3087 ’
369 3088 471 3149 borni
494 3089 644 3166 locique
667 3088 722 3147 lac
745 3087 915 3148 uicissim
940 3096 977 3148 ut
999 3088 1220 3150 memineris.

149 3191 296 3256 Similiter
311 3197 430 3252 ueteres
445 3191 543 3267 ‘inger
557 3190 680 3267 iugeris'
704 3196 735 3250 et
755 3189 904 3265 ‘iugerum
926 3190 1044 3266 iugeri’.
1089 3189 1227 3268 iugerum
1252 3196 1296 3250 est
1317 3190 1447 3270 spatium

146 3303 265 3364 terrae,
301 3300 444 3372 quantum
475 3308 529 3370 par
560 3288 648 3352 buum
678 3307 763 3351 arare
792 3290 823 3352 in
851 3291 899 3352 die
933 3300 1065 3370 possunt.
1119 3292 1267 3362 Verum,
1296 3310 1352 3370 pro
1382 3290 1446 3357 sed.

147 3396 449 3462 Meminerimus,
485 3394 511 3452 i·
543 3392 747 3457 recordemur.
801 3392 839 3453 ln
878 3392 1126 3462 dictionibus,
1171 3394 1196 3452 i·
1230 3395 1261 3453 in
1298 3392 1570 3472 partibus.src,s.e

105 3497 400 3577 soEupboniam‚
428 3495 454 3555 i·
483 3495 591 3556 bonam
619 3495 819 3555 sonoritatem.
871 3493 983 3564 Quam
1013 3493 1235 3570 analogiam,
1265 3495 1290 3554 i·
1319 3513 1445 3575 propor-

147 3601 270 3662 tionem.
320 3597 363 3658 Et
390 3604 680 3676 praeceptorum
708 3594 886 3673 regulam.
936 3596 1168 3674 Praeceptorum
1197 3594 1298 3675 regula
1328 3605 1386 3664 est.
1414 3603 1447 3658 ut

147 3702 320 3764 diceremus
342 3698 388 3760 bis
411 3699 530 3759 ‘domis'
554 3705 584 3760 et
605 3699 754 3775 ingeris,
779 3697 832 3759 sed
854 3699 921 3777 quia
946 3697 1093 3776 euphonia
1115 3696 1183 3777 plus
1205 3696 1296 3766 ualet,
1321 3697 1447 3759 dicimus

146 3803 197 3866 bis
212 3801 372 3864 ‘domibus’
390 3807 419 3862 et
434 3799 620 3878 iugeribus&
639 3834 674 3843 —
700 3798 853 3861 ‘intubus'
869 3801 1047 3860 necessitate
1063 3799 1203 3871 dicimus,
1220 3801 1304 3880 quia,
1327 3800 1352 3860 sl
1367 3798 1445 3860 dice·
1459 3817 1488 3863 er.
1501 3820 1572 3870 aro,s

146 3925 252 3969 remus
274 3904 433 3974 ‘artibus',
456 3902 611 3964 uideretur
633 3900 816 3963 descendere
839 3899 877 3961 ab
896 3918 931 3961 eo
953 3902 1087 3971 nomine,
1117 3901 1197 3982 quod
1226 3909 1270 3962 est
1291 3919 1339 3962 ars
1361 3902 1445 3962 artis:

216 4110 233 4160 8
250 4110 315 4160 Post
332 4107 456 4174 pluralem
474 4107 499 4156 in
519 4121 576 4154 rum
593 4105 717 4170 densere
734 4104 858 4156 meudula
875 4111 1045 4166 amnuerunt,
1063 4105 1126 4168 fort.
1146 4104 1229 4154 mittit.
1249 4118 1354 4153 necesse
1371 4105 1445 4154 esti.

145 4181 163 4228 9
182 4178 314 4227 inllectant
368 4177 433 4227 Post
450 4173 565 4241 regulam
583 4176 681 4240 aliquot
697 4175 779 4224 lineae
795 4173 933 4237 putredine
950 4174 1080 4222 extinctae
1097 4179 1171 4228 eunt,·
1189 4173 1247 4222 item
1264 4174 1366 4222 litterae
1384 4187 1446 4222 nnn·

146 4247 233 4296 natine
248 4251 309 4309 post
327 4244 397 4293 uasis
415 4259 492 4294 uersu
508 4245 632 4309 sequenti.
703 4244 733 4291 11
752 4241 784 4290 ab
803 4240 843 4289 bia
861 4241 945 4292 uasis.
957 4277 963 4288 .
974 4277 980 4289 .
991 4237 1013 4306 .]
1034 4239 1093 4289 ideo
1111 4238 1160 4288 boc
1179 4239 1207 4288 lit
1224 4241 1286 4302 quia
1303 4241 1444 4302 antiquitus

145 4313 261 4364 secunde
283 4312 461 4362 declinationis
485 4309 625 4361 secundum
648 4310 762 4360 ordinem
780 4307 944 4374 proferebant
961 4307 1087 4372 Remipius
1104 4308 1161 4358 cod.
1180 4306 1262 4358 Boin.
1282 4309 1371 4371 386f.
1391 4305 1444 4358 30b

147 4384 181 4432 14
201 4395 251 4430 non
270 4375 320 4444 est]
340 4393 432 4429 nomen
452 4389 492 4429 est
509 4393 587 4444 super
599 4377 734 4428 -bellice
751 4377 870 4426 dicuutur
887 4375 1015 4442 Remipius
1033 4374 1114 4426 Bern.
1133 4376 1150 4428 l.
1169 4379 1186 4425 t.
1255 4373 1443 4442 ib'lerentius]

146 4449 218 4500 Eun.
230 4447 277 4499 IV
290 4450 358 4509 md
426 4449 460 4498 29
478 4443 683 4511 meminerimus]
702 4445 737 4510 es.
756 4445 822 4496 lion.
839 4461 866 4509 p.
887 4447 946 4506 3⁷9,
966 4447 982 4494 2
1000 4459 1054 4494 carn
1071 4444 1160 4495 adnm.
1179 4443 1260 4494 Keilii

145 4635 195 4684 per
206 4618 345 4668 abiaticum
359 4632 446 4668 casum
459 4615 643 4667 declinationes
656 4614 737 4666 uoluit
749 4613 883 4665 ostendere
895 4621 921 4663 et
934 4626 983 4662 non
997 4627 1043 4678 per
1055 4613 1197 4677 genitiuum
1208 4622 1238 4662 ut
1248 4612 1444 4673 Priscianus,

146 4688 193 4737 sed
211 4687 360 4736 Priscianus
378 4685 488 4736 Graecos
512 4685 624 4735 imitatus
648 4696 687 4734 est
709 4685 752 4746 qui
771 4681 909 4732 oblatiunm
928 4695 980 4730 non
1003 4681 1108 4739 habent,
1133 4681 1178 4731 sed
1201 4695 1248 4747 pro
1267 4681 1310 4730 illc
1330 4682 1444 4746 genitiuo

147 4765 262 4814 utuntur,
281 4753 397 4805 Donatus
417 4769 477 4803 uero
496 4754 557 4816 quia
575 4751 674 4804 Latinis
692 4751 829 4814 scribebat,
849 4762 899 4799 non
918 4764 964 4815 per
984 4749 1144 4816 genetiuum,
1168 4749 1214 4799 sed
1237 4763 1284 4816 per
1305 4749 1443 4800 abiaticum

145 4837 209 4874 snas
226 4821 409 4874 declinationes
428 4823 548 4873 ostendit.
