3400 5450
600 354 812 410 nnnunusm.
1315 356 1357 420 69

73 547 251 609 alsitudo
289 548 448 610 rectitudo
477 545 642 610 crassitudo
671 543 824 625 longitudo
852 543 1011 616 habitudo,
1040 545 1180 623 genetiuo
1209 545 1358 608 secundae

69 651 237 712 tationis
281 650 362 712 tudo
389 650 503 712 adiecta
527 669 545 711 u
568 647 747 729 paenultima
769 647 914 728 producta
937 655 967 711 et
988 649 998 707 i
1020 645 1269 727 antepaenultima
1292 666 1358 710 cor·

69 797 80 820 ,
124 753 186 812 sic
227 752 358 814 tirmus
386 752 464 813 iirmi
491 750 657 820 firmitud03
686 749 742 812 alia
769 769 786 812 a
812 749 913 812 datiuc
944 750 1048 812 tertiae
1078 748 1297 822 declinationis,
1326 760 1360 834 ut

65 859 72 913 ἰ
104 853 347 924 similitudo,
377 855 462 917 suaui
484 852 658 921 suauitudo,
681 852 752 936 lorti
773 852 931 922 fortitudo,
954 858 1029 914 testa
1053 869 1171 932 quoque
1193 854 1259 914 siue
1280 860 1358 916 testu

97 954 284 1024 testudo;
334 956 389 1018 alia
424 957 456 1016 in
493 974 532 1040 as¹
558 954 716 1016 diriuatiua
751 972 766 1014 a
799 955 938 1032 genetiuo
971 954 1119 1014 secundae
1151 951 1358 1018 declinationis

64 1065 153 1128 unt,
195 1057 325 1136 addita
356 1064 401 1119 tas
422 1055 532 1138 syllaba
556 1056 699 1136 producta
722 1063 752 1118 et
774 1057 784 1116 i
805 1054 986 1136 paenultima
1009 1063 1161 1136 correpta,
1190 1062 1223 1117 ut
1244 1055 1358 1136 probus

64 1162 84 1220 i
122 1159 315 1238 probitas,
355 1161 426 1220 noui
455 1161 584 1252 nouitas,
619 1158 690 1220 boni
718 1157 850 1231 bonitas,
884 1159 1013 1220 mendici
1041 1157 1230 1228 mendicitas,
1258 1160 1358 1238 asperi

67 1263 186 1332 ritas,
217 1261 378 1341 prosperi
401 1263 600 1342 prosperitas,
624 1261 732 1322 sinceri
748 1262 919 1331 sinceritas,
943 1261 1052 1340 integri
1067 1260 1236 1338 integritas,
1259 1259 1357 1322 seduli

63 1363 184 1434 alitas,
213 1363 333 1425 timidi
349 1363 497 1428 timiditas.
527 1363 564 1424 Et
585 1361 763 1434 noundum,
787 1364 867 1443 quod
890 1381 932 1434 ea,
957 1380 1033 1443 quae
1055 1362 1085 1421 in
1100 1364 1243 1441 genetiuo
1258 1362 1355 1443 dupli·

63 1478 73 1526 t
109 1467 143 1535 i,
186 1471 374 1528 extremam
410 1483 510 1527 aarum
544 1470 661 1526 mutant
687 1466 718 1525 in
746 1483 764 1526 e
791 1472 960 1544 correptam
989 1463 1156 1544 euphoniae
1185 1482 1287 1540 causa,
1325 1472 1358 1528 ut

62 1589 73 1630 s
103 1569 156 1646 pii
182 1567 314 1645 pietas,
345 1567 435 1630 medii
462 1566 617 1642 medietas,
648 1567 727 1630 anxii
755 1567 903 1638 anxietas,
932 1568 1006 1629 socii
1027 1566 1163 1628 societas.
1206 1565 1358 1647 Excipitur

62 1688 110 1740 tr,
148 1669 242 1748 quod
278 1670 484 1740 nominatiuo,
514 1686 574 1730 non
602 1669 756 1748 gernetiuo,
785 1667 948 1749 adsumpsit
975 1678 1035 1741 tas,
1064 1676 1097 1732 ut
1118 1668 1197 1730 liber
1218 1667 1355 1740 libertam

82 1779 120 1832 et
148 1773 184 1832 in
210 1772 310 1834 tertia
335 1769 532 1833 declinatione
555 1788 669 1850 pauper
690 1777 866 1850 paupertas,
891 1769 965 1833 uber
988 1769 1121 1840 ubertas,
1145 1775 1231 1832 uetus
1252 1777 1356 1832 uetus·

85 1880 124 1934 et
152 1871 216 1935 alia
242 1874 371 1935 nomina
394 1875 499 1934 tertiae
521 1871 728 1935 declinationis
748 1873 780 1932 in
798 1880 847 1934 tas
867 1871 1030 1935 desinentia
1052 1893 1068 1934 a
1089 1872 1190 1935 datiuo
1210 1869 1355 1949 singulari

62 1978 182 2045 niunt,
213 1986 253 2037 ut
283 1976 388 2054 capaci
416 1976 577 2055 capacitas,
606 1975 704 2036 tenaci
731 1975 888 2044 tenacitas,
918 1976 1018 2055 rapaci
1045 1973 1205 2054 rapacitas,
1236 1975 1355 2052 procaci

62 2080 220 2148 ocacitas,
246 2077 331 2140 lelici
354 2075 487 2148 lelieitas,
511 2076 621 2139 inlideli
642 2075 809 2151 infidelitas,
834 2074 925 2137 celeri
947 2076 1095 2147 celeritas,
1118 2076 1232 2138 auctori
1254 2081 1356 2137 anoto-

62 2201 119 2242 tas.
171 2181 258 2242 llaec
288 2196 362 2257 ergo
392 2181 491 2240 omnia
519 2181 638 2240 nomina
661 2177 819 2242 diriuatiua
841 2195 930 2256 supra
953 2177 1045 2250 dieta,
1076 2196 1151 2259 quac
1175 2177 1303 2241 diximus
1324 2178 1355 2238 in

62 2303 92 2352 a,
127 2285 164 2344 iu
188 2283 252 2352 sio,
283 2283 316 2342 in
340 2283 396 2352 tio,
426 2282 457 2341 in
480 2279 566 2350 tudo,
596 2282 625 2342 in
648 2289 708 2356 tas,
738 2297 838 2343 rerum
861 2278 1096 2359 incorporalium
1118 2286 1188 2342 sunt
1209 2276 1355 2342 uocabula

63 2403 69 2444 t
104 2385 258 2446 leminina
292 2391 371 2445 sunt.
422 2379 493 2444 ltcm
523 2383 660 2445 maiestas
687 2389 718 2442 et
744 2379 885 2442 honestas
913 2380 1082 2444 diriuantur
1110 2400 1126 2443 a
1156 2381 1355 2461 conparatiuis

62 2489 143 2550 raior
176 2495 207 2548 et
234 2467 349 2558 bonor,
378 2493 489 2548 mutata
518 2503 552 2546 or
580 2483 690 2563 syllaba
718 2483 749 2544 in
777 2499 808 2544 es
836 2489 867 2542 et
892 2481 992 2544 addita
1019 2491 1075 2545 tas.
1119 2483 1193 2546 ltem
1221 2484 1252 2546 in
1274 2490 1355 2556 etum

62 2590 248 2652 nueniuntur
276 2587 433 2650 diriuatiua
461 2588 581 2648 nomina
609 2585 790 2654 desinentia,
820 2601 897 2663 quae
920 2603 937 2646 e
957 2584 1076 2664 longam
1100 2584 1210 2650 babent
1231 2582 1355 2665 paenul-

61 2693 174 2759 imam,
203 2697 237 2752 ut
259 2688 358 2752 oleum
380 2687 536 2759 oliuetum,
566 2689 655 2750 uinea
678 2688 828 2756 uinctum,
856 2705 922 2749 rosa
946 2693 1096 2758 rosetum,
1120 2687 1229 2750 dumus
1251 2686 1354 2748 dume-

63 2811 130 2865 ,um,
155 2791 273 2872 corylus
295 2791 467 2872 coryletum,
491 2797 606 2872 myrtus
628 2795 802 2870 myrtatum
825 2789 880 2851 alia
902 2791 933 2852 in
954 2788 1078 2861 ibulum,
1102 2796 1135 2852 ut
1156 2790 1248 2852 uestis
1265 2789 1354 2851 uesti-

61 2895 180 2965 bulum,
204 2901 254 2956 tus
272 2893 450 2966 turibulum,
473 2895 484 2955 i
507 2889 757 2973 antepaenultima
778 2899 926 2971 correpta.
970 2892 1044 2956 item
1067 2909 1141 2954 euna
1165 2889 1354 2962 cunabulum,

65 3017 120 3060 uox
136 2995 149 3080 b
164 2997 184 3058 1.
200 2991 260 3058 81δ
275 2993 286 3078 b
302 2994 493 3066 uocabulum,
524 2993 682 3058 concilium
707 2991 950 3065 conciliabulum,
974 3015 990 3058 a
1012 2992 1263 3075 antepaenultima
1285 3011 1353 3074 pro·

68 3100 166 3167 ducta,
199 3097 253 3159 alia
283 3099 399 3162 nomina
427 3099 458 3160 in
487 3116 520 3160 ar
547 3096 712 3159 desinentia
740 3095 899 3160 dirinatiua
926 3101 1010 3166 sunt,
1043 3104 1078 3160 ut
1105 3115 1209 3160 caesus
1236 3095 1352 3166 Caesam

72 3202 147 3264 lacus
168 3200 296 3272 lacunar,
324 3199 392 3280 lupa
419 3199 559 3281 lupanar,
588 3199 711 3279 laqueus
738 3198 874 3280 laqueum
902 3196 1047 3276 quaedam
1073 3199 1104 3259 in
1127 3217 1196 3270 cus,
1224 3200 1353 3267 maxiano

76 3321 144 3384 noae
165 3303 201 3364 dc
221 3301 387 3379 regionibus
409 3310 440 3362 et
460 3301 598 3380 gentibus
621 3306 651 3363 et
672 3302 760 3364 sectis
786 3300 967 3370 diriuantnr,
998 3305 1030 3362 ut
1051 3299 1260 3364 Macedonicus
1281 3300 1352 3364 Sar·

79 3407 193 3468 uaticus
214 3405 398 3468 Germanicus
419 3402 538 3466 italicus
560 3404 771 3483 grammaticus
791 3402 953 3466 historicus
973 3401 1141 3464 rhetoricus
1162 3401 1350 3472 dialcetinus3

64 3507 212 3588 squaedam
232 3509 260 3570 in
278 3508 326 3578 tis,
348 3513 382 3568 ut
402 3505 529 3576 Leuitis;
559 3504 705 3587 quaedam
727 3505 759 3568 in
781 3524 848 3581 cus,
872 3512 906 3566 ut
927 3505 1047 3584 igneus3
1076 3503 1221 3585 quaedam
1243 3505 1274 3574 in
1295 3505 1350 3574 ius,

85 3618 112 3670 ut
134 3611 279 3692 Aegyptius
309 3617 337 3670 et
369 3616 467 3670 cetera
503 3610 623 3672 nomina
657 3607 828 3678 diriuatiua,
861 3623 937 3684 quae
967 3605 1102 3668 diuersas
1129 3605 1351 3672 terminationes

87 3711 184 3775 babent
208 3709 352 3774 uariabiles
378 3718 407 3771 et
428 3709 675 3781 innumerabiles,
705 3707 757 3772 sed
779 3707 854 3772 baec
876 3707 1006 3788 exempb
1026 3726 1115 3772 eausa
1137 3705 1252 3789 prolata
1272 3716 1350 3770 sunt.

91 3813 230 3895 llucusque
254 3811 286 3874 da
309 3811 476 3874 nominibus
505 3803 685 3881 diriuatiuis;
723 3827 802 3874 nunc
830 3811 869 3872 de
896 3809 1082 3876 diminutiuis
1108 3809 1268 3876 dicendum
1296 3817 1350 3874 ost.

94 3918 143 3978 llia
163 3918 266 3978 nomina
284 3915 454 3978 diminutius
480 3923 565 3984 sunt,
594 3921 627 3976 ut
647 3911 827 3976 monticulus
848 3912 1054 3978 scholasticus.
1095 3913 1274 3978 Diminutiua
1296 3931 1350 3976 no·

69 4021 160 4084 emina
185 4036 265 4100 quaro
282 4017 435 4080 dicunturi
478 4017 554 4090 Quia
581 4016 750 4080 diminuunt
770 4033 906 4086 sensum,
935 4021 968 4078 ut
989 4017 1149 4080 menuctus
1170 4013 1350 4080 monticulus

157 4307 274 4360 iscounde
288 4308 346 4366 dccli
431 4305 565 4358 tibrmido
646 4303 766 4358 baddita
784 4301 836 4373 tas]
855 4305 956 4356 ututur
1024 4304 1162 4358 litimidas
1231 4306 1301 4368 quod
1319 4322 1349 4357 eo

106 4373 266 4442 uttae1qucdb
325 4377 356 4426 10
373 4383 472 4425 molunt
540 4374 823 4426 manutenemus
893 4374 925 4424 15
942 4373 1090 4440 capacitatis
1160 4373 1192 4426 1⁷
1210 4388 1259 4436 que
1316 4376 1348 4426 18

108 4444 205 4496 uocabulo
275 4445 300 4494 19
315 4443 410 4494 lamina
479 4444 513 4494 10
530 4451 626 4492 motata
694 4441 812 4494 molitas
880 4443 911 4492 11
931 4457 982 4504 que
1060 4444 1094 4494 13
1112 4443 1202 4492 mistus
1220 4441 1347 4494 mirtetum

159 4513 199 4563 alia
214 4509 304 4562 nibulum
386 4512 420 4562 at
437 4525 501 4562 cona
519 4510 673 4561 eonabulum
758 4511 792 4562 15
810 4505 1026 4576 ιιοιιξιῇΗοαὶιιιΙιιιιι
1105 4511 1139 4562 16
1156 4525 1246 4560 cessus
1314 4513 1347 4562 17

111 4579 177 4641 loquar
218 4580 285 4642 quan
345 4581 379 4630 28
397 4590 422 4629 et
438 4579 565 4629 mentibus
584 4580 619 4643 cs.
638 4586 704 4630 auct.
721 4581 797 4630 clara.
813 4578 933 4632 Votieno.
952 4579 1039 4631 edd.
1052 4577 1110 4629 Mai
1130 4577 1198 4632 Tem.
1215 4579 1278 4644 Vp.
1291 4581 1346 4632 133

114 4647 201 4715 (Virpilit
215 4647 307 4713 Epitoue
327 4645 428 4712 Villi:
460 4647 585 4709 quaedam
603 4647 635 4698 de
653 4647 801 4713 regionibus
820 4646 980 4714 algentibus
1002 4646 1151 4698 deriunntur
1167 4656 1192 4696 ct
1209 4648 1300 4709 scetis,
1319 4657 1348 4698 ut

115 4717 251 4767 nncbounicns
266 4727 284 4766 ct
297 4716 484 4782 grammaticus.
541 4715 686 4766 sarmitiens
754 4713 947 4767 catecheseos
999 4713 1147 4766 dialectibus
1232 4717 1266 4770 tit)
1284 4731 1345 4780 que-

115 4785 167 4844 dam,
181 4793 213 4835 ter
279 4787 302 4836 ll
320 4799 367 4847 qne
452 4785 485 4836 11
502 4797 607 4834 oausam
693 4786 725 4836 33
744 4783 898 4848 lluncusque
977 4797 1045 4833 niano
1062 4783 1227 4838 deminutiuls
1312 4786 1347 4837 at

118 4852 227 4904 scolasticus
278 4853 452 4905 altimontem
