3400 5450
649 395 863 453 annnsnsrs.
1362 401 1404 467 95

105 585 219 646 Aeneai
247 583 387 664 Anchisai
414 587 503 666 pictai
532 584 610 647 aniai
632 589 722 648 terrai
751 587 866 649 militiai
892 587 1015 650 familiai
1043 606 1097 669 pro
1119 591 1236 650 Aeneae
1259 591 1403 652 Anchisae

101 687 203 765 pictae
225 685 311 748 aulae
334 695 363 747 et
386 689 508 748 cetera’.
553 686 678 750 Nomina
701 697 799 750 autem
822 692 935 770 primae
957 689 1161 752 declinationis
1189 691 1349 753 masculina
1372 695 1403 754 in

102 807 117 850 a
134 789 304 850 desinentia
328 790 371 849 sic
393 787 594 849 declinantur:
618 799 705 868 poeta
726 809 836 852 nomen
857 799 903 853 est
917 788 929 872 ΙΙ
945 787 1009 853 95¹>
1025 788 1036 873 ΙΙ
1053 792 1262 872 appellatinum
1285 797 1404 873 generis

101 888 262 950 masculini
290 893 407 952 numeri
435 889 594 969 singularis
616 891 729 969 figurae
751 890 893 972 simplicis
915 910 1003 953 casus
1026 895 1199 956 nominatiui
1222 906 1251 957 et
1273 899 1403 960 uocatiui

78 993 238 1070 ‚correpti
261 1000 292 1052 et
311 991 433 1052 ahiatiui
454 992 606 1071 producti,
629 993 709 1073 quod
732 993 930 1056 declinabitur
952 995 1010 1056 sic:
1033 998 1215 1058 nominatino
1237 999 1286 1060 hio
1308 1009 1402 1079 poeta,

77 1074 244 1168 ³genetiuo
268 1091 358 1154 huius
379 1101 493 1173 poetae,
517 1094 616 1154 datiuo
639 1094 708 1154 hnic
731 1105 845 1175 poetae,
870 1097 1039 1159 accusation
1061 1096 1140 1159 hunc
1162 1108 1289 1178 poetam,
1312 1093 1422 1162 noca?

102 1193 164 1254 tino
189 1212 207 1254 o
230 1201 329 1273 poeta,
352 1193 483 1256 ahiatiuo
512 1193 548 1256 ah
577 1195 633 1256 hoc
656 1205 757 1274 poeta,
787 1207 816 1258 et
837 1195 992 1278 pluraliter
1020 1200 1202 1262 nominatiuo
1230 1200 1261 1263 hi
1289 1211 1401 1282 poetae,

101 1295 210 1356 horum
234 1303 399 1376 poetarum,
423 1297 472 1358 his
494 1299 598 1377 poetis,
623 1297 676 1358 hos
698 1305 811 1377 poetas,
834 1306 982 1378 opoetae,
1008 1300 1044 1361 ah
1067 1301 1114 1363 his
1136 1305 1241 1383 poetis.
1281 1304 1330 1366 Sic
1352 1306 1402 1365 de-

102 1397 254 1459 clinantur
276 1401 374 1459 omnia
397 1401 515 1460 nomina
537 1398 699 1460 masculina
729 1401 843 1479 primae
873 1401 1093 1474 declinationis
1122 1412 1155 1465 nt
1177 1405 1224 1466 hic
1246 1407 1401 1485 propheta,

66 1519 88 1557 ro
101 1498 147 1558 hio
163 1500 336 1579 patriarcha
351 1500 401 1560 hic
416 1495 526 1562 athldta
542 1500 711 1580 agonitheta
726 1501 876 1580 parricida
891 1503 1037 1566 homicida
1060 1506 1210 1567 fratricida
1226 1509 1249 1580 †
1265 1505 1401 1568 colosistn

103 1601 236 1664 israelita
251 1601 348 1663 scriba
370 1600 521 1663 citharista
537 1610 567 1662 et
581 1611 681 1664 cetera
704 1603 820 1664 similia.
857 1603 930 1665 item
954 1604 1097 1667 feminina
1120 1608 1237 1669 nomina
1258 1609 1288 1668 in
1312 1626 1327 1668 a
1351 1608 1398 1668 de·

100 1705 230 1765 sinantia
252 1707 367 1783 primae
390 1702 595 1766 declinationis
616 1705 659 1766 sio
681 1703 880 1766 declinantur:
904 1706 978 1767 hacc
1000 1707 1083 1768 Mosa
1105 1707 1193 1770 huius
1207 1709 1309 1770 Musae
1331 1710 1399 1770 hnic

102 1804 200 1866 Musae
225 1804 302 1865 hanc
323 1806 436 1867 Musam
459 1825 476 1867 o
499 1805 581 1869 hiusa
605 1807 642 1868 ab
663 1805 720 1868 hac
742 1807 824 1868 hinsa
848 1815 877 1868 et
898 1807 1056 1887 pluraliter
1082 1809 1138 1870 hae
1167 1809 1268 1871 hiusae
1296 1810 1400 1871 harum

101 1905 253 1967 illusarum
276 1907 323 1968 his
344 1907 435 1969 hiusis
457 1906 510 1969 has
532 1908 630 1969 Musas
651 1927 669 1968 o
690 1909 792 1971 Musae
819 1907 856 1968 ab
878 1909 925 1969 his
946 1910 1046 1971 Musis.
1092 1911 1141 1970 Sic
1163 1911 1350 1973 declinantur
1372 1921 1402 1973 et

68 2006 155 2068 raaiia
178 2010 302 2069 nomina
324 2011 467 2071 feminina
495 2011 610 2090 primae
639 2009 857 2081 declinationis
887 2020 920 2072 ut
942 2011 1015 2072 haec
1037 2012 1163 2081 iustitia,
1191 2013 1264 2073 haec
1286 2013 1402 2073 miseri·

101 2109 200 2171 cordia
224 2110 382 2190 prudentia
406 2113 549 2190 sapientia
573 2111 700 2173 ecclesia
724 2111 844 2173 basilica
867 2112 1005 2174 columna
1028 2113 1114 2174 uinea
1139 2111 1251 2174 cultura
1274 2112 1401 2192 agricul-

103 2219 177 2282 tura,
195 2228 274 2289 quae
290 2220 359 2274 sunt
373 2211 612 2274 innumerabilia.
643 2212 785 2292 intellege
806 2220 920 2285 antem,
944 2216 1087 2276 feminina
1103 2217 1222 2275 nomina
1238 2233 1289 2275 sex
1304 2215 1403 2276 modis
1428 2195 1431 2203 ¹

102 2331 181 2374 csse:
212 2323 267 2374 aut
288 2316 368 2375 enim
390 2316 510 2394 propria
534 2322 602 2374 sunt
625 2322 675 2376 aut
697 2315 751 2377 lixa
775 2323 825 2376 aut
847 2314 969 2377 mobilia
992 2322 1043 2376 ant
1064 2314 1102 2375 ab
1124 2316 1247 2377 adiectis
1269 2325 1333 2377 orta
1355 2319 1401 2376 in·

102 2415 301 2496 corporalium
324 2434 427 2478 rerum
449 2415 609 2487 uocabula,
639 2425 689 2477 ant
710 2417 865 2496 participia
892 2418 991 2478 lutura
1018 2424 1069 2476 aui
1090 2417 1197 2478 similia
1218 2416 1399 2497 'participiis

69 2537 91 2577 ao
103 2517 227 2580 Nomina
244 2537 317 2596 ergo
337 2520 459 2598 propria
477 2519 620 2580 feminina
640 2526 708 2579 sunt
728 2521 844 2597 primae
866 2515 1082 2588 declinationis,
1107 2525 1140 2579 ut
1154 2519 1246 2580 Diana
1261 2519 1400 2600 Calliopia

103 2619 233 2681 iiinerna
263 2619 386 2682 ilolena.
428 2621 502 2682 item
530 2621 587 2680 fixa
615 2621 735 2680 nomina
764 2621 879 2699 primae
908 2617 1129 2696 declinationis,
1154 2627 1187 2681 ut
1214 2619 1288 2681 haec
1316 2623 1399 2700 copia

7 2791 8 2800 ἵ
103 2721 175 2783 lama
199 2721 294 2784 barba
317 2723 395 2783 oliua
412 2724 459 2783 uia
482 2722 540 2782 nita
566 2729 595 2782 et
610 2719 742 2800 reliqna;
766 2721 886 2783 mobilia
909 2728 1008 2784 autem
1033 2722 1150 2783 nomina
1173 2723 1286 2801 primae
1309 2720 1399 2783 decli·

104 2825 231 2885 nationis
254 2824 328 2885 haec
350 2831 433 2894 sunt,
456 2830 491 2884 nt
511 2842 602 2903 opaca
625 2823 704 2893 nuda
726 2842 818 2887 aurea
844 2825 911 2886 ruia
934 2841 1007 2902 uaga
1030 2825 1077 2904 pia
1101 2831 1180 2884 casta
1202 2825 1277 2884 iusta
1300 2831 1400 2884 sancta

103 2926 233 2988 modesta
257 2927 343 2986 docta
366 2927 497 3006 perlecta
521 2924 695 3007 etreliqua.
741 2925 814 2987 item
837 2926 874 2988 ab
897 2927 1021 2988 adiectis
1043 2923 1277 3004 incorporalium
1299 2941 1399 2985 rerum

8 3061 9 3068 ,
70 3035 164 3087 scorta
187 3026 350 3096 uocabula,
384 3035 416 3088 nt
438 3027 512 3089 haec
532 3029 642 3088 iustitia
673 3026 807 3089 doctrina
835 3028 991 3089 clementia
1020 3025 1206 3108 prouidentia
1236 3034 1265 3087 et
1287 3036 1396 3088 cetera.

102 3127 172 3190 item
189 3130 346 3209 participia
362 3132 515 3209 praeteriti
531 3131 674 3211 temporis
690 3130 831 3191 leminina
848 3131 948 3190 omnia
964 3130 1079 3209 primae
1094 3137 1165 3191 sunt
1180 3129 1398 3198 declinationis,

103 3237 133 3290 nt
147 3230 220 3292 haec
236 3239 333 3292 amata
349 3230 435 3292 docta
452 3230 527 3292 lectu
542 3232 693 3302 audiiset
707 3232 805 3291 omnia
821 3233 975 3312 participia
991 3232 1134 3293 leminina
1148 3231 1240 3292 iutnri
1255 3231 1400 3310 temporis

104 3335 213 3410 primae
229 3341 303 3394 sunt
318 3331 534 3404 declinationis,
545 3342 576 3396 ut
592 3335 665 3394 haec
681 3333 828 3412 scriptura
844 3340 948 3411 natura
964 3351 1103 3394 mensura
1120 3340 1257 3394 creatura
1272 3334 1397 3412 pictura.

103 3433 173 3494 item
189 3436 367 3515 pronomina
382 3435 552 3514 possession
568 3435 701 3496 feminini
715 3436 835 3513 generis
849 3436 962 3515 primae
977 3443 1047 3497 sunt
1062 3434 1277 3504 declinationis
1290 3441 1323 3494 nt
1334 3451 1398 3494 mea

36 3527 49 3552 ”
70 3553 92 3593 ιι
105 3544 149 3597 tna
164 3553 215 3598 sna
231 3544 334 3598 nostra
358 3544 467 3607 uestra,
492 3543 522 3596 et
537 3539 634 3597 omnia
651 3538 769 3598 nomina
785 3537 924 3598 leminina
947 3535 1128 3616 superlatiua
1150 3539 1180 3597 in
1201 3554 1217 3596 a
1234 3535 1399 3596 desinentia
1494 3565 1499 3576 ·

104 3639 211 3717 primae
234 3647 306 3700 sunt
320 3637 534 3710 declinationis,
559 3647 590 3700 nt
605 3639 679 3700 haec
702 3639 870 3702 doctissima
885 3640 1045 3700 fortissima
1069 3638 1284 3718 sapientissima
1308 3634 1398 3698 dilec-

103 3742 211 3802 tissima
245 3741 396 3800 carissima
432 3742 591 3802 tenerrima
631 3740 829 3820 pulcherrima
865 3740 1154 3819 magnificentissima
1187 3739 1398 3818 gloriosissima

103 3841 300 3904 excelsissima
323 3843 487 3903 castissima
510 3845 621 3923 optima
644 3845 773 3923 pessima
789 3844 975 3904 sanctissima
992 3851 1022 3904 et
1037 3849 1135 3903 cetera
1158 3839 1398 3902 innumerabilia.

105 3942 174 4006 item
196 3945 318 4007 nomina
340 3945 494 4006 ciuitatum
509 3943 556 4006 uei
574 3946 731 4024 regionum
754 3946 898 4006 lominina
916 3945 950 4016 ‚in
974 3944 1171 4006 adesinentia
1195 3945 1308 4023 primae
1330 3951 1400 4002 sunt

72 4059 94 4098 to
106 4043 317 4118 declinationis,
333 4055 368 4107 nt
383 4045 456 4108 haec
471 4046 574 4118 lloma,
591 4045 665 4108 haec
680 4047 834 4116 Caesaria,
857 4047 931 4108 haec
947 4047 1094 4118 Samaria,
1119 4046 1200 4106 Vtica
1223 4043 1398 4106 Alexandria

106 4145 260 4227 Babylonia
276 4150 298 4222 †
314 4147 417 4209 elireto
434 4149 628 4229 Cappadocia.
675 4149 748 4210 itom
768 4148 842 4211 haec
857 4149 940 4219 asia,
957 4149 1040 4228 Syria
1056 4147 1162 4208 iudaea
1177 4146 1284 4208 Arabia
1299 4147 1398 4207 hirica

169 4371 263 4420 lterai
281 4364 384 4419 milicini
419 4385 496 4421 eirene
513 4369 634 4436 anchises
685 4368 801 4420 2unieae
853 4367 971 4435 3po¹¹eta
1021 4366 1219 4419 imuscuiinnm
1266 4368 1398 4434 opotreta,

104 4435 273 4502 seresemper
325 4439 467 4504 ‘lopoete
513 4437 548 4488 hii
566 4437 659 4505 pohete
677 4436 785 4487 hoorum
838 4435 1246 4508 9hioprophetuhicprophetu'
1279 4439 1320 4487 ,10
1338 4452 1398 4486 una·

106 4536 182 4587 thleca
215 4537 362 4604 egonitlocn
402 4537 536 4605 colosistu]
557 4541 615 4590 An:
634 4537 781 4590 Coiossitn‘i
801 4536 915 4590 irihelita
967 4540 997 4588 11
1016 4539 1137 4603 cytaristo
1172 4509 1398 4588 iemiiinnnmina

109 4607 135 4654 12
151 4605 290 4655 declinetur
341 4611 372 4658 13
384 4608 416 4657 ab
429 4607 495 4658 hano
539 4623 611 4657 arum
664 4609 697 4657 14
715 4605 868 4656 declinarem
919 4607 951 4657 15
969 4607 1070 4656 iusticia
1123 4608 1154 4658 l'i
1172 4605 1365 4656 intemerabilia

108 4671 206 4724 intelie¹⁸
259 4676 291 4725 18
310 4675 406 4724 utflxn
458 4677 551 4725 notai)
569 4672 686 4741 adiectis]
706 4675 793 4724 clectis
846 4677 878 4727 19
896 4672 946 4725 aut*
961 4676 1096 4740 participia
1148 4671 1195 4724 nui
1213 4673 1306 4725 similia
1365 4675 1399 4724 20

107 4741 182 4792 decim
199 4741 301 4808 callipio
368 4743 490 4793 atelano
542 4745 575 4795 23
593 4742 674 4808 opa'toa
725 4743 789 4792 rniia
840 4745 876 4793 at
893 4743 925 4792 ah
943 4743 984 4792 odi
1004 4743 1084 4810 itpctis
1136 4744 1170 4792 25
1188 4755 1244 4793 orto
1297 4743 1398 4792 iusticia

153 4821 260 4860 ceterum
345 4814 379 4861 30
396 4812 523 4862 suhintina
609 4815 641 4864 33
659 4813 756 4877 nptimn
841 4814 874 4862 35
892 4812 1004 4861 cessaria
1059 4810 1191 4860 alexandri
1210 4827 1243 4864 en
1262 4810 1397 4875 babylonia

110 4876 190 4929 adleta
258 4880 291 4928 36
308 4879 443 4944 capadocia
511 4881 544 4930 37
562 4895 636 4942 syren
654 4880 729 4929 iudeo
747 4879 835 4929 urania
