3390 5444
265 362 500 415 COMMENTVM
518 363 764 418 etustuuurtsu
782 366 821 418 IN
839 364 924 421 DON,
942 363 1069 416 ARTEM
1086 365 1269 419 MINOREM.
1349 365 1412 433 203

115 551 192 613 aliud
216 567 384 632 pronomen
407 550 498 613 habet
519 553 703 622 uocatiuum,
726 553 784 613 nisi
807 551 936 615 secunda
958 571 1084 634 persona
1098 599 1191 618 .....
1209 555 1288 636 quod
1312 563 1358 618 est
1379 564 1412 618 tu

116 663 146 714 et
166 655 263 734 prima
287 671 414 733 persona
437 653 613 733 possessiui,
637 653 715 730 quod
731 662 778 716 est
792 673 874 716 meus
889 653 937 716 uel
952 664 1063 719 noster.
1093 655 1178 734 lile,
1204 657 1281 735 quod
1298 659 1411 720 Graece
1426 686 1447 727 p.
1457 673 1503 722 sar,
1513 675 1538 715 21

114 755 225 818 dicitur
247 743 364 829 αὐτός,
384 802 476 818 .....
500 754 591 817 habet
612 755 642 817 in
665 774 698 818 se
719 756 965 835 significationes,
994 765 1027 819 ut
1052 757 1101 820 ille
1123 767 1153 820 et
1174 758 1233 820 ille.
1279 759 1412 838 Iungitur

115 861 203 922 etiam
225 860 340 939 primae
362 875 522 938 personae,
545 863 590 919 ut:

85 981 99 1018 ε
243 958 312 1022 llle
335 978 417 1040 ego,
440 961 502 1041 qui
524 959 706 1038 quondam
729 961 865 1040 gracili
888 960 1102 1023 modulatus
1125 979 1252 1024 auena.

193 1060 204 1144 fl
223 1058 284 1123 113
299 1059 311 1143 ΙΙ
335 1061 470 1141 iungitur
492 1068 522 1123 et
543 1060 707 1134 secundae,
731 1069 780 1124 ut:

521 1163 622 1225 Tune
643 1163 711 1225 ille
734 1183 772 1226 es
794 1163 955 1227 Aeneas?

115 1266 201 1344 ‘Ego’
218 1263 367 1343 quondam
383 1284 439 1344 per
459 1285 491 1327 se
513 1264 665 1345 singulare
681 1275 745 1327 erat
759 1267 823 1328 sine
838 1265 1022 1347 pluralitate:
1046 1268 1182 1330 similiter
1202 1270 1280 1331 ‘nos’
1297 1269 1411 1350 plurale

114 1377 179 1429 erat
201 1367 265 1428 sinc
288 1365 501 1446 singularitate.
546 1367 687 1430 'l'ractum
715 1375 760 1429 est
787 1377 924 1430 autema
949 1369 1154 1433 maiestatihus
1182 1371 1230 1433 uel
1258 1374 1410 1452 potestati·

74 1479 101 1518 1⁰
115 1470 187 1540 bus,
211 1468 320 1547 quihus
342 1466 493 1530 familiaris
515 1487 579 1530 mos
602 1476 647 1530 est
668 1487 786 1549 semper
809 1472 839 1531 in
862 1471 967 1533 edictis
990 1471 1051 1532 suis
1073 1470 1226 1551 pluraliter
1241 1472 1338 1554 loqui,
1363 1483 1409 1535 ut:

115 1573 264 1632 ‘decreuit
286 1578 386 1632 nostra
410 1573 568 1632 maiestas’
612 1569 776 1632 Plurimum
800 1579 914 1644 mouet,
944 1590 998 1635 cur
1019 1574 1115 1653 prima
1138 1581 1169 1634 et
1190 1574 1319 1636 secunda
1342 1593 1410 1654 per·

113 1693 188 1735 sona
210 1672 341 1752 singulas
364 1691 455 1734 uoces
476 1671 602 1742 habeut,
626 1674 713 1734 tertia
735 1691 808 1735 uero
832 1693 893 1734 ser.
932 1674 973 1735 tt
990 1673 1048 1734 hoc
1069 1675 1321 1753 respondendum,
1338 1694 1410 1757 quo·

113 1778 193 1837 niarn
216 1777 311 1854 prima
335 1781 365 1836 et
385 1773 515 1836 secunda
538 1774 638 1836 linitae
665 1781 787 1837 suntet
810 1785 912 1837 mutuo
940 1793 1061 1855 semper
1088 1777 1325 1855 praesentialiter
1348 1796 1411 1839 ser-

113 1878 316 1946 mocinantur,
340 1877 426 1937 tertia
442 1894 517 1937 uero
533 1874 691 1956 aliquando
706 1894 864 1956 praesens,
888 1876 1046 1956 aliquando
1063 1878 1184 1950 absens,
1201 1878 1290 1940 modo
1306 1897 1410 1961 prope,

74 1987 99 2028 ¹⁵
112 1978 203 2041 modo
226 1978 329 2056 longe,
358 1976 447 2038 modo
469 1978 718 2048 demonstratiua,
748 1977 836 2041 modo
858 1979 981 2042 relatiua
1005 1987 1129 2061 propter
1151 1982 1249 2041 uarias
1271 1981 1412 2042 differen-

112 2083 169 2142 tias
191 2096 243 2142 sex
265 2078 353 2140 habet
378 2097 476 2142 uoces.
523 2079 594 2141 ‘llle
616 2080 709 2142 irater
731 2081 829 2159 legit',
853 2080 920 2143 ‘illa
944 2080 1040 2161 puella
1049 2084 1069 2152 ',
1099 2081 1184 2143 ‘illud
1209 2082 1411 2163 mancipium’.

111 2183 167 2244 llic
189 2183 246 2242 iam
269 2181 480 2243 discernuntur
501 2199 622 2260 genera.

199 2284 313 2345 ‘lliuus
335 2300 423 2364 quam
446 2284 545 2344 linita'
569 2285 723 2354 dicontur,
753 2285 771 2344 i.
796 2302 855 2345 non
878 2303 914 2344 ex
943 2292 1005 2346 toto
1035 2303 1131 2365 neque
1159 2286 1292 2365 perlecte
1319 2287 1409 2348 linita.
1421 2300 1449 2342 er.
1459 2303 1565 2354 perros

113 2385 242 2456 Quando
265 2385 344 2446 enim
368 2384 405 2446 de
427 2385 545 2463 cognito
568 2386 615 2446 uel
639 2385 676 2446 de
698 2387 847 2466 praesenti
870 2385 1017 2456 dicuutur,
1041 2387 1123 2448 finita
1139 2395 1222 2458 suul3
1246 2406 1314 2449 cum
1337 2407 1412 2450 uero

72 2499 98 2539 ²⁰
113 2487 152 2548 de
173 2487 324 2564 incognito
346 2486 395 2547 uel
417 2487 454 2547 de
476 2484 607 2555 absenti,
631 2487 743 2548 infinita
767 2495 846 2548 sunt.

199 2587 399 2649 ‘Articularia’
422 2588 561 2650 dicuutur
585 2589 658 2651 haee
680 2591 874 2670 pronomina,
903 2589 1040 2670 eoquod
1063 2609 1119 2670 pro
1140 2591 1273 2652 articulis
1294 2606 1564 2671 ponau·er.r·³5t³⁵

113 2699 172 2751 tur.
218 2691 324 2752 Graeci
351 2698 450 2752 auteur
480 2697 594 2769 partem
623 2690 817 2752 articulorum
841 2690 965 2766 habent,
995 2710 1082 2772 quam
1106 2710 1161 2753 uos
1184 2711 1243 2754 noo
1267 2692 1412 2756 habemus

111 2795 196 2853 etin
226 2791 330 2852 ultimo
358 2809 421 2852 eam
451 2800 579 2870 ponunt,
609 2790 660 2852 ulri
691 2811 744 2854 uos
769 2793 1008 2854 interiectionem
1037 2795 1184 2874 ponimus
1230 2795 1308 2874 Ergo
1338 2795 1412 2856 haec

110 2894 307 2974 pronomina,
337 2893 357 2953 i.
380 2892 429 2952 lric
451 2893 525 2953 haec
547 2892 619 2962 hoc,
648 2894 815 2956 articularia
844 2904 1003 2966 uocantur,
1033 2898 1101 2975 quia
1123 2913 1178 2974 pro
1201 2897 1335 2959 articulis
1357 2915 1410 2975 po·

71 3007 97 3046 2⁵
111 3006 237 3057 nontur.
282 2994 555 3074 ‘Praepositiuum’
578 2993 686 3055 dicitur
709 3014 744 3057 eo
767 2996 845 3075 quod
867 2999 997 3076 primum
1020 3004 1162 3077 penatum
1192 2998 1411 3060 ‘demonstrati-

112 3100 210 3166 uum’,
234 3097 303 3174 quia
325 3097 354 3155 in
378 3095 631 3158 demonstratione
655 3109 791 3176 ponatur,
813 3108 846 3158 ut
868 3098 929 3160 ‘hic
943 3100 1037 3161 lecit’.
1075 3099 1236 3163 Sciendum
1260 3109 1314 3170 est,
1332 3101 1411 3178 quod

112 3199 189 3259 ‘lric’
214 3215 377 3280 pronomen
399 3215 518 3278 semper
540 3195 703 3278 corripitur
726 3209 755 3261 ct
777 3200 851 3261 ‘hic’
874 3199 1048 3262 aduerblum
1072 3202 1264 3281 producitur,
1287 3212 1319 3262 ut
1335 3205 1410 3264 Vir·

110 3299 245 3378 gilius:
523 3300 590 3362 llic
612 3302 686 3371 uir,
710 3301 770 3362 llio
793 3301 949 3364 esttibi.
1503 3289 1512 3404 ll

111 3419 190 3495 llic,
208 3419 256 3480 uir
270 3417 357 3497 legit:
380 3418 468 3480 lruiu
476 3438 500 3496 s,
519 3421 577 3482 uiri
592 3419 733 3499 legentis
757 3421 859 3498 haec,
877 3419 984 3483 mulier
999 3430 1111 3494 cautat;
1135 3423 1212 3493 lace,
1230 3425 1410 3504 mancipium
1424 3407 1535 3512 neatis

70 3521 200 3583 studit.
1518 3531 1526 3614 *z

200 3622 227 3682 ls
249 3623 508 3684 ‘subiunctiuum'
532 3624 655 3695 dicitur,
679 3627 747 3704 quia
771 3642 889 3704 semper
912 3626 1110 3706 subiungitur.
1156 3625 1311 3688 Praecedit
1332 3629 1411 3688 enim
1428 3617 1565 3693 ef·r·⁸⁵i‚³

111 3743 234 3795 nomen,
251 3724 443 3806 subsequitur
458 3743 634 3805 pronomen,
658 3733 704 3787 ut:
729 3729 854 3788 ‘Aeneas
869 3726 947 3789 lilius
963 3729 1099 3800 Veneris;
1124 3729 1149 3788 is
1165 3729 1239 3792 uicit
1254 3728 1411 3790 Turnum!

111 3827 227 3888 Dicitur
250 3834 280 3887 et
301 3826 476 3896 relatiuum,
507 3846 541 3887 eo
571 3827 649 3905 quod
677 3829 862 3908 praecedens
889 3847 998 3890 nomeu
1021 3830 1069 3890 uel
1092 3831 1319 3910 praecedentem
1343 3850 1412 3910 per-

109 3946 216 3990 sonam
239 3937 361 3990 reuocat
383 3928 418 3989 ad
447 3932 638 3999 memoriam,
668 3938 715 3990 ut:
753 3929 911 3992 ‘Dominus
939 3932 1021 3992 lesus
1049 3931 1199 4000 Christus;
1229 3933 1254 3993 is
1278 3941 1337 4008 est,
1361 3934 1413 4013 qui

70 4045 96 4082 ³⁵
112 4032 189 4093 uicit
216 4029 382 4100 diabolum,
405 4028 417 4112 ΙΙ
442 4025 502 4092 tlt
523 4029 534 4113 ΙΙ
556 4033 619 4092 eius
645 4034 739 4110 gralia
769 4031 873 4094 saluati
901 4053 1019 4114 sumus,
1050 4035 1075 4094 ei
1104 4032 1220 4095 laudern
1249 4033 1354 4094 demus
1383 4035 1414 4096 εἰ

111 4134 275 4202 honorem,
306 4150 374 4194 eum
405 4133 574 4202 laudamus,
603 4133 640 4193 ab
664 4153 699 4194 eo
729 4134 876 4216 redempti
904 4137 1030 4197 sumus'
1074 4136 1192 4196 ‘Sancti
1220 4135 1361 4216 apostoli,
1392 4137 1412 4197 ii

111 4243 199 4304 sunt,
221 4236 273 4314 qui
295 4234 382 4296 nobis
405 4234 572 4296 doctrinam
596 4235 756 4305 dederunt,
786 4255 889 4298 eorum
912 4237 998 4299 dictis
1021 4237 1128 4299 eruditi
1150 4255 1266 4306 sumus,
1291 4239 1334 4298 eis
1357 4238 1410 4299 lto·

111 4355 218 4398 norem
248 4336 367 4406 demus,
397 4355 448 4397 eos
476 4335 645 4408 laudamuS,
674 4337 711 4399 ab
740 4340 783 4399 cis
810 4337 907 4400 edocti
930 4343 1056 4401 sumus.’
1100 4339 1223 4402 ‘Sancta
1246 4339 1352 4411 Maria,
1377 4359 1410 4401 ea

183 4627 196 4675 1
217 4621 342 4690 persone]
362 4627 405 4676 Aa
421 4628 543 4692 scriptum
558 4627 623 4690 suite
643 4641 753 4692 persona
767 4626 930 4692 personalis?
999 4626 1079 4686 2llle,
1092 4626 1161 4692 quod
1172 4629 1282 4688 erronutt,
1295 4629 1414 4692 suppleri

183 4708 258 4758 grece
321 4698 343 4762 Ι3
361 4691 448 4760 tranet]
469 4695 523 4745 An:
543 4695 635 4746 multos
653 4694 745 4744 haba?
826 4698 843 4746 5
860 4693 904 4746 lile
921 4693 982 4762 ego]
1005 4695 1085 4758 Verp.
1104 4696 1170 4746 Aen.
1189 4695 1206 4746 I
1224 4699 1238 4746 1
1309 4697 1323 4746 7
1342 4695 1413 4744 Tune

111 4758 270 4882 Μέθῃ.
291 4762 358 4816 Aen,
379 4763 463 4812 1617
531 4779 609 4813 aenea
695 4765 728 4812 ‘22
746 4763 814 4829 greci
900 4765 933 4814 27
953 4760 1089 4829 Virgilius]
1105 4766 1176 4840 sen.
1201 4764 1242 4814 Vl
1261 4767 1310 4817 792
1379 4765 1411 4818 37
