3390 5444
291 319 352 385 13ss
810 317 877 370 ans
895 316 1071 370 nnonrnn

288 511 373 570 Sicut
395 515 455 570 est:
485 525 552 586 ego
576 509 671 588 ipse,
695 504 896 584 Virgilius,
926 507 988 584 qni
1012 505 1192 583 qnondam
1215 506 1349 585 gracili
1374 506 1587 568 modulatus

288 629 417 672 auena.
462 609 535 670 ltem
558 611 657 670 minus
680 625 769 686 quam
790 609 922 678 finitum,
946 607 1066 688 quando
1088 606 1126 668 de
1142 607 1266 670 absente
1281 606 1404 670 dicitnr:
1429 610 1590 688 ‘Virgilius

288 714 410 792 scripsit
432 709 585 780 Bucolica,
608 712 673 788 ipse
695 711 817 790 scripsit
838 711 1005 789 Georgica’.
1037 709 1102 772 ntia
1124 713 1301 790 pronomina
1323 713 1528 789 gentis-sunt,
1554 721 1586 771 ut
1623 724 1628 738 ·

289 815 370 876 cuias
392 819 509 875 nostras
532 821 561 873 et
583 814 695 874 cuiates
718 818 878 880 nostrates,
909 810 946 872 de
973 810 1083 892 quibus
1106 812 1330 873 Priscianus
1350 811 1438 874 dicit:
1476 829 1587 894 prono-

289 919 369 978 mina
398 923 468 977 sunt
495 916 663 976 communia
692 916 784 975 trium
812 931 956 992 generum
980 921 1010 974 et
1032 915 1138 974 tertiae
1167 912 1391 982 rlmlinationis,
1421 921 1455 976 nt
1482 913 1531 974 hic
1560 923 1611 974 ets

288 1018 363 1079 haec
392 1024 422 1077 at
453 1016 511 1077 luc
544 1021 660 1077 nostras
689 1017 832 1077 nostratis
854 1022 884 1077 et
911 1014 961 1076 liic
989 1021 1019 1076 et
1046 1015 1119 1076 haec
1147 1023 1177 1076 et
1207 1013 1264 1074 hoc
1290 1021 1407 1076 uestras
1436 1017 1588 1076 uestratis.

289 1119 410 1181 Nostros
434 1134 506 1195 ergo
530 1126 559 1178 et
580 1127 697 1178 uestras
720 1119 888 1178 communia
912 1125 981 1178 sunt
1004 1118 1093 1177 trium
1116 1123 1271 1193 generum.
1315 1117 1388 1176 item
1412 1118 1494 1177 cuias
1517 1134 1588 1196 pro-

290 1239 397 1282 nomen
421 1221 672 1298 praepositiuum‚
696 1221 773 1280 sicut
796 1217 983 1296 Virgilius
1006 1219 1145 1290 ostendit,
1163 1226 1207 1279 ut:
1233 1219 1328 1280 ‘cuias
1344 1226 1388 1280 est
1403 1221 1459 1279 iste
1475 1218 1589 1286 homo’;

289 1322 540 1390 subjunctatiuum
571 1329 669 1382 autem
697 1337 863 1400 pronomen
893 1327 938 1381 est
965 1327 1081 1381 nostras
1110 1327 1140 1380 et
1168 1329 1290 1382 uestras.
1335 1320 1468 1382 liicimus
1491 1321 1589 1380 enim:

291 1429 421 1485 ‘nostras
445 1430 490 1483 est
511 1424 568 1483 iste
590 1422 714 1483 homo’.
746 1420 837 1483 Verbi
859 1422 968 1499 gratia,
991 1423 1017 1482 si
1040 1439 1088 1481 rne
1110 1424 1278 1501 interrogas
1299 1421 1337 1482 de
1352 1421 1470 1483 Latino:
1494 1424 1592 1483 ‘cuias
1605 1437 1625 1473 ω

288 1527 357 1594 est’,
373 1534 423 1586 aut
438 1524 475 1585 de
490 1524 600 1594 Mauro,
616 1523 685 1586 dico
700 1523 769 1584 tibi:
793 1523 923 1585 ‘nostras
938 1530 984 1583 est
998 1525 1055 1585 iste
1070 1522 1213 1594 Latinus’,
1233 1525 1362 1585 ‘uestras
1377 1533 1421 1585 est
1435 1525 1493 1586 ists
1508 1523 1592 1584 ilau-

289 1628 364 1688 rns’.
408 1626 481 1687 item
504 1625 713 1706 Peperinus
734 1623 807 1686 dicit
829 1623 865 1684 de
880 1624 927 1685 his
942 1623 1184 1704 pronominibus:
1214 1628 1367 1687 ‘uniatis
1389 1635 1478 1689 sunt
1500 1625 1594 1685 haec

290 1728 506 1807 mancipial’
529 1727 817 1806 respondemus:
842 1729 1046 1788 ‘nostratia
1069 1730 1184 1787 sunt'.
1208 1726 1279 1788 ltem
1292 1726 1530 1806 Virgiliusde
1546 1726 1593 1787 his

290 1827 518 1912 pronominibus
534 1826 625 1892 dixit:
655 1837 742 1889 sunt
768 1830 987 1908 pronomina
1016 1827 1214 1889 secundnm
1244 1837 1443 1909 utrumque
1465 1847 1594 1890 nume·

290 1950 378 1999 rum,
394 1947 489 2011 quae
511 1948 576 2010 per
599 1938 775 2010 quattuor
798 1945 906 1991 casus
928 1928 1180 1998 declinantur,
1203 1937 1242 1990 ut
1263 1931 1369 1992 cuias
1391 1931 1535 1991 cuiatis
1560 1938 1628 1990 ets

254 2114 256 2118 Ι
292 2034 525 2094 nominatius
556 2030 697 2110 plurali
731 2032 873 2092 cuiates
901 2039 935 2092 et
963 2033 1103 2093 cuiatia
1132 2038 1167 2092 et
1194 2033 1414 2093 accusatiuo
1450 2028 1595 2111 plurali

292 2136 453 2202 cuiatem
476 2133 530 2193 sic
546 2133 655 2194 etiam
672 2140 821 2194 nostras
837 2135 1492 2195 nostratisetnostratesnostrates.
1518 2132 1596 2193 ilinc

292 2235 637 2313 legituriuvirgiiio:
662 2238 948 2297 nostrasomnis
970 2234 1126 2305 lamilia,
1151 2243 1342 2296 nostrates
1363 2251 1509 2315 quoqne
1532 2253 1598 2314 pe·

291 2355 379 2398 cora
403 2335 564 2398 suadent
592 2336 818 2398 inminentia
846 2335 1043 2399 hostilium
1072 2335 1251 2416 pericula.
1296 2336 1481 2398 Garrinus
1505 2355 1596 2416 quo·

294 2455 365 2515 qne
387 2439 654 2516 grammaticus
683 2440 821 2518 inquit:
846 2446 1036 2499 nostrates
1064 2437 1229 2500 salutate
1258 2439 1413 2508 iratres,
1446 2440 1537 2518 quia
1561 2444 1631 2497 eto
1675 2496 1676 2542 ]

296 2547 488 2600 nostrates
511 2557 575 2600 uos
598 2538 775 2602 salutant.
819 2539 1020 2601 Terentius
1051 2557 1198 2620 qnoque
1228 2539 1342 2601 dixit:
1371 2541 1477 2601 cuias
1504 2557 1597 2617 gens
1676 2592 1677 2604 .

295 2649 334 2702 et
355 2642 504 2702 cuiates
527 2639 657 2721 populi
678 2637 689 2722 ΙΙ
713 2639 733 2702 1.
751 2637 833 2701 11412
858 2639 869 2723 l]
891 2640 1038 2702 litteris
1061 2650 1133 2702 tam
1156 2648 1325 2721 prompte
1349 2640 1468 2703 dediti
1491 2649 1596 2711 sunt,

295 2760 400 2822 quam
423 2741 552 2813 Tusci,
582 2760 738 2822 quorum
764 2750 897 2804 natura
927 2742 1051 2804 lertur
1074 2743 1117 2804 ab
1145 2742 1309 2804 infantia
1332 2742 1513 2822 usquead
1538 2759 1598 2802 ca·

296 2846 428 2905 nitiam
456 2847 669 2924 sapientiae
702 2843 773 2904 soli
807 2842 962 2905 studere
990 2854 1026 2906 et
1055 2842 1151 2905 nihil
1185 2843 1287 2905 aliud
1320 2862 1456 2914 amare,
1489 2863 1597 2923 qnam

295 2963 443 3024 semper
476 2944 761 3025 philosophari‘.l
805 2945 842 3006 Et
870 2948 983 3007 iterum
1006 2945 1193 3023 Virgilius
1226 2945 1263 3006 de
1290 2943 1336 3006 his
1365 2943 1634 3024 pronominibusa

295 3049 435 3109 tractauit
450 3047 566 3108 dicens:
591 3053 672 3108 ‘sunt
692 3046 867 3126 pronomina
889 3048 1004 3126 ignota,
1027 3065 1102 3128 quae
1126 3044 1288 3108 nmltilarie
1311 3045 1487 3108 delectatiua
1511 3054 1596 3114 snot;

302 3233 529 3242 ———

367 3353 381 3400 1
400 3364 449 3415 ego
468 3347 536 3416 ipse]
554 3352 701 3402 Fuerantne
718 3353 804 3416 igitur,
823 3354 866 3418 gni
883 3353 1007 3403 notissimi
1022 3367 1112 3404 ueram
1127 3353 1280 3417 principium
1298 3355 1370 3418 ‘ipse
1388 3355 1450 3418 ego’
1469 3367 1529 3404 esse
1548 3355 1601 3402 nel·

298 3420 368 3469 ient?
419 3418 529 3468 condam
580 3419 725 3470 modulatus
794 3419 942 3471 atocoiica
1010 3417 1203 3485 4Prisrianns]
1222 3420 1288 3484 cfiI
1298 3438 1324 3485 p.
1335 3423 1424 3480 586,5
1492 3421 1600 3472 beom-

217 3493 218 3498 ’
299 3501 376 3536 muna
427 3486 645 3552 8propositiuum
691 3483 827 3553 Virgilius]
847 3487 905 3538 Noa
923 3495 996 3538 extat
1014 3491 1037 3537 is
1054 3491 1123 3538 locus
1140 3491 1211 3552 apud
1223 3489 1326 3539 Maiora.
1381 3490 1411 3538 12
1425 3485 1598 3554 pauperinus]

298 3557 334 3618 cf.
355 3554 387 3604 A.
407 3554 475 3605 Maii
490 3561 557 3610 anet.
575 3557 650 3606 class.
674 3557 732 3605 Vct.
752 3563 810 3605 torn.
833 3554 859 3604 V
868 3572 895 3619 p.
909 3558 943 3604 27
955 3564 1006 3606 not.
1021 3558 1039 3606 3
1057 3571 1092 3606 eae
1111 3555 1254 3620 Gainfrerlo
1271 3563 1435 3621 eseerptrtnt:
1452 3557 1600 3621 Peperitins

298 3624 346 3672 ait:
365 3623 456 3672 cuiatis
475 3633 535 3672 sunt
552 3623 602 3673 ista
620 3623 766 3688 mancipis?
785 3622 971 3688 respondemus
990 3625 1122 3674 nostratia.
1148 3622 1198 3674 Sed
1217 3624 1341 3689 Virgilius
1359 3623 1509 3687 dicitquod
1528 3625 1601 3674 enias

298 3701 323 3740 et
341 3698 443 3739 nostras
462 3701 568 3757 excepto
588 3691 744 3741 nominatiuo
763 3691 896 3753 utriusque
914 3692 1011 3741 numeri
1030 3691 1141 3754 reliquos
1161 3706 1212 3742 non
1225 3691 1319 3741 liabent
1336 3706 1421 3752 casus,
1440 3703 1467 3741 nt
1483 3691 1559 3741 cuias
1578 3703 1602 3740 et

300 3769 401 3808 nostras
420 3768 445 3808 et
463 3757 592 3823 pluraliter
608 3759 705 3809 cuiates
724 3769 861 3812 nostrates.
965 3761 996 3809 13
1014 3760 1152 3825 respondit
1173 3775 1221 3809 nos
1240 3760 1390 3826 nostra]]]tia
1456 3756 1599 3824 Virgilius]

299 3827 333 3890 rs.
353 3827 387 3878 A.
402 3825 459 3876 Mai
473 3828 553 3890 p.27.
564 3829 612 3876 282
633 3825 679 3876 Est
697 3828 772 3876 etism
791 3841 932 3892 pronomen
951 3829 1092 3876 secundnm
1111 3839 1246 3892 utrumqne
1265 3842 1397 3877 numerum
1414 3843 1460 3894 per
1477 3837 1602 3889 quattuor

299 3909 375 3944 castis
394 3893 585 3954 declinandum,
605 3894 670 3944 dnos
689 3893 785 3943 scilicet
802 3895 975 3945 nominatione
994 3893 1153 3959 singularem
1171 3906 1196 3945 et
1214 3895 1349 3961 pluralem,
1372 3895 1439 3945 duos
1456 3911 1541 3957 aeque
1559 3909 1601 3944 ac-

299 3963 443 4022 onsatinos,
463 3974 490 4010 nt
508 3973 610 4011 nostras
629 3971 766 4024 nostrates,
784 3963 855 4012 onias
873 3963 979 4013 cuiatea.
1050 3965 1081 4013 14
1099 3970 1231 4026 ¹²trumqne
1289 3966 1321 4014 lo
1338 3977 1428 4014 caesus
1479 3963 1554 4012 enias
1572 3977 1601 4010 as

299 4031 392 4079 cuiatis
427 4029 612 4079 nominatiuum
667 4031 697 4080 16
715 4030 812 4080 citantes
865 4033 896 4081 l'l
915 4041 1028 4080 nostram
1047 4032 1168 4081 nostratis
1221 4027 1603 4096 18inom.Virgilio]uirglo,

300 4099 335 4161 ef.
354 4097 411 4148 Mat
427 4114 455 4162 p.
474 4099 509 4147 28
594 4099 626 4148 19
646 4095 769 4162 ostilinm]
795 4096 907 4148 hostium
930 4101 1026 4150 emend.
1044 4099 1139 4150 Petrus
1156 4099 1249 4150 Daniel
1316 4095 1450 4164 Garrinns]
1470 4097 1600 4148 Gabritins

305 4165 428 4230 Virgilius
440 4164 507 4216 Mati
558 4167 591 4216 20
608 4166 763 4230 gramaticus
781 4167 842 4215 lucit
892 4167 924 4215 21
943 4165 1042 4229 tertius]
1060 4166 1192 4218 Terentius
1207 4166 1330 4231 Virgilius
1341 4167 1409 4216 Matr
1459 4168 1500 4215 cni
1519 4181 1601 4232 agens

301 4233 335 4284 22
353 4247 404 4295 qna
421 4239 535 4297 prnmrte
603 4235 637 4284 23
654 4233 686 4282 ab
704 4231 827 4283 infantiae
845 4234 920 4283 annis
938 4235 1080 4299 sapientiae
1101 4234 1204 4285 studere
1221 4235 1269 4284 soli
1292 4234 1415 4299 Virgilius
1431 4233 1499 4284 Maii
1569 4235 1602 4284 at

302 4295 428 4365 sapientie
495 4301 529 4351 25
546 4299 736 4366 philosoplrale,
755 4317 823 4351 corr.
842 4300 876 4351 eli
927 4299 1065 4367 Virgilius]
1083 4303 1117 4366 cs.
1136 4305 1245 4366 epitome
1262 4302 1307 4352 IX
1324 4319 1350 4366 p.
1371 4304 1423 4353 138
1441 4301 1522 4352 Mai:
1542 4311 1602 4352 sunt

303 4369 457 4436 pronomina
484 4369 586 4434 ignota,
614 4383 680 4432 quaa
702 4369 838 4419 multifarie
863 4368 988 4418 delectinn
1010 4381 1083 4425 snnts
1114 4369 1236 4420 nonnulla
1264 4371 1331 4419 eninr
1359 4369 1415 4420 solo
1442 4370 1601 4420 nominatius

302 4438 446 4500 flectuntur,
465 4436 532 4487 unde
550 4447 589 4486 est
606 4437 716 4503 uspiam.
753 4435 818 4487 Sunt
835 4451 901 4499 qnae
919 4437 998 4486 trihus
1017 4439 1119 4488 casibus
1139 4439 1273 4488 llectuntur
1290 4440 1374 4488 onium
1392 4439 1432 4486 cui
1452 4439 1526 4503 cuiq
1545 4438 1601 4486 cuia

301 4507 374 4555 cuiae
392 4506 484 4555 cuiam.
521 4503 586 4554 Sunt
603 4519 670 4567 quae
688 4505 854 4555 tetracasibns
871 4504 1042 4566 declinantur,
1071 4505 1190 4556 naheins
1212 4505 1294 4556 helius
1321 4505 1369 4555 heli
1396 4505 1507 4562 helium;
1535 4505 1602 4554 helin

303 4573 384 4623 helius
403 4572 452 4622 heli
471 4571 566 4634 hela'm;
586 4572 669 4622 lrelum
689 4571 771 4622 helius
790 4573 839 4622 lreli
857 4572 951 4624 lrelirm.
988 4571 1053 4622 Sunt
1070 4589 1136 4635 quae
1154 4576 1333 4639 pentacosilrus
1348 4583 1459 4636 intratur,
1474 4585 1601 4622 uteccnrn

304 4642 354 4690 ecci
373 4656 431 4690 ecco
450 4655 537 4690 eccum
555 4655 657 4704 eccum;
679 4655 738 4689 ecco
757 4655 829 4690 eccae
846 4655 931 4690 eccam
950 4656 1007 4690 econ
1026 4655 1097 4702 eecn;
1120 4641 1195 4691 ellum
1219 4641 1259 4692 elli
1286 4641 1334 4691 elio
1357 4640 1432 4690 ellnrn
1455 4640 1513 4694 ello.
1552 4639 1602 4690 Sed

304 4709 395 4774 plurali
412 4719 506 4758 carent.
574 4709 608 4758 ‘26
625 4705 790 4772 delectation]
809 4709 879 4760 Hine
896 4709 1014 4774 corrigas
1029 4708 1164 4774 Virgilium
1175 4711 1243 4760 Matr
1256 4725 1284 4774 p.
1295 4710 1343 4759 27:
1363 4707 1428 4758 Sunt
1446 4711 1601 4775 pronomina

305 4777 398 4837 quibus
416 4776 551 4826 declinatio
570 4775 711 4826 allectatina
731 4776 769 4825 nel
789 4779 968 4827 commutatiun
987 4778 1118 4827 asseritur.
