3412 5452
902 6 909 75 t'

317 384 390 432 cxtr
659 371 708 422 DE
728 368 943 422 commnione
961 367 1268 422 ntnsmnttustttvs

313 561 343 618 in
368 556 454 618 aliam
479 557 607 636 linguam
631 558 788 619 transferri
811 575 870 618 non
895 564 1029 637 possunt,
1053 557 1132 618 unde
1155 558 1253 626 raclra,
1277 575 1352 636 quae
1374 557 1542 618 interiectio
1565 566 1609 616 est

314 661 431 722 ebraice
460 658 511 721 abr
532 661 561 739 (l)
591 663 620 719 in
650 659 705 720 alia
733 678 793 721 non
820 657 857 742 pT
878 659 1005 740 (potesti
1034 659 1156 738 potuiti)
1180 662 1210 719 in
1234 657 1290 719 alia
1318 658 1418 738 lingua
1447 675 1610 736 exponere.

314 761 411 823 Niclril
440 769 538 822 autem
567 761 667 822 ‹liliert
696 770 795 823 utrum
827 779 901 842 pape
934 771 1057 823 accentu
1090 763 1119 820 in
1153 761 1210 822 llne
1245 763 1340 839 posito
1367 769 1418 821 aut
1445 759 1609 839 penultima

314 863 441 924 dicatur:
465 861 601 924 similiter
623 865 653 924 in
677 866 794 925 ceteris.
840 863 992 924 lncondita
1016 881 1064 923 res
1087 861 1196 923 dicitur
1218 863 1373 923 informata
1398 881 1474 942 qnae
1497 861 1609 923 nullam

315 965 441 1025 lormam
465 962 637 1044 nullamque
664 965 755 1026 habet
783 964 985 1026 conditionem
1014 963 1178 1026 secundum
1207 982 1309 1026 omnes
1337 983 1428 1025 uoces
1450 983 1506 1044 pro
1530 964 1611 1025 omni

314 1067 524 1128 interiectione
547 1065 685 1146 deputari
708 1085 783 1146 quae
806 1069 950 1146 cuiusque
977 1067 1122 1146 passionis
1151 1067 1241 1126 animi
1270 1065 1354 1147 pulsu
1384 1085 1439 1146 per
1462 1065 1610 1126 exclama·

314 1169 425 1228 tionem
449 1169 654 1245 proleruntur.
699 1167 826 1247 Explicit
847 1168 973 1228 donatus
996 1170 1089 1228 maior
1105 1169 1191 1229 cuius
1206 1170 1356 1247 expositor
1378 1177 1424 1228 cst
1445 1167 1612 1246 Remigius,

299 1265 309 1294 ⁸
399 1287 461 1346 Sed
482 1305 552 1348 nom
578 1285 649 1365 ipsa
672 1286 807 1362 Remipii
836 1288 929 1347 ueriro
951 1287 1019 1347 cod.
1044 1287 1139 1347 Bern.
1165 1293 1223 1345 366
1246 1288 1397 1362 praebeat
1424 1304 1523 1361 neque
1550 1303 1612 1346 mn-

315 1395 380 1449 tata
399 1388 502 1464 potins
517 1407 579 1465 per
600 1387 665 1450 eius
688 1387 866 1464 discipulos,
890 1387 959 1449 iure
981 1387 1118 1450 dubitari
1135 1395 1242 1464 potest.
1282 1389 1359 1448 Nom
1382 1390 1613 1464 6666616666-

266 1515 269 1522 ’
314 1493 370 1551 der
392 1493 430 1553 de
451 1489 533 1552 Villo
548 1489 606 1550 liei
627 1490 660 1551 in
682 1509 736 1552 suo
752 1489 926 1552 doctrinali
948 1488 1006 1564 (cf.
1026 1489 1155 1551 Titoroti
1169 1488 1278 1550 librom
1295 1508 1330 1567 p.
1349 1495 1422 1565 667)
1438 1487 1614 1564 Remmium

313 1591 469 1654 contendit
490 1594 528 1652 de
550 1592 663 1654 Donati
683 1592 828 1655 editionis
849 1591 977 1653 maioris
997 1595 1064 1653 loco
1080 1610 1115 1668 p.
1133 1599 1202 1668 385,
1228 1601 1247 1651 t
1269 1593 1309 1653 K.
1333 1590 1528 1668 exposuisse:

399 1694 565 1756 Donatus
591 1694 664 1757 dicit
692 1697 722 1755 in
750 1696 855 1755 maiori
884 1692 1047 1754 uolumine:
1077 1694 1169 1754 ‘Sunt
1192 1692 1282 1754 uerba
1307 1693 1454 1755 delectiua
1475 1691 1535 1754 alia
1560 1709 1615 1772 per

318 1795 423 1856 modos
446 1803 480 1856 ut
494 1795 591 1856 cedo'.
609 1843 615 1857 .
635 1843 641 1857 .
665 1796 856 1874 Remigius
879 1795 951 1856 dicit
973 1796 1147 1875 exponendo
1163 1795 1308 1857 llonatum
1324 1796 1381 1856 sic:
1404 1794 1498 1857 ‘Cedo
1514 1795 1617 1855 delicit

316 1916 372 1979 per
395 1896 499 1958 modos
522 1900 589 1977 quia
612 1917 671 1959 non
693 1897 783 1959 habet
805 1899 862 1957 nisi
884 1897 1044 1959 secundam
1072 1914 1228 1975 personam
1256 1899 1287 1958 in
1310 1899 1441 1978 presenti
1463 1905 1615 1976 ternpore.

315 2000 442 2061 Facesso
464 1998 541 2060 idest
568 2001 741 2080 trequentcr
770 2001 846 2061 lacio
876 2009 905 2060 et
934 1999 1082 2060 interdum
1106 1998 1228 2061 discedo
1251 2008 1280 2060 et
1298 1998 1448 2060 interdurn
1472 1999 1616 2060 desidero

317 2102 414 2163 delicit
440 2119 494 2180 per
521 2102 640 2162 lormes.
685 2101 750 2162 Non
779 2102 861 2161 uenit
889 2121 904 2161 a
933 2100 1126 2190 perlectatiua
1149 2103 1258 2172 torma,
1282 2101 1334 2161 sed
1358 2101 1615 2179 frequentatiuam

317 2206 444 2264 sormam
467 2202 556 2263 habet
577 2206 703 2264 tantum'
727 2237 777 2272 —-,

239 2293 241 2297 ’
437 2303 501 2366 eius
522 2303 602 2364 niltit
621 2303 719 2365 simite
739 2303 852 2379 lepitur
873 2307 960 2380 opud
979 2308 1047 2367 cod.
1072 2313 1130 2366 366
1153 2305 1324 2381 Remipiom
1343 2305 1372 2378 f.
1397 2313 1455 2364 34⁰
1475 2309 1539 2366 col.
1566 2306 1617 2368 ΙΙ.·
1696 2301 1697 2344 t

403 2407 481 2468 Cedo
504 2425 563 2468 non
587 2406 676 2467 habet
704 2408 760 2467 nisi
788 2409 989 2485 inperatiuum
1014 2407 1180 2488 imperatio)
1205 2417 1234 2468 et
1256 2416 1301 2468 est
1316 2406 1446 2468 secunde
1468 2425 1617 2485 persone.
1696 2409 1697 2436 ³

315 2511 443 2572 Facesso
465 2507 543 2588 quod
567 2517 611 2570 cst
633 2507 669 2569 de
692 2508 820 2570 secunde
844 2517 941 2570 tamen
966 2503 1032 2587 (tin)
1057 2509 1181 2570 uerbum
1197 2511 1262 2570 sine
1279 2510 1409 2589 perlecta
1433 2508 1530 2569 lorma
1550 2527 1618 2569 esse
1696 2489 1697 2508 ¹

316 2612 451 2680 uidetur;
481 2629 548 2671 nam
578 2610 653 2670 tacto
682 2611 770 2671 lacito
798 2610 863 2670 laxo
886 2611 970 2679 lacit,
1002 2611 1084 2672 nullo
1113 2613 1191 2672 enim
1223 2612 1316 2673 uerlro
1345 2618 1469 2692 quartus
1500 2611 1619 2690 gradus

319 2714 491 2775 admittitur.
1001 2775 1002 2778 ,

399 2815 461 2876 Sed
494 2832 532 2876 ne
563 2813 597 2874 in
631 2812 822 2874 Einsidlensi
855 2812 975 2889 quidem
1007 2823 1173 2877 commento
1207 2833 1333 2891 prorsas
1365 2816 1469 2875 eodem
1503 2825 1619 2876 entant

313 2937 345 2994 p.
373 2925 438 2993 257,
464 2923 507 3000 ot
522 2951 564 2960 -
590 2923 656 2990 263,
684 2924 708 2989 1,
733 2932 914 2992 quamquam
936 2915 1112 2978 Alexandri
1132 2921 1217 2978 locus
1243 2920 1336 2978 mutto
1357 2917 1456 2993 mapis
1478 2917 1514 2977 in
1540 2917 1618 2978 Ein-

314 3019 475 3080 sidlensern
497 3017 616 3092 libram,
641 3034 730 3093 quam
752 3017 786 3078 in
810 3018 993 3079 Beruensem
1016 3020 1158 3094 quadrat.

400 3123 449 3180 Ac
475 3119 549 3182 uide
570 3136 683 3196 porro,
717 3136 806 3194 quom
835 3119 997 3180 dissimilia
1024 3119 1085 3180 sint
1111 3119 1193 3180 inter
1218 3138 1250 3180 se
1273 3119 1428 3196 utriusque
1449 3121 1618 3182 commenti

316 3221 426 3292 initia;
457 3239 528 3282 nam
551 3223 600 3282 uel
620 3220 648 3282 si
669 3223 835 3282 contendas
856 3221 947 3294 talia,
979 3221 1085 3297 quatio
1107 3221 1140 3281 in
1163 3224 1231 3282 cod.
1257 3229 1314 3282 366
1332 3221 1509 3298 praernima
1533 3233 1616 3296 sunt,

316 3324 349 3384 in
370 3322 529 3384 commenti
553 3321 756 3383 Einsidlensis
777 3341 813 3382 ea
833 3331 934 3399 porte,
959 3341 1020 3398 quo
1035 3326 1073 3384 de
1087 3324 1207 3384 nomine
1221 3325 1380 3399 opsiano,
1405 3327 1619 3402 6666616666·-

317 3424 384 3486 dita
408 3427 454 3502 (p.
482 3431 552 3501 231)
575 3424 646 3485 olim
668 3428 747 3486 lecta
765 3424 874 3498 fuisse,
899 3437 998 3485 tamen
1021 3425 1120 3486 minos
1147 3435 1218 3502 apte
1240 3425 1295 3486 uni
1316 3425 1471 3501 eidemque
1494 3425 1620 3487 homini

275 3541 276 3544 ’
316 3526 656 3601 commonuerimus,
681 3526 794 3603 qnippe
819 3543 886 3588 cum
909 3525 1110 3588 Einsidlensis
1139 3537 1355 3588 commentator
1370 3547 1406 3604 p.
1432 3531 1620 3590 2191audet

319 3627 431 3688 Donati
452 3628 612 3690 conniiam
635 3647 654 3688 a
678 3646 750 3689 6666
771 3627 958 3703 r'ncolaantis,
991 3629 1156 3690 Beroensis
1185 3648 1258 3691 uero
1285 3647 1388 3690 eoram
1410 3627 1567 3690 rationem
1591 3637 1620 3690 et

316 3741 440 3790 enarret
464 3739 494 3790 et
521 3729 588 3806 ipse
614 3738 769 3806 sequatur,
801 3729 854 3805 qui
876 3729 1019 3790 editionis
1048 3733 1200 3792 secandae
1231 3735 1298 3793 loco
1327 3730 1431 3808 primo
1460 3731 1620 3793 orationis
1695 3709 1696 3720 ἵ

314 3841 419 3909 partes
446 3834 641 3893 collocandos
662 3850 726 3892 esse
747 3841 896 3892 censeant.
1695 3829 1696 3832 ’

399 3935 467 3994 Iam
499 3933 656 4010 expositor
690 3933 855 3994 Bernensis
886 3933 920 3992 in
950 3937 1013 4006 fine
1041 3934 1234 4010 pronominis
1264 3936 1293 4009 f.
1325 3934 1378 3995 32ι
1408 3938 1465 3996 col.
1489 3937 1511 3996 I
1538 3939 1620 3996 itaer

314 4035 457 4113 scripsit:
480 4037 591 4098 Neuter
614 4045 681 4096 uter
705 4054 780 4096 unus
802 4035 876 4095 alter
898 4034 974 4096 alius
997 4045 1053 4100 etc.
1079 4072 1116 4080 -
1141 4057 1176 4097 eo
1205 4037 1283 4115 quod
1310 4036 1441 4099 articulis
1464 4039 1495 4098 iu
1521 4039 1620 4100 decli-

317 4143 435 4200 natione
459 4157 517 4199 non
541 4139 684 4218 indigent.
730 4137 828 4198 Voluit
850 4145 882 4199 ut
904 4137 1032 4199 arlritror
1049 4137 1104 4197 lroc
1120 4140 1267 4200 offirmare
1289 4142 1319 4199 in
1343 4157 1401 4218 quo
1425 4141 1538 4200 multos
1564 4141 1619 4201 du·

316 4240 410 4302 bitere
425 4241 546 4310 sciebat,
562 4240 613 4302 sed
629 4240 852 4301 Priscianus
868 4249 948 4300 certa
966 4243 1083 4300 nomina
1108 4259 1142 4301 ao
1165 4241 1200 4320 pi
1220 4243 1347 4302 alllrmat
1369 4260 1433 4302 esse
1451 4242 1618 4316 dotasse:

316 4347 435 4405 nomina
460 4343 533 4404 haec
555 4344 731 4423 pronomina
748 4343 826 4420 etc).
865 4340 979 4402 lleindc
1002 4343 1030 4404 in
1054 4345 1155 4422 priore
1178 4343 1307 4404 editione
1331 4362 1378 4404 me
1402 4343 1439 4403 de
1454 4345 1511 4404 lrao
1530 4357 1620 4424 parte

316 4447 387 4506 satis
409 4445 518 4507 dixisse
539 4445 685 4514 arbitror,
713 4442 798 4524 plura
827 4462 907 4504 nuno
929 4443 1062 4505 scribere
1087 4464 1144 4506 non
1168 4464 1242 4525 opus
1264 4465 1329 4506 esse
1353 4446 1479 4508 uidetur.
1532 4448 1620 4518 Qurre

316 4565 384 4610 cum
409 4546 490 4608 libro
520 4545 707 4608 Einsidlensi
733 4565 765 4622 p.
792 4553 863 4620 250,
892 4555 980 4606 t—tJ
1008 4565 1069 4608 non
1097 4545 1340 4630 consentiorum)
1390 4547 1494 4608 Simili
1525 4551 1620 4611 modo

386 4783 414 4848 *l
434 4786 517 4848 Atque
534 4785 559 4834 in
578 4785 725 4834 uniuersum
745 4783 792 4834 lroc
810 4785 842 4833 de
860 4785 1020 4849 pronominis
1040 4785 1210 4851 explicatione
1229 4787 1305 4836 stetui
1324 4797 1420 4852 potest,
1445 4788 1573 4852 exiguam
1593 4787 1619 4838 iu

317 4853 365 4904 hac
382 4864 454 4926 perte
473 4854 605 4918 utriusque
623 4853 679 4902 libri
698 4853 890 4902 similitudinem
908 4852 1073 4920 deprehendi.
