3390 5444
742 367 867 422 SERGII
885 369 1155 423 EXPOSITIONES

796 558 845 620 DE
866 557 1097 621 Pnononrnn.

389 661 557 722 Pronomen
587 659 658 739 quid
687 661 746 721 esi?
789 660 958 721 Pronomen
992 662 1048 722 hac
1075 663 1188 723 ratione
1217 662 1335 722 uidetur
1364 661 1487 730 dictum,
1519 661 1588 739 quod

305 763 439 840 fungitur
473 761 569 823 oliicio
603 764 745 832 nominis,
782 769 814 822 ui
840 763 879 823 sit
911 781 1077 843 pronomen
1108 780 1157 823 res
1185 765 1279 842 posita
1307 781 1363 842 pro
1390 763 1517 826 nomine.
1556 762 1590 824 Et

306 865 396 932 scias,
426 863 573 942 quomodo
602 882 767 944 pronomen
790 863 923 943 iungitur
946 865 1043 926 ollicio
1065 865 1204 927 nominis.
1248 865 1280 926 Si
1302 866 1342 925 ita
1366 863 1460 925 dicas:
1485 863 1589 925 ‘Cicero

304 968 424 1046 scripsit
451 973 548 1027 sectas
575 966 731 1038 verrinas,
759 969 825 1046 ipse
854 968 972 1046 scripsit
1000 977 1096 1029 sectas
1125 974 1155 1028 et
1181 965 1386 1046 Philippicas',
1410 983 1481 1026 ecce
1501 966 1607 1049 ‘ipse's

304 1085 470 1148 pronomen
494 1077 523 1128 et
546 1069 674 1146 positum
699 1086 734 1128 eo
756 1067 837 1138 loco,
867 1067 918 1130 ubi
940 1072 1033 1150 possit
1055 1087 1164 1130 nomen
1187 1051 1267 1148 poni.
1311 1067 1391 1146 Ergo
1414 1084 1452 1127 ne
1474 1067 1588 1127 nominis

302 1172 422 1231 iteratio
450 1169 600 1230 fastidium
630 1177 816 1247 procrearet,
845 1188 900 1249 pro
928 1169 978 1231 illo
1006 1173 1127 1232 nomine
1150 1170 1288 1232 ‘Cicero’
1317 1183 1483 1250 pronomen
1505 1167 1588 1246 ‘ipse'

304 1273 448 1351 positum:
473 1272 550 1350 ‘ipsc
571 1272 691 1350 scripsit
711 1271 902 1351 Philippicas'
927 1279 956 1333 ei
977 1234 1092 1334 ignium
1117 1273 1174 1333 boc
1196 1273 1340 1350 significat
1368 1286 1493 1339 nomen,
1520 1271 1587 1330 acsi

303 1372 414 1435 dixeris
436 1371 575 1437 ‘Cicero'.
621 1372 691 1434 ldeo
713 1372 825 1434 dicium
849 1380 894 1434 est
914 1392 1096 1454 pronomen,
1119 1373 1199 1454 quod
1221 1372 1287 1434 loco
1309 1375 1440 1439 nominis
1463 1389 1526 1433 esse
1545 1389 1587 1450 po·

303 1477 372 1536 luit:
401 1475 454 1536 ubi
477 1493 585 1535 nomen
610 1493 674 1536 esse
697 1477 806 1555 potuit,
834 1474 876 1536 ibi
898 1477 1026 1556 positum
1050 1483 1094 1538 est
1115 1495 1281 1557 pronomen
1296 1521 1440 1537 ......
1480 1472 1549 1534 Nam
1567 1473 1615 1534 siu

302 1577 359 1638 boc
382 1579 470 1658 ‘ipsc'
494 1577 639 1655 siguificat
662 1594 842 1655 pronomen,
865 1578 944 1657 quod
968 1579 1113 1656 significat
1134 1596 1243 1640 nomen
1266 1576 1410 1644 ‘Cicero',
1440 1575 1521 1652 quasi
1541 1592 1587 1633 uua

302 1697 371 1758 pars
398 1681 541 1740 orationis
571 1686 601 1738 et
628 1697 686 1738 non
715 1677 818 1740 debuit
846 1678 985 1740 discerni.
1031 1679 1089 1741 Sed
1118 1681 1174 1742 hoc
1203 1683 1342 1748 interest,
1373 1677 1453 1756 quod
1482 1677 1587 1737 nomine

302 1781 398 1861 posito
426 1779 514 1860 plena
543 1789 587 1840 est
616 1779 781 1856 eloquutio,
809 1779 840 1840 in
869 1782 1047 1859 pronomine
1076 1799 1135 1842 non
1165 1790 1208 1843 est
1235 1773 1333 1862 plens.
1379 1779 1454 1841 Nam
1483 1777 1587 1859 quando

303 1883 370 1943 dico
398 1882 520 1944 ‘Cicero
549 1882 668 1959 scripsit
696 1882 862 1950 Verrinas',
892 1879 979 1958 plena
1007 1890 1052 1942 esi
1074 1881 1240 1963 eloquutio;
1279 1881 1397 1960 quando
1428 1882 1494 1942 dico
1521 1881 1586 1958 ‘ipse

302 1985 421 2063 scripsit
442 1982 643 2063 Philippicas',
667 1981 840 2060 semiplena.
1326 2019 1331 2030 ·
1597 2003 1616 2043 n

387 2085 561 2146 Pronomini
584 2091 657 2162 quot
679 2082 834 2145 accidunt?
874 2084 956 2155 Quae
979 2086 1066 2146 etiam
1090 2087 1204 2145 nomini
1227 2084 1339 2164 absque
1362 2103 1421 2147 una
1444 2103 1487 2146 re.
1524 2081 1587 2143 Con·

303 2189 417 2268 paratio
440 2185 548 2249 accidit
571 2186 696 2253 nomini.
721 2187 891 2264 pronomini
913 2192 1010 2247 autem
1034 2203 1204 2263 numquam.
1250 2186 1379 2248 Persona
1403 2173 1509 2248 accidit
1528 2202 1588 2264 pro·

303 2289 430 2358 nomini,
454 2288 568 2349 nomini
590 2305 759 2367 numquam.
805 2286 937 2359 Qualitas
958 2304 1054 2365 genus
1081 2305 1226 2349 numerus
1252 2290 1346 2367 figura
1375 2306 1462 2350 casus
1483 2287 1587 2364 utrique

303 2386 672 2472 commessationem.
813 2369 829 2397 ·

388 2492 518 2565 Qualitas
550 2491 759 2570 pronominum
793 2492 825 2550 in
855 2507 929 2568 quas
957 2489 1100 2551 diuiditur
1127 2491 1246 2570 partes?
1290 2490 1386 2552 Omne
1415 2507 1520 2551 nomeu
1546 2495 1615 2551 ants

303 2597 457 2674 proprium
486 2599 531 2654 cst
557 2600 608 2652 aut
636 2590 862 2671 appellatiuum,
891 2593 935 2652 sic
957 2610 1044 2654 omne
1066 2611 1230 2673 pronomen
1254 2592 1441 2653 sublinitum
1464 2591 1586 2652 antini·

303 2698 407 2757 nitum.
452 2694 535 2766 Quod
559 2703 603 2755 est
625 2694 758 2755 linitum?
786 2693 870 2765 Quod
894 2693 995 2755 definit
1016 2683 1175 2773 persona'm
1199 2711 1254 2754 nec
1277 2694 1387 2773 patitur
1411 2711 1465 2754 nos
1487 2709 1585 2761 errare,

303 2797 355 2859 sed
385 2798 563 2875 constringit
590 2795 626 2856 ad
655 2813 743 2856 unam
772 2795 1026 2873 significationem.
1076 2795 1201 2867 Quando
1230 2795 1298 2856 dico
1326 2798 1428 2872 ‘ego’,
1456 2792 1585 2872 numquid

303 2907 388 2980 poles
416 2901 514 2978 ipsum
544 2897 590 2957 uel
615 2900 705 2959 istum
730 2895 777 2957 uel
800 2895 925 2958 alterum
947 2896 1139 2976 intellegeret
1184 2894 1310 2969 Quando
1332 2894 1398 2958 dico
1423 2901 1498 2966 ειη’,
1525 2893 1585 2973 quid

198 2995 201 3002 '
302 2987 457 3078 intellegas
480 2998 569 3060 alium
592 3000 650 3060 uisi
674 3007 702 3059 te
725 2998 839 3059 solum?
876 2996 953 3059 ‘llle’
977 3000 1040 3060 sine
1063 2998 1153 3060 dubio
1175 2996 1394 3075 intellegendus
1417 3008 1470 3060 est.
1595 3019 1614 3058 ss

388 3101 484 3162 Finita
507 3117 578 3178 crgo
600 3102 777 3179 pronomina
799 3102 855 3162 ists
878 3108 947 3161 sunt
969 3107 1096 3160 tantum:
1127 3117 1181 3179 ego
1204 3097 1323 3169 tuille,
1354 3117 1430 3176 quae
1458 3099 1587 3160 deliniunt

304 3211 400 3264 certas
422 3220 576 3282 personas*
619 3201 718 3263 Prima
741 3219 867 3280 persona
891 3202 970 3280 ‘ego'
999 3219 1118 3283 semper
1133 3195 1220 3262 'finita
1244 3211 1296 3270 est,
1321 3199 1394 3261 ‘ille'
1418 3219 1490 3263 uero
1512 3201 1586 3260 tertia

303 3323 430 3385 persona
453 3302 612 3382 aliquando
636 3321 694 3364 non
718 3305 799 3364 linita
823 3311 877 3367 est.
922 3303 994 3364 Nam
1018 3305 1043 3363 si
1066 3321 1207 3383 praesens
1231 3304 1269 3364 sil
1291 3301 1355 3372 ille,
1385 3301 1422 3362 de
1445 3319 1501 3380 quo
1521 3301 1583 3361 dici·

304 3416 363 3477 tur,
387 3415 457 3467 tunc
480 3405 563 3466 ‘ille'
587 3423 751 3485 pronomen
775 3405 890 3464 linitum
919 3413 972 3464 est.
1017 3404 1049 3465 Si
1077 3413 1174 3466 autem
1202 3405 1239 3465 de
1267 3403 1390 3465 absente
1418 3406 1458 3464 sit
1483 3401 1585 3470 relatio,

303 3508 379 3570 ‘ille'
403 3510 462 3568 erit
484 3507 643 3576 inlinitum,
668 3514 809 3584 utputa,
833 3507 929 3584 siquis
951 3514 1050 3585 potest
1072 3514 1102 3566 et
1124 3505 1186 3567 ‘ille
1209 3513 1239 3567 et
1261 3507 1331 3567 isis'
1355 3523 1430 3567 esse.
1537 3569 1540 3576 ,
1593 3525 1612 3563 so

388 3609 458 3671 ideo
482 3609 590 3670 dicitur
611 3609 757 3668 inlinitum
773 3624 955 3686 pronomen,
979 3607 1055 3687 quod
1072 3625 1131 3667 non
1148 3607 1282 3669 deliniuit
1296 3614 1407 3668 certam
1423 3623 1583 3687 personam:

304 3729 376 3789 crgo
399 3714 454 3772 ista
477 3717 522 3771 est
544 3708 678 3789 qualitas,
703 3726 778 3788 quae
801 3708 907 3769 diuidit
929 3711 1121 3788 pronomina:
1145 3718 1195 3770 aui
1216 3710 1297 3770 linita
1319 3709 1390 3770 lacit
1412 3717 1462 3771 aut
1475 3709 1581 3774 infinita,

303 3813 355 3875 scd
378 3814 458 3874 linita
479 3811 518 3873 lll
541 3819 623 3882 sunt,
646 3810 761 3888 reliqua
784 3813 883 3871 omnia
905 3811 1019 3871 infinita
1042 3810 1192 3873 dicuntur.
1568 3813 1573 3820 '

388 3915 431 3976 De
446 3931 566 3992 genere.
597 3913 710 3974 Accidit
724 3929 818 3990 genus
833 3911 1028 3972 masculinum
1049 3913 1130 3991 quis,
1155 3912 1328 3973 femininum
1344 3909 1435 3992 quae,
1458 3917 1580 3972 neutrum

303 4017 396 4098 quod,
426 4033 582 4077 commune
605 4033 641 4075 cn
664 4013 781 4075 duobus
808 4012 983 4092 generibus:
1013 4014 1108 4094 qualis
1132 4015 1179 4075 uir
1207 4013 1301 4093 qualis
1323 4013 1440 4083 mulier,
1463 4012 1524 4074 talis
1543 4011 1610 4071 uirs

370 4324 385 4372 2
404 4335 546 4387 pronomen
565 4336 594 4368 sc
674 4321 690 4368 5
708 4318 810 4368 scribsit
828 4318 852 4367 id
871 4327 955 4366 sectas
974 4319 1090 4367 narriuss
1109 4318 1166 4383 ipsc
1184 4319 1287 4368 scribsit
1304 4329 1386 4370 rectos
1405 4331 1430 4370 et
1446 4315 1578 4386 philipsicss

371 4387 465 4454 sectas]
487 4391 530 4439 An
550 4389 673 4438 Graecum
691 4383 777 4452 τόμος
795 4388 980 4450 interpretatus
998 4388 1054 4436 esi?
1071 4386 1106 4449 cs.
1123 4387 1210 4450 praef.
1290 4388 1307 4436 8
1325 4389 1429 4438 scribsit
1445 4385 1578 4452 philipsicss

303 4463 335 4511 10
355 4461 416 4510 Post
429 4468 468 4507 est
485 4471 627 4523 pronomen
640 4459 759 4506 nonnulla
772 4456 804 4504 de
816 4470 897 4520 nepam
908 4454 1013 4505 nominis
1024 4460 1049 4504 ct
1063 4457 1220 4518 pronominis
1232 4458 1287 4506 inre
1299 4458 1458 4506 intercidisse
1469 4455 1577 4506 ncesse,

302 4529 389 4596 pridies
406 4541 546 4592 pronomen
563 4526 679 4574 imnerico
697 4526 839 4574 intercedo
855 4531 947 4587 parles
964 4524 1089 4573 orationis
1105 4526 1208 4574 uersari
1225 4529 1316 4574 auctor
1333 4525 1503 4576 contenderat.
1552 4517 1575 4566 11

301 4593 381 4660 quod]
400 4609 465 4657 quse
534 4595 567 4643 14
584 4592 686 4641 scribsit
703 4593 853 4654 uerriuss„
872 4594 903 4640 15
921 4591 1023 4641 scribsit
1041 4589 1192 4655 philipsicss
1245 4593 1277 4641 19
1294 4587 1450 4656 communis]
1469 4589 1578 4640 Secuntur

300 4666 326 4714 in
338 4665 425 4714 codice
438 4661 529 4712 uerbo:
551 4675 642 4709 ironico
655 4673 796 4724 pronomen
810 4659 845 4708 liii
863 4667 923 4708 suut
935 4674 968 4708 en
981 4659 1082 4722 ordine,
1102 4675 1206 4724 qnorum
1217 4675 1316 4710 censum
1327 4677 1378 4712 non
1390 4659 1505 4726 expedio.
1549 4652 1576 4765 2¹⁹

1543 4735 1556 4766 ll

299 4779 468 4903 ggoffllquae
516 4778 686 4896 l‹ppsredillnit
753 4777 922 4828 cecinerunt
990 4779 1023 4829 29
1041 4775 1111 4842 tnnc]
1130 4777 1178 4828 lioc
1247 4781 1276 4830 31
1297 4775 1378 4846 quod]
1397 4793 1460 4843 quse
1506 4769 1576 4822 difidit

404 4864 498 4908 ‚corn
