3394 5448
492 413 568 466 CVM
585 415 791 466 excuseris
808 414 971 467 multrare
1236 428 1380 478 ccxxvu

97 605 181 664 ‘hinc’
212 603 312 674 ‘inde',
348 605 484 682 quamuis
516 601 679 681 legerimus
712 602 891 665 ‘desursum’
925 601 1091 664 ‘desubtus’
1125 609 1154 663 et
1185 603 1318 665 ‘exinde'
1352 613 1382 666 et

96 689 243 768 ‘abusque’
266 695 295 748 et
318 687 466 756 ‘dehinc';
491 689 542 749 sed
565 687 639 749 haec
660 693 809 766 tamquam
832 707 921 750 unam
944 695 1057 769 partem
1080 690 1222 751 orationis
1244 688 1300 751 sub
1321 707 1380 751 uno

96 783 210 834 accentu
230 774 466 850 pronuntiamus.

172 943 295 1004 Nomina
316 945 469 1004 ciuitatum
490 960 545 1022 per
560 943 677 1022 qualem
692 961 794 1004 casum
810 944 989 1022 proterenda
1005 946 1092 1005 suntl
1129 943 1252 1015 Quando
1266 948 1380 1026 primae

71 1037 123 1090 set
138 1031 236 1090 tertiae
258 1028 463 1090 declinationis
485 1031 603 1097 tuerint,
627 1035 659 1089 ut
681 1039 749 1108 puta
773 1029 847 1089 haec
861 1027 999 1099 Emerita,
1023 1029 1110 1090 huius
1124 1029 1283 1102 Emeritae,
1306 1031 1378 1091 haec

96 1113 235 1191 Karthago
258 1113 346 1174 liuius
361 1113 559 1192 Karthaginis,
583 1131 637 1193 per
660 1113 793 1174 datiuum
815 1132 917 1174 casum
940 1115 1117 1193 proterenda
1141 1124 1218 1184 sunt,
1242 1126 1274 1176 ut
1297 1124 1376 1195 puta,

93 1201 117 1260 si
136 1200 359 1277 interrogauerit
381 1210 411 1259 te
433 1201 511 1278 quis:
542 1198 606 1259 ‘ubi
628 1200 700 1274 est,
731 1197 880 1276 responde
902 1216 958 1278 per
979 1200 1111 1260 datiuum
1134 1217 1249 1262 casum:
1280 1200 1378 1262 ‘Eme-

93 1285 161 1344 ritae
187 1286 262 1345 sum’
286 1283 472 1362 ‘Karthagini
501 1287 588 1345 sum’.
632 1282 756 1354 Quando
785 1292 881 1344 autem
911 1285 1059 1346 secundae
1089 1284 1292 1346 declinationis
1315 1285 1378 1346 iue-

94 1371 159 1438 riut,
193 1387 246 1449 per
274 1371 439 1446 genitiuum
467 1386 566 1429 casum
597 1369 772 1447 proferenda
802 1377 885 1430 sunt:
928 1368 975 1430 laic
1003 1367 1125 1432 Toletus
1153 1369 1242 1431 huius
1269 1369 1376 1440 Toleti,

62 1477 81 1513 10
95 1452 249 1534 respondes
277 1471 332 1534 per
359 1455 523 1531 genitiuum
551 1472 668 1514 casum:
705 1454 813 1516 ‘Toleti
840 1456 928 1514 sum'.
979 1453 1103 1514 Nomina
1131 1455 1284 1517 ciuitatum
1311 1473 1378 1516 eum

91 1539 352 1619 praepositionibus
375 1537 553 1619 proterenda
575 1548 644 1599 sunt
665 1557 703 1599 an
727 1539 804 1599 noni
840 1537 915 1608 Non,
938 1539 1005 1619 quia
1022 1541 1202 1618 praepositio
1217 1559 1278 1601 non
1292 1549 1376 1601 ante·

91 1625 218 1703 ponitur,
247 1643 323 1704 quae
351 1625 514 1703 prouinciis
542 1623 613 1684 loeis
641 1622 850 1702 regionibusue
875 1622 953 1684 adici
974 1622 1079 1684 solent.
1124 1623 1377 1695 Quemadmodum

91 1710 200 1770 nomina
231 1711 385 1770 ciuitatum
417 1711 481 1770 sine
508 1708 778 1789 praepositionibus
805 1708 1016 1788 proteruntur,
1046 1711 1266 1788 prouinciarum
1289 1720 1377 1791 atque

91 1792 215 1855 locorum
238 1793 386 1872 quomodo
409 1793 586 1874 proterenda
610 1794 696 1855 sunt?
740 1794 813 1856 Cum
835 1794 1124 1874 praepositionibus,
1154 1803 1187 1854 ut
1209 1795 1258 1855 ‘de
1280 1797 1379 1856 Africa

60 1881 193 1950 suenio,
222 1879 270 1941 ‘ad
293 1877 424 1940 Siciliam
447 1883 563 1958 pergo'‚
593 1881 636 1939 ‘in
659 1877 741 1942 ltalia
763 1881 853 1950 sum',
877 1886 1001 1959 excepto
1024 1877 1154 1941 ‘domum
1178 1879 1306 1941 consulis
1329 1883 1377 1942 eo’

92 1971 118 2024 et
137 1966 198 2025 ‘rus
219 1967 278 2035 eo’,
295 1963 388 2042 'quod
411 1967 477 2025 sine
498 1965 718 2046 praepositione
741 1963 900 2026 dicendum
923 1972 975 2025 est.
1020 1963 1145 2035 Quando
1167 1965 1202 2024 ad
1226 1965 1377 2027 ciuitatem

92 2048 214 2111 ambulat
240 2051 306 2130 quis
334 2058 364 2113 et
392 2051 593 2128 interrogatur
623 2048 744 2129 aliquis:
774 2049 837 2110 ‘ubi
859 2049 1034 2118 ambulasi’,
1063 2068 1116 2128 per
1138 2048 1254 2128 qualem
1277 2068 1378 2112 casum

93 2135 265 2215 respondere
293 2134 400 2195 deleti
442 2135 500 2196 Per
528 2137 745 2205 accusatiuum,
774 2144 806 2197 ut
827 2144 913 2213 puta:
946 2132 1092 2195 ‘Toletum
1116 2137 1221 2214 pergo'
1247 2137 1378 2198 ‘Caesar-

92 2228 233 2299 augustam
269 2219 410 2281 amhulo’·
460 2219 497 2280 Et
530 2220 648 2300 quaudo
684 2220 720 2281 de
753 2220 871 2280 ciuitate
899 2217 935 2280 ad
965 2221 1115 2281 ciuitatem
1146 2223 1228 2281 uenit
1255 2223 1320 2301 quis
1349 2229 1379 2282 et

59 2307 298 2383 reinterrogatus:
328 2304 421 2364 ‘unde
448 2307 689 2384 proficiscerisi’,
718 2322 771 2384 per
799 2304 915 2384 qualem
943 2322 1044 2366 casum
1070 2304 1251 2385 respondere
1273 2305 1378 2367 debet?

91 2390 140 2448 Per
160 2392 328 2467 septimum.
374 2389 546 2460 Quomodo?
591 2389 706 2452 ‘'loleto
728 2390 913 2468 proficiscor’
937 2389 1115 2451 ‘Barcinonis
1137 2393 1254 2470 pergo’.

545 2561 592 2620 ns
615 2524 901 2624 conrvuc'r‘roua.

166 2729 180 2814 11
196 2730 215 2790 1.
231 2727 290 2792 411»
305 2728 320 2816 ll
335 2735 454 2812 ‘Atque’
478 2731 644 2809 quomodo?

229 2821 350 2896 Atque
372 2824 411 2878 ut
433 2835 497 2897 pro
520 2836 573 2877 me
595 2833 704 2877 orare
726 2816 861 2878 iubeas
883 2816 1148 2878 indesinenter
1172 2815 1330 2894 postulo.

16 2953 17 2958 ,
59 2902 147 2960 s‘tc’
168 2901 330 2982 quomodo?
1335 2903 1339 2912 '

227 2990 274 3049 Ac
297 2987 340 3048 de
362 3007 401 3049 re
424 2990 564 3048 tacitus
586 2988 691 3065 augit
712 2995 747 3048 et
768 2987 880 3048 corde
903 2987 1080 3066 requirit.

90 3075 156 3132 ‘Ast’
179 3072 345 3154 mornado?

228 3161 291 3220 Ast
313 3157 492 3219 hominem
514 3177 586 3218 non
609 3166 711 3219 terra
733 3159 851 3238 parit,
875 3175 946 3217 non
969 3165 1106 3234 pontus
1128 3155 1170 3218 ab
1193 3155 1312 3220 undis.

89 3277 305 3284 ——.-—---

119 3343 333 3380 arnurrvnrrtns.

89 3401 144 3456 Siue
164 3400 241 3473 inde,
266 3403 391 3474 quamuis
414 3401 562 3475 legerimus
584 3401 727 3456 desursum
750 3400 876 3456 desubito
899 3409 927 3456 et
949 3399 1044 3456 exinde
1068 3408 1096 3456 et
1122 3399 1243 3474 abusque
1266 3399 1373 3458 dehinc.

90 3485 133 3540 Sed
153 3487 218 3543 haee
243 3517 279 3527 -
305 3487 555 3560 pronunciabimus.

162 3570 337 3628 illationes
356 3589 387 3643 p.
410 3575 459 3627 99:
498 3569 609 3627 Nomina
637 3570 779 3627 ciuitatum
806 3587 856 3644 per
885 3569 991 3644 qualern
1019 3588 1110 3627 casum
1133 3600 1174 3610 -
1197 3581 1227 3627 ut
1253 3579 1320 3646 puta
1349 3572 1373 3628 si

89 3655 265 3730 interrogatur
286 3657 350 3732 quis
374 3655 433 3713 ‘ulti
449 3654 509 3712 esl'
532 3655 679 3730 respondet
701 3672 752 3729 per
773 3655 894 3712 ‹latiuum
916 3673 1007 3711 casum
1032 3655 1178 3713 ‘Emeritos
1200 3656 1273 3714 sum’
1296 3655 1372 3713 ‘Car-

90 3739 182 3814 thagini
210 3743 294 3798 sum'.
339 3740 481 3809 Quomodo
509 3750 613 3810 autem,
643 3742 665 3796 si
694 3740 827 3796 secundae
849 3739 1037 3797 declinationis
1061 3741 1179 3797 tuerint?
1224 3741 1273 3798 Per
1295 3745 1373 3816 geni·

91 3827 166 3882 tiuum
188 3843 280 3884 casum
303 3827 467 3901 proterenda
490 3834 564 3897 sunt,
587 3834 618 3881 ut
639 3835 704 3899 puta
726 3821 783 3882 ‘hio
799 3825 910 3882 Toletus
933 3826 1014 3882 huius
1029 3825 1142 3898 Toleti',
1164 3827 1315 3900 respondes
1335 3858 1370 3868 —

90 3911 235 3984 regionibus
263 3912 344 3969 adiici
372 3913 443 3969 solet
471 3909 696 3985 quemadmodum
720 3941 757 3951 -
782 3911 969 3985 proteruntur.
1017 3911 1223 3968 Prouinciarum
1249 3912 1373 3969 locorum

91 3995 203 4053 uillarum
225 4005 309 4072 atque
330 3998 474 4054 domorum
498 3996 635 4070 quomodo
662 4025 696 4035 -
723 4005 835 4070 excepto
859 3996 980 4053 ‘domum
1003 3994 1124 4053 consulis
1148 3993 1205 4066 eo'‚
1233 3991 1292 4053 ‘rus
1315 3995 1371 4053 eo’.

91 4078 145 4136 liam
158 4077 200 4140 ‘ad
215 4083 356 4157 propriam
372 4077 494 4140 domum'
511 4097 571 4138 cum
588 4079 792 4155 praepositione
808 4081 949 4138 dicendum
973 4091 1016 4138 est
1031 4082 1074 4139 ‘ad
1089 4082 1198 4138 domum
1215 4097 1299 4138 meam
1317 4083 1370 4138 eo'.

92 4163 189 4232 Quando
211 4169 244 4225 ad
267 4170 407 4226 ciuitatem
431 4199 469 4208 —
495 4175 523 4223 et
544 4167 730 4240 interrogatur
754 4165 810 4222 ‘ubi
835 4165 968 4223 ambulas'
994 4201 1027 4210 -
1054 4177 1081 4223 et
1105 4169 1289 4240 interrogatur
1304 4165 1371 4241 ‘quo

92 4249 302 4324 proticiseerls'l’,
326 4271 376 4328 per
396 4253 502 4328 qualem
526 4268 618 4308 casum
640 4253 807 4326 respondere
829 4251 927 4308 debet?
952 4283 987 4294 -
1014 4253 1160 4309 sarcinum
1183 4269 1312 4327 propero.

165 4337 202 4396 23
224 4339 359 4396 Iulianus
377 4357 408 4412 p.
435 4343 504 4395 102:
527 4340 617 4410 Atque
640 4337 795 4410 quomodo?
840 4337 941 4411 ‘Atque
963 4347 993 4394 ut
1015 4355 1066 4412 pro
1089 4355 1131 4394 me
1155 4354 1232 4394 orare
1255 4337 1371 4395 iubeas!

92 4424 123 4477 tic
142 4425 293 4496 quomodol
338 4424 431 4481 Aede
452 4453 495 4464 -
517 4421 550 4478 ab
573 4421 662 4478 undis.

92 4535 304 4548 *fib—-

95 4619 189 4658 coorcrs
208 4609 428 4659 narrarentur
447 4622 594 4660 varrenas.

151 4679 162 4724 l
180 4677 313 4728 decursum
382 4687 407 4725 et
424 4677 522 4738 absque
540 4676 599 4724 hinc
617 4675 662 4724 sed
758 4675 909 4724 demeritas
926 4674 1033 4740 kartago
1051 4674 1127 4723 hrains
1145 4674 1286 4740 kartaginis
1355 4676 1372 4725 8

95 4739 217 4808 kartaginis
235 4761 293 4794 sum
382 4746 413 4796 10
431 4744 590 4810 respondens
684 4744 715 4791 14
737 4742 769 4791 de
786 4743 873 4791 eutice
960 4743 991 4792 16
1009 4753 1034 4792 et
1051 4757 1140 4791 rursus
1159 4741 1207 4806 llltll
1227 4741 1297 4804 quod
1314 4741 1371 4792 sine

96 4807 210 4861 dicendum
228 4824 266 4862 est
348 4813 379 4862 18
397 4823 589 4877 cesaraugustam
652 4812 708 4888 Ι*20
726 4823 792 4872 quae
809 4809 979 4874 proficisceris
1068 4811 1101 4859 16
1119 4807 1215 4875 Aede]
1237 4811 1374 4860 Dracontii

96 4911 194 4968 texuero.
211 4918 260 4966 111
280 4917 322 4966 ed.
345 4914 429 4964 Wet'tz
444 4916 508 4964 tcto
560 4893 673 4977 requirdt
741 4913 774 4964 28
793 4911 849 4978 Ast]
871 4913 1005 4964 Dracontit
1020 4913 1135 4964 Manem.
1149 4915 1201 4962 217
1218 4913 1258 4964 ed.
1278 4913 1370 4968 Weitz.

1128 4996 1167 5064 p*
