3420 5450
281 392 392 442 XXXVI
688 379 737 430 Du
756 378 876 431 Liuius
895 379 1159 435 BERNENSIBVS.

281 571 390 646 quidam
413 589 435 628 c.
480 572 516 628 liu
539 573 637 628 horum
661 570 791 646 exempla.
836 571 933 626 Poema
957 570 1042 626 sedile
1058 569 1137 643 (itte)
1153 571 1218 628 Cato
1242 569 1284 626 sol
1307 571 1385 627 Titan
1408 579 1486 645 pater
1509 571 1581 645 ignis

277 674 325 712 ren
348 665 429 730 caput
452 657 493 712 lac
516 656 591 714 allec.
635 657 707 725 Quot
730 655 886 712 terminales
910 654 1029 729 syllabae
1052 655 1133 711 imius
1155 655 1346 714 declinationis
1369 657 1452 712 sunt?
1496 655 1580 725 Quam

278 742 441 799 breuissime
470 741 692 814 conprehendere
719 757 882 815 possumus:
912 756 981 814 quae
1003 741 1031 796 in
1052 739 1163 797 uocales
1186 749 1214 796 et
1236 741 1373 814 simplices
1397 748 1581 798 consonantes

278 827 421 898 desinunt,
452 826 509 882 iere
538 824 647 882 xxviii.
694 825 812 900 llispone
840 842 885 882 eos
909 821 1073 900 (disponens)
1102 827 1129 881 in
1161 826 1299 896 ordinem,
1328 843 1382 900 quo
1413 823 1521 883 facilius
1550 825 1581 880 ad

277 928 370 969 earum
392 912 517 967 notitiam
540 912 682 968 ueniamus
705 909 797 983 (eiam
820 909 1010 982 inueniamus).
1063 913 1083 964 n
1106 910 1131 965 ai
1154 928 1187 966 an
1211 927 1242 965 ar
1264 927 1293 966 as
1316 929 1365 982 ax,
1396 927 1411 965 e
1434 911 1459 966 el
1482 927 1517 968 eu
1539 909 1581 982 (ae

276 995 418 1069 ebenler
439 1011 468 1052 es
491 1011 541 1067 en,
563 994 583 1051 il
605 999 632 1052 in
657 997 679 1052 is
702 997 745 1068 ir,
768 1011 784 1051 o
808 995 834 1051 ol
858 1012 893 1051 on
916 1012 949 1052 or
970 1013 1015 1066 ox,
1038 994 1066 1050 ol
1087 1011 1122 1050 ur
1144 1013 1176 1050 us
1199 997 1242 1050 uis
1258 993 1320 1071 (yis)
1336 1004 1368 1051 ut
1391 1013 1435 1052 arx.
1481 995 1581 1051 Harum

277 1083 498 1139 terminationem
528 1081 650 1155 exempla
685 1098 736 1137 nos
763 1081 839 1136 doce.
884 1079 987 1136 Grismo
1016 1080 1055 1136 sal
1084 1081 1162 1136 Titan
1190 1081 1287 1136 Caesar
1316 1081 1403 1154 pietas
1432 1098 1483 1154 par
1506 1097 1581 1136 mare

276 1167 330 1222 mel
353 1183 460 1224 carmen
483 1175 569 1222 mater
592 1173 664 1223 teres
688 1182 732 1221 rex
756 1165 823 1238 uigil
846 1164 927 1221 delim
957 1167 1032 1222 canis
1055 1165 1116 1221 Eris
1136 1165 1213 1221 ¹liare
1237 1165 1279 1221 soi
1301 1165 1383 1221 Orion
1408 1165 1507 1223 doctor
1530 1164 1581 1221 lios

275 1252 352 1308 ieron
375 1249 471 1309 consul
496 1251 539 1307 ior
563 1249 651 1307 Venus
674 1252 787 1325 sanguis
810 1259 892 1325 caput
914 1251 976 1306 dux.

365 1413 378 1500 11
401 1420 419 1478 i.
436 1413 498 1478 46¹³
522 1414 535 1497 ΙΙ
565 1421 701 1478 Hactenus
729 1421 761 1476 de
790 1421 933 1494 personis,
964 1436 1035 1476 nunc
1062 1419 1095 1477 de
1124 1421 1252 1477 extremis
1280 1420 1394 1496 syllabis
1422 1419 1581 1476 uerborum.

279 1507 344 1563 ilum
367 1514 475 1563 constat
498 1507 587 1564 omnia
611 1506 709 1578 uerba,
739 1523 809 1580 quae
837 1505 985 1562 secuudum
1007 1505 1159 1578 analogiam
1182 1505 1370 1576 declinantur,
1394 1507 1422 1561 in
1445 1521 1461 1560 o
1483 1505 1528 1560 uel
1553 1505 1581 1559 in

281 1609 313 1648 or
335 1591 474 1661 desinere,
503 1599 572 1665 quot
599 1590 709 1648 uocales
738 1589 782 1647 uel
806 1597 987 1647 consonantes
1011 1591 1138 1665 quoque?
1167 1591 1222 1646 Xlii
1244 1589 1309 1664 (lili)
1333 1590 1580 1664 bcdghlmn

278 1685 422 1751 prstr.
469 1675 503 1732 [la
531 1676 629 1733 borum
657 1676 729 1748 (inor)
752 1675 881 1750 exempla.
926 1674 1013 1731 Sedeo
1036 1674 1108 1732 lanio
1133 1672 1225 1749 (lamo)
1253 1693 1305 1733 ruo
1328 1675 1392 1731 bibo
1415 1691 1485 1732 uoco
1509 1675 1580 1730 uodo

279 1761 336 1836 ligo
368 1762 444 1818 traho
474 1760 587 1835 impello
617 1778 678 1819 amo
712 1778 779 1818 cano
814 1761 910 1834 sculpo
940 1777 1021 1816 curro
1053 1760 1126 1817 lasso
1154 1769 1218 1835 peto
1248 1769 1319 1818 tero.
1371 1759 1418 1816 His
1446 1759 1582 1816 accedunt

279 1877 387 1953 (accid)
403 1881 412 1935 i
427 1887 455 1935 et
470 1896 488 1934 u
503 1897 554 1953 pro
569 1879 801 1953 consonantibus,
824 1887 855 1937 ut
877 1877 957 1936 audio
981 1880 1063 1936 uoluo
1088 1853 1219 1955 (audillo).
1263 1879 1332 1949 Quid
1356 1877 1434 1936 nobis
1457 1886 1582 1953 praestat

279 1965 327 2021 has
344 1965 551 2021 terminationes
566 1963 620 2037 (·e)
642 1965 826 2039 cognoscere?
854 1961 921 2031 Quia
944 1965 1078 2039 quidam
1101 1966 1230 2021 artium
1252 1959 1484 2039 scriptores*)
1508 1963 1582 2020 sicut

279 2052 418 2107 nominum
436 2047 649 2124 (pronominum)
665 2049 862 2106 declinationes
877 2067 927 2123 per
950 2051 1159 2107 terminationes
1182 2049 1399 2122 (terminationes
1421 2047 1582 2105 declinatio·

278 2152 343 2206 nes,
366 2152 420 2192 om.
443 2130 503 2208 per)
535 2151 702 2208 cognoscere
732 2135 897 2202 uoluerunt,
929 2135 967 2191 ita
989 2135 1137 2192 uerborum
1161 2135 1370 2208 coniugatione's
1393 2151 1443 2208 per
1465 2135 1513 2189 iras
1536 2125 1584 2190 err-⁸

279 2221 429 2276 tremitates
450 2219 627 2294 ambiguitate
653 2220 759 2277 seclusa
781 2219 966 2291 tradiderunt,
991 2221 1064 2295 quod
1087 2237 1173 2295 opus,
1197 2222 1260 2295 quia
1280 2220 1415 2294 prolixum
1439 2220 1583 2275 exstiterat

279 2304 431 2378 (ensterat),
454 2321 504 2362 nos
527 2305 554 2361 in
577 2305 644 2362 aliut
667 2313 775 2380 tempus
798 2305 986 2380 exponendum
1010 2307 1222 2363 reseruauimus.

365 2485 378 2571 ll
395 2494 414 2548 i.
431 2484 493 2551 49³²
509 2485 522 2570 ll
554 2493 626 2550 Heus
649 2493 752 2550 etheo
776 2510 845 2568 quae
868 2499 960 2567 partes
984 2502 1049 2549 sunt
1071 2493 1221 2550 orationis?
1266 2492 1366 2548 liulti
1389 2486 1477 2567 (muti)
1501 2499 1582 2566 puta·

279 2586 394 2650 uerunt,
423 2577 496 2652 qood
519 2585 612 2634 essent
635 2577 722 2652 (quod
744 2574 853 2651 desseo)
877 2580 1090 2634 interiectiones.
1135 2579 1188 2635 Cur
1209 2579 1262 2634 boe
1284 2577 1470 2652 putauerunt?
1507 2575 1583 2645 Quo·

279 2665 351 2720 niam
374 2662 529 2720 huiusmodi
553 2681 636 2720 uoces
658 2680 714 2720 non
738 2665 829 2719 statim
852 2663 978 2736 sequitur
1000 2663 1122 2719 uerbum.
1168 2662 1236 2730 Quid
1259 2679 1327 2738 ergo
1351 2663 1452 2719 erunt?
1480 2661 1583 2718 [tubiae

278 2749 383 2807 scilicet
405 2757 471 2822 aput
493 2748 603 2804 Latinos
626 2749 698 2804 inter
720 2756 852 2822 utrasque
875 2755 983 2822 partes,
1006 2765 1060 2805 non
1083 2755 1148 2822 aput
1165 2747 1292 2820 Graecos,
1309 2752 1377 2818 quio
1393 2748 1474 2819 opud
1488 2745 1581 2802 Grae·

277 2850 326 2891 ces
348 2831 425 2906 (om.)
453 2833 659 2891 interiectiones
682 2835 754 2890 inter
776 2833 905 2890 aduerbia
927 2849 981 2889 non
1004 2842 1193 2889 numerantur.
1236 2830 1380 2900 Quomodo
1408 2831 1583 2905 intellegitur

279 2919 345 2976 illud
377 2918 500 2974 bonati
533 2919 567 2973 in
599 2921 708 2992 prima
745 2919 905 2974 editione
927 2916 1026 2991 (aed-):
1059 2918 1188 2974 deintus
1211 2925 1300 2974 autem
1324 2925 1351 2973 et
1374 2917 1406 2973 de
1429 2917 1500 2974 ioris
1523 2933 1580 2973 non

278 3005 391 3075 dicitur,
424 3001 561 3077 quomodo
589 3003 622 3058 ad
651 3003 725 3060 ioras
748 3005 826 3059 etin
856 3003 929 3059 iores
952 3001 1003 3076 (cf.
1025 3020 1054 3074 p.
1079 3007 1151 3068 363,
1178 3007 1213 3058 16
1234 3001 1302 3074 K.)?
1345 3000 1476 3069 Quoniam
1499 3019 1582 3077 prae·

277 3088 430 3164 positiones
452 3087 587 3144 adnerbiis
611 3083 688 3162 (bis)
718 3091 863 3162 separatim
891 3103 1060 3162 praeponere
1089 3104 1144 3144 non
1172 3086 1272 3144 debere
1300 3097 1486 3161 cognouerat,
1517 3087 1581 3143 idco

278 3175 350 3230 sicut
373 3173 405 3228 ad
428 3173 502 3228 ioras
525 3172 602 3228 etin
626 3171 701 3230 ieras
724 3174 783 3230 iure
805 3189 860 3229 non
883 3172 994 3245 dicitur,
1017 3176 1105 3230 sicne
1121 3173 1243 3229 deintus
1266 3181 1313 3229 aut
1335 3173 1368 3229 de
1391 3172 1460 3228 ioris
1483 3189 1583 3228 secun-

277 3259 340 3314 dum
364 3257 452 3332 legem
475 3257 527 3314 dici
549 3265 652 3332 potest.

364 3421 376 3506 ll
396 3427 413 3483 l.
431 3427 486 3484 51·
504 3421 517 3506 ll
540 3427 616 3484 Nunc
638 3427 740 3503 aliquid
762 3427 796 3484 de
818 3430 1019 3486 coniunctione.
1064 3427 1226 3485 Coniunctio
1249 3428 1315 3502 quid
1337 3427 1395 3483 est?
1429 3427 1496 3483 Pars
1518 3445 1582 3484 ora-

279 3513 361 3568 tionis
389 3513 534 3568 adnectens
564 3513 748 3587 ordinansque
776 3515 948 3570 sententiam.
993 3512 1156 3569 coniunctio
1185 3513 1256 3568 unde
1280 3513 1398 3570 dicitur?
1442 3513 1481 3568 llo
1505 3513 1581 3586 qood

279 3615 376 3654 sensus
399 3597 550 3653 sententias
572 3601 731 3671 coniungat.
777 3596 846 3665 Quid
868 3599 935 3654 haec
957 3615 1006 3673 per
1028 3616 1058 3655 se
1081 3598 1174 3654 ualet?
1217 3596 1305 3670 Nihil,
1327 3596 1375 3653 sed
1398 3598 1423 3652 iu
1447 3613 1583 3671 conpara-

278 3685 353 3738 tione
376 3698 531 3738 sermonum
555 3683 633 3755 quasi
658 3682 792 3756 quoddam
816 3683 925 3740 exbibet
947 3683 1093 3756 glutinum.
1130 3680 1201 3751 Quas
1224 3691 1317 3756 partes
1339 3681 1443 3738 sociati
1465 3679 1582 3738 Nomina

278 3765 383 3824 scilicet
406 3776 433 3824 et
455 3766 550 3824 uerba.
593 3766 736 3835 Quomodo
765 3768 894 3824 uomina?
938 3769 1108 3841 Augustinus
1137 3777 1165 3824 et
1191 3767 1382 3838 Hieronimus‚
1411 3767 1521 3840 sapiens
1553 3776 1584 3822 et

277 3853 401 3927 pulcher.
446 3850 588 3919 Quomodo
612 3853 702 3926 iungit
725 3853 826 3910 uerbo?
870 3853 985 3930 Scripsit
1008 3861 1035 3909 et
1057 3852 1141 3927 legit,
1165 3853 1245 3910 docet
1267 3861 1314 3909 aut
1336 3851 1424 3909 discit.

364 4050 376 4135 ll
396 4057 414 4112 i.
432 4048 495 4114 52³³
512 4049 524 4134 ll
548 4056 623 4114 Nunc
646 4057 712 4130 quid
735 4057 771 4112 sit
793 4057 957 4137 interiectio.
1002 4056 1160 4114 lntericctio
1183 4056 1330 4130 quidest?
1358 4056 1422 4112 Pars
1445 4057 1583 4112 orationis

278 4143 422 4200 interiecta
445 4142 506 4198 aliis
527 4141 651 4216 partibus
674 4143 705 4199 ad
729 4143 918 4216 exprimendos
946 4143 1028 4198 animi
1051 4141 1164 4198 allectus
1187 4140 1267 4214 (aii).
1312 4140 1478 4198 definiturus
1499 4139 1584 4198 aliter

278 4229 344 4285 haec
366 4245 429 4301 pars
452 4225 536 4304 (pras)
559 4228 710 4285 orationis?
754 4226 884 4284 lleiiuitur
906 4229 1002 4301 utique
1025 4244 1040 4283 a
1062 4226 1194 4283 donato
1224 4228 1255 4281 in
1283 4227 1392 4300 prima
1420 4225 1583 4283 editione

277 4312 337 4368 aliis
366 4311 474 4385 quidem
498 4312 604 4385 uerbis,
627 4312 674 4369 sed
698 4311 754 4370 iere
777 4310 870 4385 (terre)
894 4313 990 4369 codem
1012 4327 1095 4369 sensu
1118 4311 1200 4384 (nm,
1222 4309 1265 4383 cf.
1287 4327 1316 4383 p.
1341 4314 1411 4377 366,
1436 4309 1492 4382 13).

363 4509 376 4594 ll
396 4515 486 4573 [ὅδ’
504 4509 515 4593 ΙΙ
548 4517 681 4590 Numquid
704 4515 769 4572 licet
791 4515 870 4572 nobis
892 4517 958 4572 alias
981 4524 1073 4590 partes
1103 4515 1235 4571 orationis
1265 4530 1316 4588 pro
1339 4512 1582 4572 interiectionibus

276 4601 396 4675 ponere?
440 4601 515 4658 licet
538 4602 644 4675 quidem
668 4609 695 4656 et
717 4601 840 4674 singulas
862 4609 890 4657 et
911 4601 1020 4674 piures,
1043 4609 1075 4656 ut
1097 4601 1182 4666 neias,
1206 4616 1256 4673 pro
1279 4599 1366 4672 nelas,
1389 4617 1440 4674 pro
1463 4600 1582 4674 iupiter,

277 4703 328 4760 pro
350 4685 441 4758 dolor,
464 4695 495 4742 ut
517 4685 694 4743 sedulius:

345 4867 373 4933 *l
392 4869 514 4933 Eirtychis
532 4870 565 4920 dc
582 4869 759 4920 discernendis
778 4869 1002 4936 coniugationibus
1022 4883 1088 4935 opus
1107 4865 1240 4935 spectasse
1257 4869 1367 4920 uidetur.
