3400 5450
277 377 319 442 84
783 379 852 432 uss
871 379 1055 434 ruodrud.

276 588 350 630 uero
378 587 473 648 genus
501 568 638 630 distantia
668 567 785 648 linguae
814 570 1090 632 consuetudinariae
1113 571 1254 640 officitur:
1284 569 1334 632 alii
1362 572 1442 631 enim
1472 570 1578 632 dicunt

275 672 324 733 hic
346 671 435 742 silex,
459 670 508 732 alii
525 689 597 732 uero
614 670 687 732 haec
703 669 776 732 silex
799 672 944 732 suauitate
967 675 1082 735 aurium
1105 692 1225 736 suarum
1249 673 1385 751 elegente
1407 672 1575 734 secundum

274 793 359 836 usum
383 775 533 836 diuersum
556 775 787 853 prouinciarum.

359 875 507 938 Numerus
531 877 599 956 quid
625 878 686 938 est?
716 876 858 938 ludicatio
881 877 1065 939 collectionis
1088 885 1131 939 est
1153 877 1337 956 singulorum
1362 896 1521 958 corporum
1544 886 1577 938 et

274 997 376 1040 rerum
399 998 454 1059 per
476 997 584 1040 nomeu
609 981 784 1058 agnitarum.
828 980 890 1040 ntia
913 979 1046 1041 delinitio
1069 987 1127 1041 est:
1173 979 1318 1042 Numerus
1345 987 1391 1041 est
1412 967 1603 1059 corporum'5

174 1147 176 1150 ,
274 1080 406 1142 unalium
428 1081 627 1160 pluraliumue
650 1090 679 1142 et
701 1099 801 1142 rerum
824 1099 879 1160 per
901 1100 1005 1143 uocem
1034 1081 1187 1162 aequalem
1214 1081 1442 1161 inaequalemue
1471 1081 1574 1160 explo-

274 1186 366 1255 ratio,
402 1190 435 1244 ut
464 1185 511 1244 uir
539 1184 611 1254 uiri,
645 1183 752 1245 mulier
782 1183 936 1253 mulieres,
971 1182 1100 1263 dignitas
1128 1184 1295 1264 dignitates.
1340 1183 1417 1256 Quid
1448 1186 1577 1244 interest

273 1287 351 1346 inter
378 1303 535 1347 numerum
564 1285 694 1346 nominis
718 1293 747 1348 et
774 1286 959 1366 pronominis
982 1294 1010 1347 et
1032 1287 1117 1348 uerbi
1141 1296 1170 1348 et
1192 1287 1359 1366 participii?
1402 1285 1461 1346 lsta
1490 1283 1575 1364 dille·

273 1389 369 1448 rentia
394 1395 453 1449 est:
492 1387 639 1450 Numerus
662 1388 748 1448 uerbi
769 1406 914 1467 personas
936 1387 1076 1450 obseruat
1103 1388 1282 1457 indiscrete;
1314 1404 1459 1448 numerus
1481 1388 1574 1467 parti·

273 1491 342 1570 oipii
357 1487 405 1574 111.
423 1486 479 1551 90·
496 1485 510 1574 11
525 1491 756 1567 significationes
777 1490 963 1569 temporibus
985 1492 1102 1552 iunctas
1124 1489 1267 1558 ostendit:
1297 1507 1441 1551 numerus
1463 1507 1574 1569 prono·
1591 1502 1617 1540 1⁰

274 1593 362 1652 minis
384 1609 528 1672 personas
550 1593 707 1653 coniuncte
731 1591 873 1662 custodit;
898 1611 1039 1654 numerus
1061 1610 1135 1653 uero
1158 1593 1288 1654 nominis
1303 1611 1390 1654 casus
1413 1593 1574 1652 comitatur

274 1712 382 1773 corpus
411 1701 462 1756 aut
490 1712 615 1774 corpora
639 1703 668 1755 et
690 1712 754 1755 rem
777 1700 898 1755 autres
920 1696 1128 1774 significantes.
1174 1695 1296 1756 Numeri
1325 1697 1479 1755 nominum
1502 1701 1577 1773 quot

272 1798 359 1858 suut?
403 1795 482 1867 Iluo,
512 1795 669 1874 singularis
692 1805 722 1857 et
743 1795 880 1876 pluralis;
914 1797 1086 1876 singularis,
1117 1806 1149 1858 ut
1172 1796 1219 1857 liic
1241 1798 1289 1858 uir
1312 1804 1342 1857 et
1363 1795 1411 1858 hic
1439 1797 1574 1875 sapiens;

274 1899 398 1979 pluralis
414 1916 564 1967 numerus,
576 1904 608 1958 ut
620 1898 650 1958 hi
667 1900 725 1961 uiri
743 1908 772 1961 et
787 1900 817 1960 1ιί
833 1901 996 1980 sapientes:
1013 1897 1084 1960 licet
1099 1906 1170 1979 aput
1185 1897 1281 1960 alios
1295 1898 1404 1959 tertius
1419 1897 1575 1959 inducitur

274 2019 425 2070 uumerus,
449 2017 538 2079 quem
561 1999 678 2062 dualem
701 2000 818 2072 dicunt,
843 2011 875 2062 ut
897 2008 942 2062 est
964 2010 1089 2081 uterque
1112 2000 1200 2062 ambo
1223 2000 1297 2070 duo,
1328 2007 1357 2060 et
1379 1999 1493 2061 idcirco
1514 2000 1570 2058 isle
1588 2013 1613 2051 ιι

273 2121 417 2164 numerus
440 2101 534 2163 dualis
557 2101 675 2173 dicitur,
700 2105 768 2182 quia
792 2104 829 2165 de
851 2101 966 2164 duobus
988 2111 1102 2164 tantum
1125 2103 1265 2164 dicuntur
1288 2101 1361 2164 haec
1383 2103 1519 2170 nomina,
1544 2109 1573 2159 ot

273 2206 456 2267 transierunt
482 2223 498 2266 a
526 2203 729 2283 singularitate
759 2213 788 2264 et
816 2223 876 2264 nou
904 2212 1108 2284 peruenerunt
1135 2205 1170 2267 ad
1199 2203 1412 2284 pluralitatem,
1443 2201 1495 2265 sed
1524 2201 1572 2261 hic

273 2325 416 2368 numerus
445 2287 470 2366 a*
491 2305 640 2386 plerisque
667 2324 726 2367 uon
754 2309 910 2387 recipitur,
938 2309 1008 2385 quia
1037 2325 1097 2366 nou
1126 2315 1172 2368 est
1198 2308 1229 2367 in
1258 2312 1363 2368 natura
1391 2322 1493 2365 rerum
1524 2301 1572 2362 hio

275 2410 381 2470 tertius
403 2426 555 2472 numerus,
600 2408 672 2469 Nam
696 2427 770 2480 uox,
801 2425 878 2486 quae
905 2409 1122 2485 siguilicauerit
1144 2426 1235 2470 unum
1265 2426 1373 2488 corpus
1395 2409 1461 2468 siue
1482 2424 1571 2466 unam

272 2529 353 2580 rem,
383 2509 541 2588 singularis
571 2516 629 2581 est,
666 2517 697 2571 et
725 2529 797 2586 uox,
829 2529 906 2591 quae
934 2513 1149 2590 significauerit
1176 2511 1234 2572 duo
1263 2528 1388 2590 corpora
1418 2511 1482 2570 siue
1510 2525 1570 2576 res,
1587 2525 1615 2562 eo

272 2612 396 2692 pluralis
425 2619 484 2682 est,
514 2620 547 2672 ut
570 2611 629 2673 duo
652 2611 740 2672 ambo
769 2619 830 2673 tres
853 2621 882 2672 et
904 2619 1012 2674 cetera.
1057 2612 1130 2674 Nam
1158 2631 1217 2674 uon
1246 2630 1338 2674 unum
1366 2629 1490 2690 corpus,
1519 2608 1572 2670 sed

272 2714 362 2776 multa
385 2715 530 2792 siguificat
551 2732 686 2795 corpora.
730 2713 803 2774 ltem
833 2716 864 2775 in
893 2733 1018 2777 numero
1047 2715 1123 2776 scias
1151 2733 1216 2776 esse
1240 2713 1298 2774 alia
1328 2714 1464 2782 nomina,
1496 2729 1572 2791 quae

273 2819 443 2878 communia
465 2825 611 2878 uocantur
632 2818 712 2878 iuter
734 2815 914 2896 singularem
938 2824 967 2879 et
988 2816 1133 2897 pluralem
1155 2834 1324 2878 numerum.
1360 2815 1431 2877 lnde
1454 2814 1573 2874 llona·

274 2927 331 2979 tus
359 2918 447 2979 dixit:
485 2918 577 2979 Sunt
604 2920 748 2980 nomina
778 2938 931 2981 numero
961 2919 1165 2980 communia
1194 2926 1233 2980 ut
1261 2935 1323 2978 res
1344 2918 1460 2978 nubes
1482 2917 1572 2976 dies.

272 3021 304 3081 ln
327 3019 467 3082 omnibus
488 3029 611 3100 quartae
635 3029 664 3080 et
685 3021 804 3100 quintae
827 3020 1033 3083 declinationis
1049 3028 1104 3092 est,
1127 3030 1161 3081 ut
1175 3021 1225 3080 hic
1240 3019 1347 3081 lluctus
1362 3026 1393 3079 et
1407 3017 1438 3078 lri
1454 3017 1571 3087 lluctus,
1586 3031 1614 3070 2⁵

273 3123 321 3183 lrio
344 3139 452 3184 currus
474 3131 504 3182 et
526 3121 557 3182 hi
579 3139 702 3192 currus,
734 3123 806 3184 haec
835 3141 940 3184 manus
962 3131 992 3184 et
1013 3123 1068 3183 hae
1091 3140 1209 3194 manus,
1238 3121 1312 3182 haec
1335 3121 1440 3182 domus
1463 3127 1494 3179 et
1516 3119 1572 3179 liae

273 3224 392 3292 domus;
416 3225 459 3284 sio
482 3223 510 3283 in
534 3224 635 3301 quinta
658 3221 856 3285 declinatione
879 3224 927 3285 nic
950 3224 1012 3285 dies
1035 3231 1065 3285 et
1086 3223 1115 3284 hi
1139 3223 1216 3294 dies,
1246 3222 1319 3284 llaec
1342 3221 1440 3282 clades
1463 3229 1493 3282 ct
1515 3219 1572 3280 hae

273 3325 386 3395 clades,
411 3325 484 3386 haec
506 3326 600 3386 sames
623 3334 652 3387 et
675 3325 730 3387 liae
752 3326 860 3394 sames,
883 3326 957 3387 haec
980 3344 1028 3386 res
1043 3333 1073 3387 et
1088 3325 1144 3386 hae
1167 3343 1224 3387 res.
1271 3324 1347 3385 Sunt
1368 3341 1487 3403 semper
1509 3323 1571 3383 sin·

273 3427 386 3507 gulsria
409 3429 528 3505 generis
551 3427 722 3498 masculini,
744 3436 777 3488 ut
799 3427 897 3506 puluis
919 3435 1033 3490 stercus
1048 3427 1138 3489 limus
1153 3429 1239 3489 timus
1259 3427 1358 3488 lomus
1374 3443 1478 3494 cruor;
1502 3434 1573 3485 sunt

275 3548 393 3611 semper
415 3529 539 3609 pluralia
562 3531 680 3608 generis
702 3529 873 3600 masculini,
898 3537 931 3590 ut
953 3531 1054 3591 lllaues
1069 3529 1213 3601 Quirites3
1235 3538 1305 3591 sunt
1327 3546 1445 3608 semper
1467 3529 1570 3606 singu·
1584 3545 1612 3582 so

272 3633 346 3695 laria
376 3633 496 3710 generis
526 3630 675 3702 seminini,
705 3641 737 3693 ut
764 3634 857 3694 tames
884 3634 948 3694 sitis
975 3633 1118 3693 memoria
1147 3650 1217 3711 spes
1238 3630 1311 3692 fides
1333 3633 1451 3691 caritas.
1496 3627 1571 3689 lude

273 3736 540 3813 grammaticus
563 3718 650 3794 dicit:
689 3734 780 3814 Spes
804 3743 840 3795 et
861 3733 960 3796 lides
984 3742 1018 3795 et
1040 3735 1181 3795 caritas
1203 3731 1387 3812 pluralem
1411 3747 1483 3791 uon
1505 3730 1569 3790 ha·

272 3836 362 3898 beut
385 3852 581 3897 numerum.
628 3834 704 3896 Suut
733 3855 851 3916 semper
879 3835 1005 3915 pluralia
1033 3837 1151 3915 generis
1179 3835 1329 3905 leminini,
1360 3841 1392 3894 ut
1419 3831 1570 3894 llaleudae

274 3937 429 3999 Nundinae
453 3937 545 3998 leriae
568 3935 729 4015 quadrigae
752 3939 873 4018 nuptiae
889 3938 1010 3999 diuitiae
1033 3939 1112 3998 loros
1134 3954 1243 4016 scopae
1264 3937 1376 4007 scalae,
1400 3942 1470 3996 sunt
1491 3951 1569 3995 scm·

274 4099 281 4103 .
327 4093 500 4102 ψ

341 4191 728 4260 1liuguecumsuetudiuarie
796 4192 873 4243 211111
893 4207 953 4243 uero
972 4191 1013 4242 lric
1064 4206 1170 4242 suorum
1188 4191 1324 4256 elegentes,
1343 4189 1376 4254 cf.
1389 4206 1471 4256 supra
1487 4190 1570 4256 pas,

273 4263 288 4308 7
344 4260 502 4310 3diuersum
525 4262 727 4324 pronontiarum,
745 4275 814 4311 corr.
833 4262 1028 4326 prouiutiarum.
1064 4259 1187 4311 Fortasse
1205 4260 1379 4310 scribendum:
1396 4259 1570 4309 diuersarum.

272 4329 406 4378 diudictio
454 4339 583 4377 utrorum
635 4327 780 4391 dequulem
798 4329 975 4392 inequalemue
1044 4329 1190 4379 tluumeris
1210 4329 1280 4376 uerbi
1333 4330 1365 4378 10
1382 4327 1484 4377 iunctus
1537 4329 1570 4376 12

272 4397 340 4459 quod
358 4411 407 4445 sun
479 4397 510 4446 14
529 4397 573 4462 nii,
592 4396 630 4446 dis
681 4407 752 4462 aput,
770 4413 838 4448 corr.
858 4397 928 4463 apud
978 4395 1042 4446 alias
1112 4397 1144 4446 15
1161 4410 1247 4460 quam,
1265 4410 1423 4458 comunem
1476 4395 1569 4444 ambuo

273 4466 303 4514 111
321 4464 353 4514 de
370 4463 470 4514 duabus
559 4467 590 4516 19
608 4466 664 4515 siue
683 4480 758 4514 unam
778 4461 840 4531 rem]
862 4479 938 4515 unam
957 4462 1026 4531 uirg,
1044 4481 1092 4515 om.
1110 4466 1167 4514 siue
1244 4464 1343 4514 2211ει
1411 4465 1444 4514 23
1464 4472 1571 4512 uocatur

271 4563 400 4631 Donatus]
419 4581 446 4630 p.
466 4567 575 4626 37⁶,2t
642 4567 676 4615 24
694 4543 798 4616 udmero
867 4568 1012 4616 communia
1030 4566 1157 4616 utestin
1176 4566 1294 4616 omnibus
1313 4575 1402 4628 quarte
1471 4567 1505 4615 26
1523 4563 1569 4627 hii,

270 4650 371 4700 semper
450 4635 483 4682 26
502 4643 527 4682 et
544 4633 606 4682 liaeo
623 4649 714 4684 neonus
767 4645 791 4684 et
809 4634 979 4685 haecdomus
999 4635 1103 4685 ethaeo
1120 4634 1212 4685 domus
1281 4635 1313 4685 27
1332 4643 1357 4683 et
1375 4633 1437 4683 liaeo
1455 4633 1527 4682 lades
1545 4643 1570 4681 et

272 4701 334 4751 lineo
351 4702 421 4750 ludes
491 4701 524 4751 28
542 4712 567 4750 et
584 4701 646 4750 lraec
664 4701 744 4751 lomes
796 4713 821 4752 et
839 4703 901 4752 naec
918 4719 958 4752 res
1027 4705 1060 4753 29
1078 4703 1169 4767 pulues
1237 4705 1269 4752 31
1288 4701 1365 4750 laniis
1433 4705 1466 4752 32
1484 4715 1570 4765 grum-

272 4771 390 4828 maticus]
409 4769 469 4830 Quis
487 4771 598 4833 dicatur,
616 4772 714 4833 nescio,
732 4772 780 4822 sed
796 4771 831 4833 rs.
851 4771 932 4822 Prodi
948 4776 1006 4823 inst.
1025 4777 1074 4822 ort.
1091 4788 1118 4836 p.
1136 4773 1184 4835 88,
1204 4773 1237 4820 11
1255 4785 1310 4836 req.
1329 4769 1370 4828 11,·
1399 4770 1500 4834 Aspero*
1517 4776 1568 4818 ort.

271 4871 343 4922 leniam
360 4870 419 4920 libri
435 4886 461 4934 p.
472 4873 513 4935 47,
526 4875 558 4920 15
609 4848 791 4922 uendiderunt
844 4871 971 4922 llaleudae
989 4872 1100 4922 nundine
1118 4871 1180 4922 l'erie
1198 4872 1306 4938 quodrip
1357 4873 1391 4922 34
1402 4885 1482 4936 scope
1500 4869 1569 4920 scale
