3386 5442
524 315 563 368 m
581 317 667 370 nou.
686 316 811 370 111111
829 316 1009 372 neronum
1346 315 1408 382 231

110 504 233 566 omnis
262 510 377 566 terra.
421 504 618 574 Periodos,
648 503 778 568 clausula
802 504 849 567 uel
877 506 1019 566 circuitus
1047 507 1269 585 interpretatur.
1315 505 1409 567 ‘Peri’
1422 536 1445 577 p.
1459 524 1548 576 11111

111 608 192 667 enim
217 609 330 670 Graece
353 609 466 668 circum
490 605 609 676 Latine;
633 605 730 667 ‘odos’
755 609 815 667 uia:
844 609 877 668 in
900 625 936 668 eo
959 607 1037 668 enim
1061 609 1150 667 totius
1172 607 1339 668 sententiae
1361 606 1409 668 uel

111 709 255 770 orationis
285 708 381 769 exitus
410 715 440 768 ct
467 707 675 769 determinatio
705 714 828 770 constat.
872 707 909 769 m
930 706 1006 768 bene
1034 708 1177 771 circuitus
1204 709 1251 770 uel
1281 707 1409 770 ambitus

110 810 231 880 dicitur,
255 827 291 870 eo
313 808 391 889 quod
414 811 577 870 circumeat
598 812 619 869 i.
643 808 761 871 ambeat
783 809 1036 889 amplectaturque
1065 808 1211 871 clausulas
1232 812 1407 872 sententiae.

85 909 243 973 s‘Colon’
277 911 379 971 dicunt
412 911 517 972 Gracci
550 909 734 980 membrum,
768 909 837 972 inde
872 910 935 972 cola
969 909 1076 989 plurali
1116 929 1241 972 numero
1275 911 1406 974 membra

110 1011 262 1074 dicuntur.
313 1012 500 1073 ‘Commota'
529 1029 602 1073 uero
630 1013 798 1073 incisiones.
849 1012 886 1072 Et
913 1031 967 1092 per
995 1012 1082 1073 colon
1110 1014 1206 1076 media
1235 1012 1408 1091 intelligitur

109 1111 275 1182 distinctio,
300 1131 353 1193 per
376 1131 491 1175 comma
512 1112 726 1175 subdistinctio.
771 1113 912 1175 Periodos
928 1131 1001 1175 uero
1016 1113 1236 1176 distinctionem
1252 1115 1405 1192 significat.

110 1215 220 1276 Verum
245 1213 308 1275 cola
331 1223 360 1274 et
382 1221 525 1275 commata
548 1216 578 1275 11
601 1217 751 1276 communi
775 1234 927 1284 sermone,
951 1217 1016 1275 111
1040 1233 1128 1295 prosa
1153 1233 1243 1278 unum
1267 1216 1406 1296 idemque

108 1316 285 1393 significant.
331 1316 407 1376 Sunt
434 1317 512 1376 enirn
541 1316 672 1376 eiusdem
695 1316 833 1377 dictionis
854 1325 968 1396 partes,
997 1316 1047 1377 sed
1071 1317 1101 1377 in
1124 1317 1290 1379 minoribus
1312 1319 1405 1397 parti·

75 1435 97 1473 ro
111 1416 165 1478 bus
188 1416 276 1478 colon
299 1417 440 1484 dicimus,
464 1426 510 1477 nt:
544 1415 719 1479 ‘Sustinetis
741 1419 837 1487 enlm,
861 1421 886 1478 sl
910 1420 976 1496 quis
998 1437 1053 1480 uos
1075 1420 1106 1479 in
1129 1419 1303 1484 seruitutem
1326 1417 1405 1480 rodi·

109 1520 187 1596 gitl’
235 1517 325 1579 llolon
353 1527 412 1580 est:
452 1521 489 1577 ‘si
515 1519 582 1598 quis
609 1519 733 1580 deuorat
759 1517 901 1600 †colon’
930 1526 960 1580 et
987 1519 1102 1600 reliqua
1130 1536 1223 1597 usque
1251 1520 1287 1580 ad
1316 1521 1405 1581 linem

107 1619 284 1680 sententiae.
322 1619 441 1681 Comma
467 1637 538 1680 uero
562 1629 605 1680 est
628 1621 660 1682 in
682 1619 860 1691 maioribus,
885 1629 930 1682 ut:
956 1620 1092 1683 ‘iubilate
1115 1622 1170 1682 deo
1193 1622 1290 1682 omnis
1312 1624 1404 1683 terra’

109 1728 137 1781 et
160 1728 261 1782 cetera
284 1721 436 1800 usquead
459 1731 609 1800 peractam
640 1723 825 1784 sententiam.
870 1721 903 1785 ln
931 1725 1064 1784 carmine
1093 1741 1181 1794 uero,
1210 1721 1230 1782 1.
1255 1724 1285 1783 11
1309 1729 1404 1783 metro

108 1820 188 1883 aliud
212 1829 242 1881 et
263 1822 415 1883 diuersum
439 1833 493 1883 est.
538 1823 611 1884 Nam
642 1823 694 1885 ubi
722 1824 780 1885 duo
808 1825 900 1904 pedes
929 1823 1015 1886 liberi
1043 1831 1128 1894 sunt,
1158 1822 1281 1884 inulla
1308 1842 1404 1885 rema-

75 1931 198 1984 unente
222 1921 348 2002 syllaba,
372 1923 458 1984 colon
482 1931 541 1992 est:
565 1943 679 1986 comma
703 1944 793 1996 uero,
816 1926 867 1987 ubi
890 1936 956 2006 post
978 1925 1053 1987 duos
1075 1925 1166 2005 pedes
1187 1933 1325 2004 superest
1346 1924 1404 2007 syl·

107 2023 188 2094 laba,
224 2043 299 2104 quae
332 2033 446 2106 partem
481 2028 620 2088 terminat
652 2028 805 2088 orationis.
857 2027 951 2088 Totus
986 2034 1084 2088 autem
1121 2045 1227 2089 uersus
1263 2026 1405 2108 periodus

108 2125 227 2188 dicitur.

633 2362 695 2445 [on
717 2363 878 2446 1111111]

109 2583 120 2664 b
139 2581 199 2646 151
218 2580 230 2664 ll
261 2584 302 2644 lle
324 2585 556 2663 comparatione.
602 2583 788 2664 Comparatio
818 2583 926 2645 dicitur
954 2582 1141 2653 assimilatio,
1171 2585 1191 2643 1.
1215 2586 1400 2660 coaequatio,
1415 2603 1464 2656 111,
1479 2604 1504 2644 u

71 2695 142 2746 tteo
165 2685 245 2762 quod
273 2685 462 2746 assimilando
490 2703 583 2746 unum
606 2684 691 2745 alteri
713 2685 862 2765 praeierat
884 2692 914 2745 11
935 2683 972 2746 ab
995 2703 1045 2752 eo,
1074 2684 1151 2764 quod
1181 2692 1224 2744 est
1250 2702 1401 2764 comparo,

106 2789 124 2845 i.
149 2805 297 2866 coaequo,
323 2787 405 2846 uenit
425 2787 616 2866 comparatio.
662 2785 791 2854 Gradus,
815 2787 833 2846 i.
859 2787 1056 2847 ascensiones.
1101 2786 1306 2871 P'ositiuus,
1329 2784 1402 2844 dici·

58 2943 64 2952 ,
106 2895 163 2956 tur,
195 2905 231 2948 eo
259 2887 336 2966 quod
366 2889 480 2965 primus
509 2890 629 2966 ponitur
658 2885 704 2947 uel
734 2887 812 2965 quod
841 2889 879 2947 111
906 2889 999 2966 prima
1028 2887 1135 2966 positio
1163 2887 1308 2954 nominis;
1338 2889 1402 2948 siue

106 2991 252 3068 positiuus
273 2989 382 3051 dicitur
403 2991 487 3069 qnasi
510 2989 709 3069 depositiuus,
734 3006 769 3049 eo
785 2987 863 3068 quod
881 2991 1067 3068 reciprocam
1088 3005 1246 3067 personam
1270 2986 1400 3067 deponit,

105 3092 124 3149 i.
149 3091 280 3151 dimittit.
330 3091 394 3152 Non
425 3093 505 3152 enirn
534 3098 601 3169 eget
629 3109 713 3158 casu,
743 3090 794 3151 sed
825 3089 928 3169 plenus
954 3091 986 3150 in
1016 3109 1047 3150 se
1080 3096 1188 3150 manet.
1239 3089 1401 3150 Sciendum

70 3201 93 3242 ²⁵
107 3199 221 3260 autem,
251 3192 319 3270 quia
341 3189 390 3253 illa
413 3194 546 3260 nomina.
576 3209 651 3269 quae
674 3191 868 3253 substantiam
892 3191 1072 3268 significant,
1096 3209 1156 3251 non
1180 3199 1400 3270 comparantur,

106 3294 175 3372 quia
205 3294 388 3353 incrementa
417 3291 465 3355 uel
494 3293 703 3354 diminutiones
736 3295 873 3373 accipere
907 3311 965 3353 non
1000 3300 1133 3370 possunt.
1184 3291 1274 3352 Verbi
1306 3293 1402 3370 gratia

105 3393 195 3453 bomo
216 3393 265 3453 uel
289 3393 364 3473 lapis
385 3395 578 3456 substantiam
607 3395 787 3472 significant,
817 3395 900 3455 cuius
928 3395 1103 3471 significatio
1131 3409 1186 3452 nec
1214 3393 1317 3470 augeri
1345 3409 1401 3454 nec
1430 3405 1433 3413 '

107 3495 201 3556 minui
223 3503 330 3574 potest.
374 3496 404 3555 Si
434 3498 511 3557 enim
542 3496 631 3557 bomo
660 3494 707 3556 uel
722 3480 804 3576 'lapis
827 3497 950 3574 recipiat
972 3496 1238 3574 comparationem,
1261 3493 1280 3551 1.
1306 3494 1400 3570 magis

105 3597 290 3665 autminus,
313 3597 370 3656 ianr
395 3615 453 3658 non
477 3605 523 3658 est
544 3598 633 3658 borno
657 3595 705 3657 uel
728 3596 813 3676 lapis.
858 3597 890 3656 Si
906 3615 979 3657 uero
995 3594 1104 3673 aliquid
1128 3593 1265 3654 accidens
1288 3593 1400 3655 bomini

70 3711 93 3749 ³⁰
107 3699 155 3758 uel
177 3696 266 3777 lapidi
289 3696 401 3767 dicam,
425 3707 497 3758 tunc
512 3697 603 3759 habet
617 3697 713 3758 locum
731 3700 928 3778 comparatio,
952 3705 985 3759 nt
1000 3696 1105 3757 doctus
1125 3697 1215 3757 homo
1232 3704 1261 3757 et
1276 3694 1399 3766 doctior,

105 3799 182 3878 lapis
205 3799 298 3860 durus
321 3806 351 3859 11
373 3798 486 3859 durior.
530 3799 609 3878 Ergo
632 3817 691 3859 non
712 3801 778 3879 ipsa
800 3798 979 3868 substantia,
1008 3797 1060 3858 sed
1085 3815 1134 3865 ea,
1158 3815 1235 3877 quae
1257 3796 1299 3858 illi
1323 3799 1400 3858 acci·

106 3901 194 3974 dunt,
224 3908 445 3980 comparantur.
496 3900 792 3977 Comparatluus,
830 3900 938 3961 dicitur
966 3907 995 3960 11
1022 3898 1243 3962 assimilatiuus.
1294 3895 1398 3959 Omnia

107 4004 227 4064 nomina
250 4002 446 4081 comparatiui
467 4001 577 4079 gradus
598 4003 718 4080 generis
740 4009 808 4064 sunt
835 4001 999 4063 communis
1023 4009 1050 4060 et
1073 4001 1185 4062 iaciunt
1207 4004 1345 4060 neutrum
1369 3999 1399 4059 in

106 4105 168 4172 ius,
191 4112 223 4164 ut
244 4101 294 4164 bic
317 4112 347 4162 et
369 4102 442 4162 baec
464 4101 579 4164 doctior
601 4111 631 4164 et
652 4105 710 4164 boc
731 4103 860 4174 doctius,
884 4111 1008 4184 excepto
1023 4120 1082 4163 uno
1098 4101 1160 4162 ‘bic
1174 4101 1297 4170 senior’,
1321 4099 1399 4179 quod

71 4212 219 4265 amotum
243 4203 398 4265 masculini
425 4205 545 4282 generis
572 4211 618 4265 est
645 4215 674 4265 et
702 4204 968 4266 lacitlemininum
991 4203 1197 4265 ε1111111111.
1243 4201 1395 4282 011111-
1411 4213 1460 4262 171,
1475 4215 1500 4255 1⁷

175 4441 303 4490 lambiat
319 4439 530 4505 amplectiturque
598 4440 701 4505 bgreci
771 4439 933 4506 9signlllcat
1013 4439 1044 4488 16
1062 4437 1184 4504 periodus
1202 4435 1305 4502 dicitur]
1323 4436 1399 4488 Inter

105 4525 133 4571 p.
153 4509 203 4558 208
218 4516 245 4558 et
260 4525 287 4574 p.
310 4509 358 4559 151
375 4507 433 4571 sato
455 4509 541 4573 talpam
559 4509 673 4558 dialectis
687 4510 846 4574 pronuntiet
861 4508 976 4558 membris
993 4509 1089 4573 aliquot
1107 4506 1174 4570 folia
1188 4521 1298 4571 prorsus
1315 4507 1396 4555 inter·

107 4576 190 4624 ierurd
257 4577 289 4626 19
308 4575 461 4638 coaequncio
531 4577 565 4625 24
583 4575 607 4622 ·i·
625 4575 729 4626 dimittit
745 4591 826 4640 supro
842 4576 932 4625 lineum
983 4576 1037 4640 egit
1086 4576 1119 4625 29
1131 4575 1182 4623 iam
1194 4587 1245 4623 111
1258 4569 1396 4638 esthemo]

107 4644 133 4692 in
149 4659 226 4708 mrp.
244 4645 370 4696 additum:
390 4641 472 4692 Homo
491 4643 635 4694 substantie
653 4645 773 4694 estetsi
791 4653 952 4708 comparetur
969 4657 1020 4692 111
1039 4651 1078 4692 est
1095 4641 1172 4690 homo
1190 4641 1320 4704 quianon
1338 4649 1398 4706 pct-

108 4719 147 4759 est
164 4712 276 4778 accipere
293 4721 459 4778 augmentum
477 4709 516 4762 uel
534 4711 712 4762 detrimentum
780 4712 813 4763 31
831 4722 856 4760 11
873 4711 964 4764 addidi
1031 4709 1122 4762 31111
1140 4706 1238 4775 senior]
1257 4708 1299 4758 bic
1314 4723 1397 4778 supra

106 4780 197 4828 11111111
