<?xml version="1.0" encoding="UTF-8"?>
<!DOCTYPE html PUBLIC "-//W3C//DTD XHTML 1.0 Transitional//EN"
    "http://www.w3.org/TR/xhtml1/DTD/xhtml1-transitional.dtd">
<html xmlns="http://www.w3.org/1999/xhtml" xml:lang="en" lang="en">
 <head>
  <title>
</title>
<meta http-equiv="Content-Type" content="text/html;charset=utf-8" />
  <meta name='ocr-system' content='tesseract 3.04.00' />
  <meta name='ocr-capabilities' content='ocr_page ocr_carea ocr_par ocr_line ocrx_word'/>
</head>
<body>
  <div class='ocr_page' id='page_1' title='image "./grammaticilatin00hagagoog_0230.png"; bbox 0 0 3394 5448; ppageno 0'>
   <div class='ocr_carea' id='block_1_1' title="bbox 308 309 1295 382">
    <p class='ocr_par' dir='ltr' id='par_1_1' title="bbox 308 309 1295 382">
     <span class='ocr_line' id='line_1_1' title="bbox 308 309 1295 382; baseline -0.019 0"><span class='ocrx_word' id='word_1_1' title='bbox 308 333 426 382; x_wconf 75' lang='lat' dir='ltr'>CCXXX</span> <span class='ocrx_word' id='word_1_2' title='bbox 601 318 650 368; x_wconf 85' lang='lat' dir='ltr'><strong>DE</strong></span> <span class='ocrx_word' id='word_1_3' title='bbox 668 313 820 369; x_wconf 78' lang='lat' dir='ltr'>IVLIANO</span> <span class='ocrx_word' id='word_1_4' title='bbox 840 312 1036 367; x_wconf 75' lang='lat' dir='ltr'><strong>Touu&#39;rurto</strong></span> <span class='ocrx_word' id='word_1_5' title='bbox 1054 309 1295 364; x_wconf 71' lang='lat' dir='ltr'>GRAMMATICO</span> 
     </span>
    </p>
   </div>
   <div class='ocr_carea' id='block_1_2' title="bbox 307 507 1432 684">
    <p class='ocr_par' dir='ltr' id='par_1_2' title="bbox 307 507 1432 684">
     <span class='ocr_line' id='line_1_2' title="bbox 307 507 528 570; baseline -0.018 0"><span class='ocrx_word' id='word_1_6' title='bbox 307 509 348 570; x_wconf 83' lang='lat' dir='ltr'><strong>lla</strong></span> <span class='ocrx_word' id='word_1_7' title='bbox 372 526 388 568; x_wconf 86' lang='lat' dir='ltr'><strong>a</strong></span> <span class='ocrx_word' id='word_1_8' title='bbox 411 507 528 568; x_wconf 84' lang='lat' dir='ltr'><strong>bouem.</strong></span> 
     </span>
     <span class='ocr_line' id='line_1_3' title="bbox 481 586 1432 684; baseline -0.005 -32"><span class='ocrx_word' id='word_1_9' title='bbox 481 591 630 660; x_wconf 81' lang='lat' dir='ltr'><strong>Sidous</strong></span> <span class='ocrx_word' id='word_1_10' title='bbox 654 595 709 651; x_wconf 90' lang='lat' dir='ltr'><strong>est</strong></span> <span class='ocrx_word' id='word_1_11' title='bbox 730 590 873 684; x_wconf 86' lang='lat' dir='ltr'><strong>enimus</strong></span> <span class='ocrx_word' id='word_1_12' title='bbox 896 587 1022 659; x_wconf 86' lang='lat' dir='ltr'><strong>nobis,</strong></span> <span class='ocrx_word' id='word_1_13' title='bbox 1047 593 1086 649; x_wconf 92' lang='lat' dir='ltr'><strong>ut</strong></span> <span class='ocrx_word' id='word_1_14' title='bbox 1107 589 1270 649; x_wconf 86' lang='lat' dir='ltr'><strong>carmina</strong></span> <span class='ocrx_word' id='word_1_15' title='bbox 1293 586 1432 649; x_wconf 91' lang='lat' dir='ltr'><strong>dicunt.</strong></span> 
     </span>
    </p>
   </div>
   <div class='ocr_carea' id='block_1_3' title="bbox 307 675 1399 836">
    <p class='ocr_par' dir='ltr' id='par_1_3' title="bbox 307 675 1399 836">
     <span class='ocr_line' id='line_1_4' title="bbox 307 675 542 756; baseline -0.004 -17"><span class='ocrx_word' id='word_1_16' title='bbox 307 678 348 739; x_wconf 89' lang='lat' dir='ltr'><strong>lla</strong></span> <span class='ocrx_word' id='word_1_17' title='bbox 373 697 388 739; x_wconf 90' lang='lat' dir='ltr'><strong>e</strong></span> <span class='ocrx_word' id='word_1_18' title='bbox 410 675 542 756; x_wconf 90' lang='lat' dir='ltr'><strong>longum.</strong></span> 
     </span>
     <span class='ocr_line' id='line_1_5' title="bbox 435 757 1399 836; baseline -0.004 -14"><span class='ocrx_word' id='word_1_19' title='bbox 435 763 508 822; x_wconf 86' lang='lat' dir='ltr'><strong>Eua</strong></span> <span class='ocrx_word' id='word_1_20' title='bbox 532 758 702 822; x_wconf 90' lang='lat' dir='ltr'><strong>columba</strong></span> <span class='ocrx_word' id='word_1_21' title='bbox 725 758 796 820; x_wconf 89' lang='lat' dir='ltr'><strong>luit</strong></span> <span class='ocrx_word' id='word_1_22' title='bbox 819 767 905 819; x_wconf 91' lang='lat' dir='ltr'><strong>tunc</strong></span> <span class='ocrx_word' id='word_1_23' title='bbox 928 758 1100 828; x_wconf 90' lang='lat' dir='ltr'><strong>candida,</strong></span> <span class='ocrx_word' id='word_1_24' title='bbox 1125 759 1229 836; x_wconf 91' lang='lat' dir='ltr'><strong>nigra</strong></span> <span class='ocrx_word' id='word_1_25' title='bbox 1253 757 1399 818; x_wconf 87' lang='lat' dir='ltr'><strong>deinde.</strong></span> 
     </span>
    </p>
   </div>
   <div class='ocr_carea' id='block_1_4' title="bbox 306 845 1590 1012">
    <p class='ocr_par' dir='ltr' id='par_1_4' title="bbox 306 845 1590 1012">
     <span class='ocr_line' id='line_1_6' title="bbox 306 845 1590 934; baseline -0.002 -24"><span class='ocrx_word' id='word_1_26' title='bbox 306 849 347 910; x_wconf 82' lang='lat' dir='ltr'><strong>lla</strong></span> <span class='ocrx_word' id='word_1_27' title='bbox 371 866 387 908; x_wconf 88' lang='lat' dir='ltr'><strong>e</strong></span> <span class='ocrx_word' id='word_1_28' title='bbox 410 845 542 908; x_wconf 89' lang='lat' dir='ltr'><strong>breuem.</strong></span> <span class='ocrx_word' id='word_1_29' title='bbox 1358 919 1365 934; x_wconf 24' lang='grc' dir='ltr'><strong><em>Β</em></strong></span> <span class='ocrx_word' id='word_1_30' title='bbox 1581 869 1590 907; x_wconf 80' lang='grc' dir='ltr'>ι</span> 
     </span>
     <span class='ocr_line' id='line_1_7' title="bbox 431 927 1377 1012; baseline -0.005 -19"><span class='ocrx_word' id='word_1_31' title='bbox 431 932 515 1012; x_wconf 84' lang='lat' dir='ltr'><strong>lpse</strong></span> <span class='ocrx_word' id='word_1_32' title='bbox 537 930 599 992; x_wconf 89' lang='lat' dir='ltr'><strong>uhi</strong></span> <span class='ocrx_word' id='word_1_33' title='bbox 621 933 766 1007; x_wconf 79' lang='lat' dir='ltr'><strong>tempus</strong></span> <span class='ocrx_word' id='word_1_34' title='bbox 790 930 878 999; x_wconf 89' lang='lat' dir='ltr'><strong>erit,</strong></span> <span class='ocrx_word' id='word_1_35' title='bbox 902 947 1026 990; x_wconf 86' lang='lat' dir='ltr'><strong>omncs</strong></span> <span class='ocrx_word' id='word_1_36' title='bbox 1049 929 1085 989; x_wconf 93' lang='lat' dir='ltr'><strong>in</strong></span> <span class='ocrx_word' id='word_1_37' title='bbox 1108 928 1212 989; x_wconf 82' lang='lat' dir='ltr'><strong>lunio</strong></span> <span class='ocrx_word' id='word_1_38' title='bbox 1234 927 1377 988; x_wconf 90' lang='lat' dir='ltr'><strong>lauabo.</strong></span> 
     </span>
    </p>
   </div>
   <div class='ocr_carea' id='block_1_5' title="bbox 306 1016 1604 1348">
    <p class='ocr_par' dir='ltr' id='par_1_5' title="bbox 306 1016 1604 1348">
     <span class='ocr_line' id='line_1_8' title="bbox 306 1016 534 1095; baseline -0.018 -15"><span class='ocrx_word' id='word_1_39' title='bbox 306 1018 345 1080; x_wconf 85' lang='lat' dir='ltr'><strong>lla</strong></span> <span class='ocrx_word' id='word_1_40' title='bbox 369 1020 380 1078; x_wconf 95' lang='lat' dir='ltr'><strong>i</strong></span> <span class='ocrx_word' id='word_1_41' title='bbox 402 1016 534 1095; x_wconf 88' lang='lat' dir='ltr'><strong>longum.</strong></span> 
     </span>
     <span class='ocr_line' id='line_1_9' title="bbox 433 1097 1460 1176; baseline -0.005 -14"><span class='ocrx_word' id='word_1_42' title='bbox 433 1100 495 1162; x_wconf 91' lang='lat' dir='ltr'><strong>lbo</strong></span> <span class='ocrx_word' id='word_1_43' title='bbox 518 1110 553 1162; x_wconf 89' lang='lat' dir='ltr'><strong>et</strong></span> <span class='ocrx_word' id='word_1_44' title='bbox 575 1099 810 1168; x_wconf 85' lang='lat' dir='ltr'><strong>Chalcidico,</strong></span> <span class='ocrx_word' id='word_1_45' title='bbox 835 1116 926 1176; x_wconf 84' lang='lat' dir='ltr'><strong>quae</strong></span> <span class='ocrx_word' id='word_1_46' title='bbox 949 1106 1034 1160; x_wconf 88' lang='lat' dir='ltr'><strong>suut</strong></span> <span class='ocrx_word' id='word_1_47' title='bbox 1055 1098 1144 1159; x_wconf 90' lang='lat' dir='ltr'><strong>mihi</strong></span> <span class='ocrx_word' id='word_1_48' title='bbox 1168 1097 1319 1160; x_wconf 85' lang='lat' dir='ltr'><strong>condita</strong></span> <span class='ocrx_word' id='word_1_49' title='bbox 1342 1115 1460 1158; x_wconf 88' lang='lat' dir='ltr'><strong>uersu.</strong></span> 
     </span>
     <span class='ocr_line' id='line_1_10' title="bbox 306 1186 536 1249; baseline -0.013 0"><span class='ocrx_word' id='word_1_50' title='bbox 306 1188 347 1249; x_wconf 83' lang='lat' dir='ltr'><strong>lla</strong></span> <span class='ocrx_word' id='word_1_51' title='bbox 370 1189 380 1247; x_wconf 93' lang='lat' dir='ltr'><strong>i</strong></span> <span class='ocrx_word' id='word_1_52' title='bbox 403 1186 536 1248; x_wconf 88' lang='lat' dir='ltr'><strong>breuem.</strong></span> 
     </span>
     <span class='ocr_line' id='line_1_11' title="bbox 432 1267 1604 1348; baseline -0.002 -16"><span class='ocrx_word' id='word_1_53' title='bbox 432 1272 549 1333; x_wconf 88' lang='lat' dir='ltr'><strong>&#39;lutus</strong></span> <span class='ocrx_word' id='word_1_54' title='bbox 572 1272 648 1348; x_wconf 92' lang='lat' dir='ltr'><strong>agit</strong></span> <span class='ocrx_word' id='word_1_55' title='bbox 670 1271 729 1331; x_wconf 89' lang='lat' dir='ltr'><strong>uir</strong></span> <span class='ocrx_word' id='word_1_56' title='bbox 751 1271 874 1330; x_wconf 90' lang='lat' dir='ltr'><strong>iustus</strong></span> <span class='ocrx_word' id='word_1_57' title='bbox 896 1271 970 1330; x_wconf 86' lang='lat' dir='ltr'><strong>iter</strong></span> <span class='ocrx_word' id='word_1_58' title='bbox 992 1267 1050 1329; x_wconf 91' lang='lat' dir='ltr'><strong>uel</strong></span> <span class='ocrx_word' id='word_1_59' title='bbox 1073 1285 1138 1347; x_wconf 87' lang='lat' dir='ltr'><strong>per</strong></span> <span class='ocrx_word' id='word_1_60' title='bbox 1160 1287 1258 1331; x_wconf 90' lang='lat' dir='ltr'><strong>mare</strong></span> <span class='ocrx_word' id='word_1_61' title='bbox 1280 1285 1457 1346; x_wconf 86' lang='lat' dir='ltr'><strong>magnum.</strong></span> <span class='ocrx_word' id='word_1_62' title='bbox 1585 1292 1604 1330; x_wconf 89' lang='lat' dir='ltr'><strong>n</strong></span> 
     </span>
    </p>
   </div>
   <div class='ocr_carea' id='block_1_6' title="bbox 306 1357 1384 1504">
    <p class='ocr_par' dir='ltr' id='par_1_6' title="bbox 306 1357 1384 1504">
     <span class='ocr_line' id='line_1_12' title="bbox 306 1357 542 1435; baseline -0.021 -14"><span class='ocrx_word' id='word_1_63' title='bbox 306 1359 347 1421; x_wconf 84' lang='lat' dir='ltr'><strong>lla</strong></span> <span class='ocrx_word' id='word_1_64' title='bbox 370 1378 387 1419; x_wconf 95' lang='lat' dir='ltr'><strong>o</strong></span> <span class='ocrx_word' id='word_1_65' title='bbox 410 1357 542 1435; x_wconf 90' lang='lat' dir='ltr'><strong>longum.</strong></span> 
     </span>
     <span class='ocr_line' id='line_1_13' title="bbox 434 1437 1384 1504; baseline -0.006 0"><span class='ocrx_word' id='word_1_66' title='bbox 434 1441 505 1504; x_wconf 85' lang='lat' dir='ltr'><strong>Ora</strong></span> <span class='ocrx_word' id='word_1_67' title='bbox 528 1438 697 1502; x_wconf 91' lang='lat' dir='ltr'><strong>columba</strong></span> <span class='ocrx_word' id='word_1_68' title='bbox 720 1439 839 1501; x_wconf 78' lang='lat' dir='ltr'><strong>refert</strong></span> <span class='ocrx_word' id='word_1_69' title='bbox 861 1456 1000 1500; x_wconf 88' lang='lat' dir='ltr'><strong>ramum</strong></span> <span class='ocrx_word' id='word_1_70' title='bbox 1024 1437 1230 1501; x_wconf 85' lang='lat' dir='ltr'><strong>uiridantis</strong></span> <span class='ocrx_word' id='word_1_71' title='bbox 1253 1438 1384 1500; x_wconf 90' lang='lat' dir='ltr'><strong>oliuae.</strong></span> 
     </span>
    </p>
   </div>
   <div class='ocr_carea' id='block_1_7' title="bbox 309 1526 1363 1679">
    <p class='ocr_par' dir='ltr' id='par_1_7' title="bbox 309 1526 1363 1679">
     <span class='ocr_line' id='line_1_14' title="bbox 309 1526 546 1589; baseline -0.013 -1"><span class='ocrx_word' id='word_1_72' title='bbox 309 1529 349 1588; x_wconf 84' lang='lat' dir='ltr'><strong>lla</strong></span> <span class='ocrx_word' id='word_1_73' title='bbox 372 1547 390 1588; x_wconf 92' lang='lat' dir='ltr'><strong>o</strong></span> <span class='ocrx_word' id='word_1_74' title='bbox 412 1526 546 1589; x_wconf 86' lang='lat' dir='ltr'><strong>breuem.</strong></span> 
     </span>
     <span class='ocr_line' id='line_1_15' title="bbox 434 1610 1363 1679; baseline -0.004 -5"><span class='ocrx_word' id='word_1_75' title='bbox 434 1611 459 1674; x_wconf 89' lang='lat'>0</span> <span class='ocrx_word' id='word_1_76' title='bbox 482 1610 654 1673; x_wconf 86' lang='lat' dir='ltr'><strong>mortalis</strong></span> <span class='ocrx_word' id='word_1_77' title='bbox 676 1612 797 1679; x_wconf 90' lang='lat' dir='ltr'><strong>horno,</strong></span> <span class='ocrx_word' id='word_1_78' title='bbox 821 1611 953 1671; x_wconf 87' lang='lat' dir='ltr'><strong>mortis</strong></span> <span class='ocrx_word' id='word_1_79' title='bbox 975 1611 1224 1671; x_wconf 86' lang='lat' dir='ltr'><strong>reminiscere</strong></span> <span class='ocrx_word' id='word_1_80' title='bbox 1247 1627 1363 1670; x_wconf 87' lang='lat' dir='ltr'><strong>casus.</strong></span> 
     </span>
    </p>
   </div>
   <div class='ocr_carea' id='block_1_8' title="bbox 308 1697 1607 1849">
    <p class='ocr_par' dir='ltr' id='par_1_8' title="bbox 308 1697 1607 1849">
     <span class='ocr_line' id='line_1_16' title="bbox 308 1697 1607 1775; baseline -0.005 -17"><span class='ocrx_word' id='word_1_81' title='bbox 308 1697 348 1759; x_wconf 84' lang='lat' dir='ltr'><strong>lia</strong></span> <span class='ocrx_word' id='word_1_82' title='bbox 373 1717 392 1758; x_wconf 95' lang='lat' dir='ltr'><strong>u</strong></span> <span class='ocrx_word' id='word_1_83' title='bbox 415 1697 546 1775; x_wconf 89' lang='lat' dir='ltr'><strong>longum.</strong></span> <span class='ocrx_word' id='word_1_84' title='bbox 1282 1743 1286 1754; x_wconf 93' lang='lat'><strong>.</strong></span> <span class='ocrx_word' id='word_1_85' title='bbox 1502 1717 1505 1724; x_wconf 48' lang='lat'>¹</span> <span class='ocrx_word' id='word_1_86' title='bbox 1589 1716 1607 1753; x_wconf 84' lang='grc' dir='ltr'><strong>ιι</strong></span> 
     </span>
     <span class='ocr_line' id='line_1_17' title="bbox 435 1778 1428 1849; baseline -0.002 -9"><span class='ocrx_word' id='word_1_87' title='bbox 435 1783 508 1842; x_wconf 89' lang='lat' dir='ltr'><strong>Vua</strong></span> <span class='ocrx_word' id='word_1_88' title='bbox 531 1799 573 1842; x_wconf 82' lang='lat' dir='ltr'><strong>cx</strong></span> <span class='ocrx_word' id='word_1_89' title='bbox 595 1780 702 1841; x_wconf 77' lang='lat' dir='ltr'><strong>Adam</strong></span> <span class='ocrx_word' id='word_1_90' title='bbox 727 1789 783 1841; x_wconf 87' lang='lat' dir='ltr'><strong>est</strong></span> <span class='ocrx_word' id='word_1_91' title='bbox 804 1798 916 1849; x_wconf 89' lang='lat' dir='ltr'><strong>mors.</strong></span> <span class='ocrx_word' id='word_1_92' title='bbox 941 1779 1080 1842; x_wconf 78' lang='lat' dir='ltr'>Christi</span> <span class='ocrx_word' id='word_1_93' title='bbox 1103 1787 1137 1840; x_wconf 90' lang='lat' dir='ltr'><strong>et</strong></span> <span class='ocrx_word' id='word_1_94' title='bbox 1159 1796 1230 1840; x_wconf 92' lang='lat' dir='ltr'><strong>una</strong></span> <span class='ocrx_word' id='word_1_95' title='bbox 1253 1778 1363 1840; x_wconf 88' lang='lat' dir='ltr'><strong>salus.</strong></span> <span class='ocrx_word' id='word_1_96' title='bbox 1388 1813 1428 1824; x_wconf 92' lang='lat'><strong>—</strong></span> 
     </span>
    </p>
   </div>
   <div class='ocr_carea' id='block_1_9' title="bbox 436 1862 1480 1945">
    <p class='ocr_par' dir='ltr' id='par_1_9' title="bbox 436 1862 1480 1945">
     <span class='ocr_line' id='line_1_18' title="bbox 436 1862 1480 1945; baseline -0.005 -17"><span class='ocrx_word' id='word_1_97' title='bbox 436 1869 509 1928; x_wconf 86' lang='lat' dir='ltr'><strong>Vna</strong></span> <span class='ocrx_word' id='word_1_98' title='bbox 531 1869 656 1928; x_wconf 88' lang='lat' dir='ltr'><strong>uirtus</strong></span> <span class='ocrx_word' id='word_1_99' title='bbox 679 1865 815 1926; x_wconf 80' lang='lat' dir='ltr'><strong>format</strong></span> <span class='ocrx_word' id='word_1_100' title='bbox 835 1866 933 1944; x_wconf 82' lang='lat' dir='ltr'><strong>ipsa,</strong></span> <span class='ocrx_word' id='word_1_101' title='bbox 956 1882 1146 1945; x_wconf 83' lang='lat' dir='ltr'><strong>quaequac</strong></span> <span class='ocrx_word' id='word_1_102' title='bbox 1168 1873 1256 1925; x_wconf 89' lang='lat' dir='ltr'><strong>sunt</strong></span> <span class='ocrx_word' id='word_1_103' title='bbox 1276 1862 1424 1926; x_wconf 89' lang='lat' dir='ltr'><strong>uitalia.</strong></span> <span class='ocrx_word' id='word_1_104' title='bbox 1478 1865 1480 1871; x_wconf 89' lang='lat'>&#39;</span> 
     </span>
    </p>
   </div>
   <div class='ocr_carea' id='block_1_10' title="bbox 308 1949 1583 2116">
    <p class='ocr_par' dir='ltr' id='par_1_10' title="bbox 308 1949 1583 2116">
     <span class='ocr_line' id='line_1_19' title="bbox 308 1949 549 2014; baseline -0.012 0"><span class='ocrx_word' id='word_1_105' title='bbox 308 1953 350 2014; x_wconf 83' lang='lat' dir='ltr'><strong>lla</strong></span> <span class='ocrx_word' id='word_1_106' title='bbox 373 1971 393 2014; x_wconf 93' lang='lat' dir='ltr'><strong>u</strong></span> <span class='ocrx_word' id='word_1_107' title='bbox 415 1949 549 2012; x_wconf 90' lang='lat' dir='ltr'><strong>breuem.</strong></span> 
     </span>
     <span class='ocr_line' id='line_1_20' title="bbox 434 2031 1583 2116; baseline -0.004 -18"><span class='ocrx_word' id='word_1_108' title='bbox 434 2037 644 2116; x_wconf 85' lang='lat' dir='ltr'>Hospitium</span> <span class='ocrx_word' id='word_1_109' title='bbox 667 2036 734 2096; x_wconf 90' lang='lat' dir='ltr'><strong>hoc</strong></span> <span class='ocrx_word' id='word_1_110' title='bbox 756 2035 896 2096; x_wconf 86' lang='lat' dir='ltr'><strong>domini</strong></span> <span class='ocrx_word' id='word_1_111' title='bbox 919 2042 988 2106; x_wconf 86' lang='lat' dir='ltr'><strong>ost,</strong></span> <span class='ocrx_word' id='word_1_112' title='bbox 1012 2033 1087 2096; x_wconf 83' lang='lat' dir='ltr'>ilex</span> <span class='ocrx_word' id='word_1_113' title='bbox 1103 2032 1334 2096; x_wconf 88' lang='lat' dir='ltr'><strong>ubilrondea</strong></span> <span class='ocrx_word' id='word_1_114' title='bbox 1351 2031 1583 2095; x_wconf 83' lang='lat' dir='ltr'><strong>Mambrae.-</strong></span> 
     </span>
    </p>
   </div>
   <div class='ocr_carea' id='block_1_11' title="bbox 436 2117 1612 2200">
    <p class='ocr_par' dir='ltr' id='par_1_11' title="bbox 436 2117 1612 2200">
     <span class='ocr_line' id='line_1_21' title="bbox 436 2117 1612 2200; baseline -0.006 -15"><span class='ocrx_word' id='word_1_115' title='bbox 436 2121 569 2185; x_wconf 84' lang='lat' dir='ltr'><strong>Clarus</strong></span> <span class='ocrx_word' id='word_1_116' title='bbox 593 2118 729 2200; x_wconf 81' lang='lat' dir='ltr'><strong>ubique</strong></span> <span class='ocrx_word' id='word_1_117' title='bbox 752 2119 844 2183; x_wconf 89' lang='lat' dir='ltr'><strong>deus</strong></span> <span class='ocrx_word' id='word_1_118' title='bbox 866 2138 1062 2200; x_wconf 82' lang='lat' dir='ltr'><strong>numquam</strong></span> <span class='ocrx_word' id='word_1_119' title='bbox 1084 2117 1279 2181; x_wconf 84' lang='lat' dir='ltr'><strong>mutabilis</strong></span> <span class='ocrx_word' id='word_1_120' title='bbox 1301 2125 1443 2180; x_wconf 78' lang='lat' dir='ltr'><strong>auctor.</strong></span> <span class='ocrx_word' id='word_1_121' title='bbox 1593 2138 1612 2178; x_wconf 91' lang='grc' dir='ltr'><strong>ιι</strong></span> 
     </span>
    </p>
   </div>
   <div class='ocr_carea' id='block_1_12' title="bbox 306 2323 1475 2660">
    <p class='ocr_par' dir='ltr' id='par_1_12' title="bbox 306 2323 1475 2660">
     <span class='ocr_line' id='line_1_22' title="bbox 373 2323 1047 2406; baseline -0.003 -19"><span class='ocrx_word' id='word_1_122' title='bbox 373 2327 434 2400; x_wconf 80' lang='lat' dir='ltr'><strong>(De</strong></span> <span class='ocrx_word' id='word_1_123' title='bbox 446 2345 470 2388; x_wconf 85' lang='lat' dir='ltr'><strong><em>x</em></strong></span> <span class='ocrx_word' id='word_1_124' title='bbox 484 2327 620 2402; x_wconf 83' lang='lat' dir='ltr'><strong>littera):</strong></span> <span class='ocrx_word' id='word_1_125' title='bbox 643 2323 746 2406; x_wconf 75' lang='lat' dir='ltr'><strong>daubi</strong></span> <span class='ocrx_word' id='word_1_126' title='bbox 768 2327 807 2386; x_wconf 91' lang='lat' dir='ltr'><strong>sit</strong></span> <span class='ocrx_word' id='word_1_127' title='bbox 827 2343 882 2405; x_wconf 88' lang='lat' dir='ltr'><strong>pro</strong></span> <span class='ocrx_word' id='word_1_128' title='bbox 904 2323 1047 2404; x_wconf 84' lang='lat' dir='ltr'>simplice.</span> 
     </span>
     <span class='ocr_line' id='line_1_23' title="bbox 437 2409 1056 2490; baseline -0.002 -20"><span class='ocrx_word' id='word_1_129' title='bbox 437 2410 480 2471; x_wconf 82' lang='lat' dir='ltr'><strong>Et</strong></span> <span class='ocrx_word' id='word_1_130' title='bbox 501 2409 716 2490; x_wconf 90' lang='lat' dir='ltr'><strong>prostrauit</strong></span> <span class='ocrx_word' id='word_1_131' title='bbox 737 2409 852 2471; x_wconf 88' lang='lat' dir='ltr'><strong>litora</strong></span> <span class='ocrx_word' id='word_1_132' title='bbox 875 2409 1056 2472; x_wconf 80' lang='lat' dir='ltr'><strong>Xanthus.</strong></span> 
     </span>
     <span class='ocr_line' id='line_1_24' title="bbox 309 2494 650 2575; baseline -0.003 -19"><span class='ocrx_word' id='word_1_133' title='bbox 309 2495 349 2556; x_wconf 84' lang='lat' dir='ltr'><strong>lla</strong></span> <span class='ocrx_word' id='word_1_134' title='bbox 371 2494 423 2556; x_wconf 91' lang='lat' dir='ltr'><strong>ubi</strong></span> <span class='ocrx_word' id='word_1_135' title='bbox 445 2514 499 2575; x_wconf 86' lang='lat' dir='ltr'><strong>pro</strong></span> <span class='ocrx_word' id='word_1_136' title='bbox 522 2494 650 2574; x_wconf 84' lang='lat' dir='ltr'><strong>duplice.</strong></span> 
     </span>
     <span class='ocr_line' id='line_1_25' title="bbox 306 2577 1475 2660; baseline 0 -18"><span class='ocrx_word' id='word_1_137' title='bbox 306 2593 308 2598; x_wconf 85' lang='grc'><strong>’</strong></span> <span class='ocrx_word' id='word_1_138' title='bbox 431 2579 644 2660; x_wconf 80' lang='lat' dir='ltr'><strong>Adnixique</strong></span> <span class='ocrx_word' id='word_1_139' title='bbox 666 2577 817 2658; x_wconf 84' lang='lat' dir='ltr'><strong>globum</strong></span> <span class='ocrx_word' id='word_1_140' title='bbox 840 2583 862 2655; x_wconf 86' lang='lat'>†</span> <span class='ocrx_word' id='word_1_141' title='bbox 884 2581 1031 2660; x_wconf 86' lang='lat' dir='ltr'><strong>nipperi</strong></span> <span class='ocrx_word' id='word_1_142' title='bbox 1053 2579 1152 2641; x_wconf 87' lang='lat' dir='ltr'><strong>lreta</strong></span> <span class='ocrx_word' id='word_1_143' title='bbox 1175 2597 1263 2640; x_wconf 90' lang='lat' dir='ltr'><strong>cana</strong></span> <span class='ocrx_word' id='word_1_144' title='bbox 1286 2579 1475 2643; x_wconf 87' lang='lat' dir='ltr'><strong>secabant.</strong></span> 
     </span>
    </p>
   </div>
   <div class='ocr_carea' id='block_1_13' title="bbox 310 2783 1617 3272">
    <p class='ocr_par' dir='ltr' id='par_1_13' title="bbox 310 2783 1617 3272">
     <span class='ocr_line' id='line_1_26' title="bbox 312 2783 634 2864; baseline -0.003 -20"><span class='ocrx_word' id='word_1_145' title='bbox 312 2783 353 2846; x_wconf 83' lang='lat' dir='ltr'><strong>lla</strong></span> <span class='ocrx_word' id='word_1_146' title='bbox 374 2784 425 2844; x_wconf 90' lang='lat' dir='ltr'><strong>ubi</strong></span> <span class='ocrx_word' id='word_1_147' title='bbox 448 2783 457 2844; x_wconf 98' lang='lat' dir='ltr'><strong>l</strong></span> <span class='ocrx_word' id='word_1_148' title='bbox 480 2784 634 2864; x_wconf 89' lang='lat' dir='ltr'><strong>liquescat.</strong></span> 
     </span>
     <span class='ocr_line' id='line_1_27' title="bbox 434 2869 1307 2947; baseline 0 -19"><span class='ocrx_word' id='word_1_149' title='bbox 434 2869 471 2929; x_wconf 96' lang='lat' dir='ltr'><strong>ln</strong></span> <span class='ocrx_word' id='word_1_150' title='bbox 494 2871 633 2931; x_wconf 89' lang='lat' dir='ltr'><strong>iontem</strong></span> <span class='ocrx_word' id='word_1_151' title='bbox 656 2869 780 2930; x_wconf 90' lang='lat' dir='ltr'><strong>reiluo</strong></span> <span class='ocrx_word' id='word_1_152' title='bbox 803 2869 979 2929; x_wconf 88' lang='lat' dir='ltr'><strong>iordanis</strong></span> <span class='ocrx_word' id='word_1_153' title='bbox 1001 2870 1150 2947; x_wconf 81' lang='lat' dir='ltr'><strong>gurgite</strong></span> <span class='ocrx_word' id='word_1_154' title='bbox 1174 2869 1307 2931; x_wconf 90' lang='lat' dir='ltr'><strong>lertur.</strong></span> 
     </span>
     <span class='ocr_line' id='line_1_28' title="bbox 310 2953 883 3033; baseline -0.002 -19"><span class='ocrx_word' id='word_1_155' title='bbox 310 2955 350 3014; x_wconf 82' lang='lat' dir='ltr'><strong>lla</strong></span> <span class='ocrx_word' id='word_1_156' title='bbox 373 2953 424 3015; x_wconf 91' lang='lat' dir='ltr'><strong>ubi</strong></span> <span class='ocrx_word' id='word_1_157' title='bbox 447 2973 501 3033; x_wconf 86' lang='lat' dir='ltr'><strong>pro</strong></span> <span class='ocrx_word' id='word_1_158' title='bbox 524 2962 706 3015; x_wconf 79' lang='lat' dir='ltr'><strong>consonante</strong></span> <span class='ocrx_word' id='word_1_159' title='bbox 730 2955 883 3033; x_wconf 83' lang='lat' dir='ltr'><strong>accipitur.</strong></span> 
     </span>
     <span class='ocr_line' id='line_1_29' title="bbox 435 3038 1481 3120; baseline 0.002 -20"><span class='ocrx_word' id='word_1_160' title='bbox 435 3039 578 3100; x_wconf 90' lang='lat' dir='ltr'><strong>Coruus</strong></span> <span class='ocrx_word' id='word_1_161' title='bbox 601 3041 694 3099; x_wconf 89' lang='lat' dir='ltr'><strong>enim</strong></span> <span class='ocrx_word' id='word_1_162' title='bbox 718 3038 892 3117; x_wconf 83' lang='lat' dir='ltr'><strong>inglunie</strong></span> <span class='ocrx_word' id='word_1_163' title='bbox 914 3057 980 3119; x_wconf 85' lang='lat' dir='ltr'><strong>per</strong></span> <span class='ocrx_word' id='word_1_164' title='bbox 1003 3038 1110 3100; x_wconf 84' lang='lat' dir='ltr'><strong>laeda</strong></span> <span class='ocrx_word' id='word_1_165' title='bbox 1133 3039 1318 3101; x_wconf 85' lang='lat' dir='ltr'><strong>cadauera</strong></span> <span class='ocrx_word' id='word_1_166' title='bbox 1342 3049 1481 3120; x_wconf 87' lang='lat' dir='ltr'><strong>captus.</strong></span> 
     </span>
     <span class='ocr_line' id='line_1_30' title="bbox 310 3123 652 3203; baseline 0 -19"><span class='ocrx_word' id='word_1_167' title='bbox 310 3123 352 3184; x_wconf 90' lang='lat' dir='ltr'><strong>Da</strong></span> <span class='ocrx_word' id='word_1_168' title='bbox 373 3123 425 3184; x_wconf 90' lang='lat' dir='ltr'><strong>ubi</strong></span> <span class='ocrx_word' id='word_1_169' title='bbox 448 3143 476 3183; x_wconf 94' lang='lat' dir='ltr'><strong>m</strong></span> <span class='ocrx_word' id='word_1_170' title='bbox 500 3123 652 3203; x_wconf 87' lang='lat' dir='ltr'><strong>liquescat.</strong></span> 
     </span>
     <span class='ocr_line' id='line_1_31' title="bbox 433 3207 1617 3272; baseline -0.003 -4"><span class='ocrx_word' id='word_1_171' title='bbox 433 3208 556 3270; x_wconf 88' lang='lat' dir='ltr'><strong>Litora</strong></span> <span class='ocrx_word' id='word_1_172' title='bbox 581 3208 733 3270; x_wconf 91' lang='lat' dir='ltr'><strong>multum</strong></span> <span class='ocrx_word' id='word_1_173' title='bbox 755 3207 822 3269; x_wconf 89' lang='lat' dir='ltr'><strong>ille</strong></span> <span class='ocrx_word' id='word_1_174' title='bbox 845 3217 880 3269; x_wconf 88' lang='lat' dir='ltr'><strong>ot</strong></span> <span class='ocrx_word' id='word_1_175' title='bbox 901 3211 1016 3270; x_wconf 88' lang='lat' dir='ltr'><strong>terris</strong></span> <span class='ocrx_word' id='word_1_176' title='bbox 1038 3211 1202 3271; x_wconf 89' lang='lat' dir='ltr'><strong>iactatus</strong></span> <span class='ocrx_word' id='word_1_177' title='bbox 1225 3217 1261 3270; x_wconf 86' lang='lat' dir='ltr'><strong>et</strong></span> <span class='ocrx_word' id='word_1_178' title='bbox 1282 3209 1368 3272; x_wconf 93' lang='lat' dir='ltr'><strong>alto.</strong></span> <span class='ocrx_word' id='word_1_179' title='bbox 1599 3227 1617 3264; x_wconf 87' lang='grc' dir='ltr'><strong>ιι</strong></span> 
     </span>
    </p>
   </div>
   <div class='ocr_carea' id='block_1_14' title="bbox 308 3443 1589 3576">
    <p class='ocr_par' dir='ltr' id='par_1_14' title="bbox 308 3443 1589 3576">
     <span class='ocr_line' id='line_1_32' title="bbox 343 3443 1113 3478; baseline 0.005 -1"><span class='ocrx_word' id='word_1_180' title='bbox 343 3443 569 3478; x_wconf 67' lang='grc' dir='ltr'><strong>ΕῙΙῙΏῙΤῚΒΙΝΕΒ.</strong></span> <span class='ocrx_word' id='word_1_181' title='bbox 1111 3461 1113 3466; x_wconf 95' lang='grc'><strong><em>·</em></strong></span> 
     </span>
     <span class='ocr_line' id='line_1_33' title="bbox 308 3498 1589 3576; baseline 0 -20"><span class='ocrx_word' id='word_1_182' title='bbox 308 3502 342 3556; x_wconf 84' lang='lat' dir='ltr'><strong>lla</strong></span> <span class='ocrx_word' id='word_1_183' title='bbox 364 3501 457 3557; x_wconf 88' lang='lat' dir='ltr'><strong>breue.</strong></span> <span class='ocrx_word' id='word_1_184' title='bbox 502 3500 590 3557; x_wconf 81' lang='lat' dir='ltr'><strong>l&#39;utus</strong></span> <span class='ocrx_word' id='word_1_185' title='bbox 610 3503 667 3575; x_wconf 85' lang='lat' dir='ltr'><strong>aglt</strong></span> <span class='ocrx_word' id='word_1_186' title='bbox 689 3531 730 3542; x_wconf 92' lang='lat'>-</span> <span class='ocrx_word' id='word_1_187' title='bbox 752 3503 787 3558; x_wconf 88' lang='lat' dir='ltr'><strong>lla</strong></span> <span class='ocrx_word' id='word_1_188' title='bbox 810 3519 828 3559; x_wconf 92' lang='lat' dir='ltr'><strong>u</strong></span> <span class='ocrx_word' id='word_1_189' title='bbox 851 3501 970 3576; x_wconf 91' lang='lat' dir='ltr'><strong>longum.</strong></span> <span class='ocrx_word' id='word_1_190' title='bbox 1014 3498 1081 3559; x_wconf 82' lang='lat' dir='ltr'><strong>‘Vna</strong></span> <span class='ocrx_word' id='word_1_191' title='bbox 1109 3519 1141 3558; x_wconf 83' lang='lat' dir='ltr'><strong>ex</strong></span> <span class='ocrx_word' id='word_1_192' title='bbox 1163 3501 1246 3558; x_wconf 72' lang='lat' dir='ltr'><strong>Aulam</strong></span> <span class='ocrx_word' id='word_1_193' title='bbox 1269 3511 1312 3559; x_wconf 86' lang='lat' dir='ltr'><strong>est</strong></span> <span class='ocrx_word' id='word_1_194' title='bbox 1334 3519 1422 3569; x_wconf 82' lang='lat' dir='ltr'><strong>mors,</strong></span> <span class='ocrx_word' id='word_1_195' title='bbox 1452 3503 1546 3561; x_wconf 85' lang='lat' dir='ltr'><strong>Christi</strong></span> <span class='ocrx_word' id='word_1_196' title='bbox 1567 3511 1589 3557; x_wconf 88' lang='lat' dir='ltr'><strong>et</strong></span> 
     </span>
    </p>
   </div>
   <div class='ocr_carea' id='block_1_15' title="bbox 267 3583 1590 4256">
    <p class='ocr_par' dir='ltr' id='par_1_15' title="bbox 267 3583 1590 4256">
     <span class='ocr_line' id='line_1_34' title="bbox 309 3583 1587 3662; baseline 0.002 -22"><span class='ocrx_word' id='word_1_197' title='bbox 309 3603 362 3641; x_wconf 89' lang='lat' dir='ltr'><strong>una</strong></span> <span class='ocrx_word' id='word_1_198' title='bbox 386 3583 481 3641; x_wconf 83' lang='lat' dir='ltr'><strong>salus&#39;</strong></span> <span class='ocrx_word' id='word_1_199' title='bbox 528 3586 562 3640; x_wconf 84' lang='lat' dir='ltr'><strong>lla</strong></span> <span class='ocrx_word' id='word_1_200' title='bbox 585 3585 676 3643; x_wconf 89' lang='lat' dir='ltr'><strong>breue.</strong></span> <span class='ocrx_word' id='word_1_201' title='bbox 717 3587 883 3662; x_wconf 75' lang='lat' dir='ltr'><strong>‘llospitium</strong></span> <span class='ocrx_word' id='word_1_202' title='bbox 905 3587 959 3645; x_wconf 85' lang='lat' dir='ltr'><strong>lroc</strong></span> <span class='ocrx_word' id='word_1_203' title='bbox 980 3587 1081 3644; x_wconf 86' lang='lat' dir='ltr'><strong>domini</strong></span> <span class='ocrx_word' id='word_1_204' title='bbox 1104 3596 1156 3660; x_wconf 87' lang='lat' dir='ltr'><strong>est,</strong></span> <span class='ocrx_word' id='word_1_205' title='bbox 1180 3586 1232 3644; x_wconf 81' lang='lat' dir='ltr'><strong>ilex</strong></span> <span class='ocrx_word' id='word_1_206' title='bbox 1255 3587 1301 3644; x_wconf 89' lang='lat' dir='ltr'><strong>ubi</strong></span> <span class='ocrx_word' id='word_1_207' title='bbox 1323 3588 1438 3646; x_wconf 90' lang='lat' dir='ltr'><strong>irondca</strong></span> <span class='ocrx_word' id='word_1_208' title='bbox 1461 3584 1587 3646; x_wconf 85' lang='lat' dir='ltr'><strong>llambre.’</strong></span> 
     </span>
     <span class='ocr_line' id='line_1_35' title="bbox 382 3667 1588 3747; baseline 0.002 -23"><span class='ocrx_word' id='word_1_209' title='bbox 382 3667 430 3725; x_wconf 82' lang='lat'><strong>&#39;21</strong></span> <span class='ocrx_word' id='word_1_210' title='bbox 455 3669 587 3726; x_wconf 83' lang='lat' dir='ltr'><strong>Iulianus</strong></span> <span class='ocrx_word' id='word_1_211' title='bbox 607 3688 637 3742; x_wconf 85' lang='grc' dir='ltr'><strong>ρ.</strong></span> <span class='ocrx_word' id='word_1_212' title='bbox 661 3675 694 3728; x_wconf 81' lang='grc'><strong>8.·</strong></span> <span class='ocrx_word' id='word_1_213' title='bbox 722 3672 757 3727; x_wconf 81' lang='lat' dir='ltr'><strong>lla</strong></span> <span class='ocrx_word' id='word_1_214' title='bbox 786 3671 831 3728; x_wconf 93' lang='lat' dir='ltr'><strong>ubi</strong></span> <span class='ocrx_word' id='word_1_215' title='bbox 861 3675 896 3728; x_wconf 87' lang='lat' dir='ltr'><strong>sit</strong></span> <span class='ocrx_word' id='word_1_216' title='bbox 925 3689 975 3747; x_wconf 90' lang='lat' dir='ltr'><strong>pro</strong></span> <span class='ocrx_word' id='word_1_217' title='bbox 1005 3672 1135 3746; x_wconf 73' lang='lat' dir='ltr'><strong>simplice.</strong></span> <span class='ocrx_word' id='word_1_218' title='bbox 1180 3671 1224 3728; x_wconf 74' lang='lat' dir='ltr'><strong>‘Et</strong></span> <span class='ocrx_word' id='word_1_219' title='bbox 1252 3675 1403 3746; x_wconf 87' lang='lat' dir='ltr'><strong>prostrauit</strong></span> <span class='ocrx_word' id='word_1_220' title='bbox 1430 3674 1507 3731; x_wconf 90' lang='lat' dir='ltr'><strong>litora</strong></span> <span class='ocrx_word' id='word_1_221' title='bbox 1529 3673 1588 3729; x_wconf 88' lang='lat' dir='ltr'><strong>llan·</strong></span> 
     </span>
     <span class='ocr_line' id='line_1_36' title="bbox 308 3755 1587 3832; baseline 0.002 -22"><span class='ocrx_word' id='word_1_222' title='bbox 308 3755 396 3826; x_wconf 86' lang='lat' dir='ltr'><strong>thus’‚</strong></span> <span class='ocrx_word' id='word_1_223' title='bbox 425 3755 471 3810; x_wconf 87' lang='lat' dir='ltr'><strong>sed</strong></span> <span class='ocrx_word' id='word_1_224' title='bbox 500 3755 570 3829; x_wconf 87' lang='lat' dir='ltr'><strong>apud</strong></span> <span class='ocrx_word' id='word_1_225' title='bbox 598 3755 730 3828; x_wconf 82' lang='lat' dir='ltr'><strong>Graecos,</strong></span> <span class='ocrx_word' id='word_1_226' title='bbox 760 3774 813 3813; x_wconf 92' lang='lat' dir='ltr'><strong>non</strong></span> <span class='ocrx_word' id='word_1_227' title='bbox 844 3758 914 3832; x_wconf 73' lang='lat' dir='ltr'><strong>apurl</strong></span> <span class='ocrx_word' id='word_1_228' title='bbox 943 3775 1001 3813; x_wconf 85' lang='lat' dir='ltr'><strong>nos.</strong></span> <span class='ocrx_word' id='word_1_229' title='bbox 1053 3759 1085 3813; x_wconf 88' lang='lat' dir='ltr'><strong>lla</strong></span> <span class='ocrx_word' id='word_1_230' title='bbox 1115 3757 1160 3814; x_wconf 90' lang='lat' dir='ltr'><strong>ubi</strong></span> <span class='ocrx_word' id='word_1_231' title='bbox 1189 3775 1239 3831; x_wconf 86' lang='lat' dir='ltr'><strong>pro</strong></span> <span class='ocrx_word' id='word_1_232' title='bbox 1268 3757 1384 3832; x_wconf 80' lang='lat' dir='ltr'><strong>duplice.</strong></span> <span class='ocrx_word' id='word_1_233' title='bbox 1438 3760 1587 3832; x_wconf 70' lang='lat' dir='ltr'><strong>‘innitique</strong></span> 
     </span>
     <span class='ocr_line' id='line_1_37' title="bbox 309 3837 821 3914; baseline 0.006 -19"><span class='ocrx_word' id='word_1_234' title='bbox 309 3840 420 3913; x_wconf 90' lang='lat' dir='ltr'><strong>globum</strong></span> <span class='ocrx_word' id='word_1_235' title='bbox 443 3837 564 3913; x_wconf 85' lang='lat' dir='ltr'><strong>Ziplreri&#39;</strong></span> <span class='ocrx_word' id='word_1_236' title='bbox 589 3849 616 3897; x_wconf 91' lang='lat' dir='ltr'><strong>et</strong></span> <span class='ocrx_word' id='word_1_237' title='bbox 638 3849 728 3898; x_wconf 87' lang='lat' dir='ltr'><strong>cetera</strong></span> <span class='ocrx_word' id='word_1_238' title='bbox 751 3840 821 3914; x_wconf 80' lang='lat' dir='ltr'><strong>(sic).</strong></span> 
     </span>
     <span class='ocr_line' id='line_1_38' title="bbox 267 3924 1590 4002; baseline 0.005 -27"><span class='ocrx_word' id='word_1_239' title='bbox 267 3961 270 3975; x_wconf 95' lang='grc'><em>.</em></span> <span class='ocrx_word' id='word_1_240' title='bbox 349 3924 353 3932; x_wconf 95' lang='grc'><strong><em>’</em></strong></span> <span class='ocrx_word' id='word_1_241' title='bbox 394 3925 433 3983; x_wconf 82' lang='grc'><strong>25</strong></span> <span class='ocrx_word' id='word_1_242' title='bbox 456 3926 590 3982; x_wconf 82' lang='lat' dir='ltr'><strong>Iulianus</strong></span> <span class='ocrx_word' id='word_1_243' title='bbox 608 3942 640 3997; x_wconf 82' lang='lat' dir='ltr'><strong>p.</strong></span> <span class='ocrx_word' id='word_1_244' title='bbox 658 3929 684 3981; x_wconf 83' lang='lat'><strong>8.</strong></span> <span class='ocrx_word' id='word_1_245' title='bbox 702 3929 733 3982; x_wconf 83' lang='lat'><strong>9.-</strong></span> <span class='ocrx_word' id='word_1_246' title='bbox 771 3927 804 3982; x_wconf 85' lang='lat' dir='ltr'><strong>lia</strong></span> <span class='ocrx_word' id='word_1_247' title='bbox 828 3927 873 3982; x_wconf 88' lang='lat' dir='ltr'><strong>ubl</strong></span> <span class='ocrx_word' id='word_1_248' title='bbox 896 3927 1056 4000; x_wconf 78' lang='lat' dir='ltr'><strong>liquescant.</strong></span> <span class='ocrx_word' id='word_1_249' title='bbox 1101 3927 1130 3983; x_wconf 93' lang='lat' dir='ltr'><strong>ln</strong></span> <span class='ocrx_word' id='word_1_250' title='bbox 1152 3927 1255 3983; x_wconf 85' lang='lat' dir='ltr'><strong>iontem</strong></span> <span class='ocrx_word' id='word_1_251' title='bbox 1282 3959 1316 3967; x_wconf 92' lang='lat'><em>-</em></span> <span class='ocrx_word' id='word_1_252' title='bbox 1342 3929 1474 3986; x_wconf 85' lang='lat' dir='ltr'><strong>cadauera</strong></span> <span class='ocrx_word' id='word_1_253' title='bbox 1498 3938 1590 4002; x_wconf 81' lang='lat' dir='ltr'><strong>captus.</strong></span> 
     </span>
     <span class='ocr_line' id='line_1_39' title="bbox 307 4006 1590 4086; baseline 0.001 -21"><span class='ocrx_word' id='word_1_254' title='bbox 307 4010 352 4080; x_wconf 81' lang='lat' dir='ltr'><strong>lla,</strong></span> <span class='ocrx_word' id='word_1_255' title='bbox 376 4011 420 4065; x_wconf 85' lang='lat' dir='ltr'><strong>uhi</strong></span> <span class='ocrx_word' id='word_1_256' title='bbox 446 4026 470 4065; x_wconf 90' lang='lat' dir='ltr'><strong>m</strong></span> <span class='ocrx_word' id='word_1_257' title='bbox 494 4006 636 4086; x_wconf 87' lang='lat' dir='ltr'><strong>liquescat.</strong></span> <span class='ocrx_word' id='word_1_258' title='bbox 675 4011 752 4067; x_wconf 76' lang='lat' dir='ltr'><strong>‘Cum</strong></span> <span class='ocrx_word' id='word_1_259' title='bbox 775 4012 890 4068; x_wconf 81' lang='lat' dir='ltr'><strong>suadens</strong></span> <span class='ocrx_word' id='word_1_260' title='bbox 913 4010 1024 4068; x_wconf 87' lang='lat' dir='ltr'><strong>coluber</strong></span> <span class='ocrx_word' id='word_1_261' title='bbox 1049 4013 1165 4086; x_wconf 80' lang='lat' dir='ltr'><strong>proiecit</strong></span> <span class='ocrx_word' id='word_1_262' title='bbox 1187 4012 1283 4069; x_wconf 90' lang='lat' dir='ltr'><strong>arbore</strong></span> <span class='ocrx_word' id='word_1_263' title='bbox 1306 4013 1454 4070; x_wconf 86' lang='lat' dir='ltr'><strong>uenenum&#39;</strong></span> <span class='ocrx_word' id='word_1_264' title='bbox 1472 4045 1510 4056; x_wconf 90' lang='lat'><em>-</em></span> <span class='ocrx_word' id='word_1_265' title='bbox 1526 4016 1590 4068; x_wconf 80' lang='lat' dir='ltr'><strong>tme-</strong></span> 
     </span>
     <span class='ocr_line' id='line_1_40' title="bbox 310 4094 1590 4172; baseline 0 -22"><span class='ocrx_word' id='word_1_266' title='bbox 310 4097 407 4150; x_wconf 90' lang='lat' dir='ltr'><strong>tlrunta</strong></span> <span class='ocrx_word' id='word_1_267' title='bbox 436 4094 555 4151; x_wconf 88' lang='lat' dir='ltr'><strong>metallo.</strong></span> <span class='ocrx_word' id='word_1_268' title='bbox 601 4095 635 4151; x_wconf 84' lang='lat' dir='ltr'><strong>lil</strong></span> <span class='ocrx_word' id='word_1_269' title='bbox 656 4096 726 4169; x_wconf 86' lang='lat' dir='ltr'><strong>apud</strong></span> <span class='ocrx_word' id='word_1_270' title='bbox 749 4113 817 4170; x_wconf 90' lang='lat' dir='ltr'><strong>quos</strong></span> <span class='ocrx_word' id='word_1_271' title='bbox 841 4096 985 4171; x_wconf 78' lang='lat' dir='ltr'><strong>liquescit?</strong></span> <span class='ocrx_word' id='word_1_272' title='bbox 1030 4097 1105 4171; x_wconf 80' lang='lat' dir='ltr'><strong>Apud</strong></span> <span class='ocrx_word' id='word_1_273' title='bbox 1130 4097 1262 4166; x_wconf 83' lang='lat' dir='ltr'><strong>Graccus,</strong></span> <span class='ocrx_word' id='word_1_274' title='bbox 1294 4115 1348 4154; x_wconf 89' lang='lat' dir='ltr'><strong>non</strong></span> <span class='ocrx_word' id='word_1_275' title='bbox 1371 4100 1441 4172; x_wconf 85' lang='lat' dir='ltr'><strong>apud</strong></span> <span class='ocrx_word' id='word_1_276' title='bbox 1465 4117 1523 4156; x_wconf 87' lang='lat' dir='ltr'><strong>nos.</strong></span> <span class='ocrx_word' id='word_1_277' title='bbox 1563 4097 1590 4152; x_wconf 81' lang='lat' dir='ltr'><strong>ua</strong></span> 
     </span>
     <span class='ocr_line' id='line_1_41' title="bbox 312 4180 1443 4256; baseline 0.004 -22"><span class='ocrx_word' id='word_1_278' title='bbox 312 4180 357 4236; x_wconf 92' lang='lat' dir='ltr'><strong>ubi</strong></span> <span class='ocrx_word' id='word_1_279' title='bbox 381 4196 436 4236; x_wconf 94' lang='lat' dir='ltr'><strong>non</strong></span> <span class='ocrx_word' id='word_1_280' title='bbox 459 4180 592 4254; x_wconf 86' lang='lat' dir='ltr'><strong>liquescat</strong></span> <span class='ocrx_word' id='word_1_281' title='bbox 617 4211 652 4221; x_wconf 99' lang='lat'><em>-</em></span> <span class='ocrx_word' id='word_1_282' title='bbox 678 4180 729 4236; x_wconf 90' lang='lat' dir='ltr'><strong>sibl</strong></span> <span class='ocrx_word' id='word_1_283' title='bbox 752 4191 859 4242; x_wconf 84' lang='lat' dir='ltr'><strong>mutent</strong></span> <span class='ocrx_word' id='word_1_284' title='bbox 882 4191 1002 4256; x_wconf 88' lang='lat' dir='ltr'><strong>tempora</strong></span> <span class='ocrx_word' id='word_1_285' title='bbox 1027 4181 1089 4238; x_wconf 87' lang='lat' dir='ltr'><strong>latis</strong></span> <span class='ocrx_word' id='word_1_286' title='bbox 1117 4213 1151 4223; x_wconf 93' lang='lat'>-</span> <span class='ocrx_word' id='word_1_287' title='bbox 1177 4181 1334 4240; x_wconf 86' lang='lat' dir='ltr'><strong>ostenderat</strong></span> <span class='ocrx_word' id='word_1_288' title='bbox 1356 4193 1443 4242; x_wconf 90' lang='lat' dir='ltr'><strong>ortus.</strong></span> 
     </span>
    </p>
   </div>
   <div class='ocr_carea' id='block_1_16' title="bbox 305 4399 1589 4873">
    <p class='ocr_par' dir='ltr' id='par_1_16' title="bbox 311 4399 834 4449">
     <span class='ocr_line' id='line_1_42' title="bbox 311 4399 834 4449; baseline 0.008 -4"><span class='ocrx_word' id='word_1_289' title='bbox 311 4411 425 4446; x_wconf 84' lang='lat' dir='ltr'><strong>conrcrs</strong></span> <span class='ocrx_word' id='word_1_290' title='bbox 446 4411 601 4448; x_wconf 77' lang='lat' dir='ltr'><strong>nnnunusrs</strong></span> <span class='ocrx_word' id='word_1_291' title='bbox 621 4399 669 4448; x_wconf 68' lang='lat'><strong>207</strong></span> <span class='ocrx_word' id='word_1_292' title='bbox 688 4413 834 4449; x_wconf 75' lang='lat' dir='ltr'><strong>numerus.</strong></span> 
     </span>
    </p>

    <p class='ocr_par' dir='ltr' id='par_1_17' title="bbox 305 4462 1589 4873">
     <span class='ocr_line' id='line_1_43' title="bbox 372 4462 1586 4534; baseline 0.002 -20"><span class='ocrx_word' id='word_1_293' title='bbox 372 4463 434 4514; x_wconf 75' lang='lat' dir='ltr'><strong>usi</strong></span> <span class='ocrx_word' id='word_1_294' title='bbox 452 4463 530 4530; x_wconf 79' lang='lat' dir='ltr'><strong>deus]</strong></span> <span class='ocrx_word' id='word_1_295' title='bbox 547 4465 652 4517; x_wconf 75' lang='lat' dir='ltr'><strong>Catonia</strong></span> <span class='ocrx_word' id='word_1_296' title='bbox 670 4467 728 4516; x_wconf 80' lang='lat' dir='ltr'><strong>disi.</strong></span> <span class='ocrx_word' id='word_1_297' title='bbox 746 4467 795 4516; x_wconf 83' lang='lat'><strong>11</strong></span> <span class='ocrx_word' id='word_1_298' title='bbox 881 4463 982 4534; x_wconf 74' lang='lat' dir='ltr'><strong>illua]</strong></span> <span class='ocrx_word' id='word_1_299' title='bbox 1005 4469 1138 4519; x_wconf 80' lang='lat' dir='ltr'><strong>Prudentii</strong></span> <span class='ocrx_word' id='word_1_300' title='bbox 1155 4469 1327 4520; x_wconf 76' lang='lat' dir='ltr'><strong>encheiridion</strong></span> <span class='ocrx_word' id='word_1_301' title='bbox 1346 4473 1404 4522; x_wconf 84' lang='lat' dir='ltr'><strong>u.1</strong></span> <span class='ocrx_word' id='word_1_302' title='bbox 1490 4462 1586 4533; x_wconf 66' lang='lat' dir='ltr'><strong>fflpse]</strong></span> 
     </span>
     <span class='ocr_line' id='line_1_44' title="bbox 310 4532 1586 4606; baseline 0.003 -26"><span class='ocrx_word' id='word_1_303' title='bbox 310 4532 578 4598; x_wconf 70' lang='lat' dir='ltr'><strong>Verg.eel.I1197&#39;</strong></span> <span class='ocrx_word' id='word_1_304' title='bbox 636 4532 982 4601; x_wconf 74' lang='lat' dir='ltr'><strong>81o0]Verq.eotx50</strong></span> <span class='ocrx_word' id='word_1_305' title='bbox 1033 4537 1153 4586; x_wconf 86' lang='lat' dir='ltr'><strong>calcidico</strong></span> <span class='ocrx_word' id='word_1_306' title='bbox 1207 4553 1298 4587; x_wconf 85' lang='lat' dir='ltr'><strong>rrersus</strong></span> <span class='ocrx_word' id='word_1_307' title='bbox 1352 4541 1384 4588; x_wconf 88' lang='lat'><strong>10</strong></span> <span class='ocrx_word' id='word_1_308' title='bbox 1401 4535 1496 4606; x_wconf 83' lang='lat' dir='ltr'><strong>Tutus]</strong></span> <span class='ocrx_word' id='word_1_309' title='bbox 1518 4537 1586 4589; x_wconf 75' lang='lat' dir='ltr'><strong>Pron</strong></span> 
     </span>
     <span class='ocr_line' id='line_1_45' title="bbox 305 4600 1588 4672; baseline 0.004 -22"><span class='ocrx_word' id='word_1_310' title='bbox 305 4601 441 4651; x_wconf 73' lang='lat' dir='ltr'><strong>encheirid.</strong></span> <span class='ocrx_word' id='word_1_311' title='bbox 460 4618 483 4650; x_wconf 84' lang='grc' dir='ltr'><strong>ιι.</strong></span> <span class='ocrx_word' id='word_1_312' title='bbox 505 4605 541 4652; x_wconf 88' lang='grc'><strong>33</strong></span> <span class='ocrx_word' id='word_1_313' title='bbox 629 4600 1090 4668; x_wconf 72' lang='lat' dir='ltr'><strong>tuore1Prnd.emtetrtu.o.1o</strong></span> <span class='ocrx_word' id='word_1_314' title='bbox 1160 4607 1191 4656; x_wconf 86' lang='lat' dir='ltr'><strong>tt</strong></span> <span class='ocrx_word' id='word_1_315' title='bbox 1210 4603 1229 4655; x_wconf 93' lang='grc' dir='ltr'>Ο</span> <span class='ocrx_word' id='word_1_316' title='bbox 1250 4602 1376 4670; x_wconf 77' lang='lat' dir='ltr'><strong>mortalis]</strong></span> <span class='ocrx_word' id='word_1_317' title='bbox 1399 4605 1588 4672; x_wconf 71' lang='lat' dir='ltr'><strong>lingentium.</strong></span> 
     </span>
     <span class='ocr_line' id='line_1_46' title="bbox 306 4667 1589 4738; baseline 0.005 -22"><span class='ocrx_word' id='word_1_318' title='bbox 306 4667 341 4717; x_wconf 89' lang='grc' dir='ltr'><strong>ΙΙ</strong></span> <span class='ocrx_word' id='word_1_319' title='bbox 359 4672 373 4717; x_wconf 92' lang='grc'><strong><em>1</em></strong></span> <span class='ocrx_word' id='word_1_320' title='bbox 391 4672 445 4720; x_wconf 85' lang='lat' dir='ltr'><strong>coll.</strong></span> <span class='ocrx_word' id='word_1_321' title='bbox 465 4670 570 4719; x_wconf 70' lang='lat' dir='ltr'><strong>Puteum</strong></span> <span class='ocrx_word' id='word_1_322' title='bbox 590 4671 672 4734; x_wconf 77' lang='lat' dir='ltr'><strong>bugd.</strong></span> <span class='ocrx_word' id='word_1_323' title='bbox 692 4679 747 4722; x_wconf 87' lang='lat' dir='ltr'><strong>tom.</strong></span> <span class='ocrx_word' id='word_1_324' title='bbox 769 4671 829 4721; x_wconf 81' lang='lat' dir='ltr'><strong>XII</strong></span> <span class='ocrx_word' id='word_1_325' title='bbox 846 4689 871 4735; x_wconf 81' lang='grc' dir='ltr'><strong>ρ.</strong></span> <span class='ocrx_word' id='word_1_326' title='bbox 886 4674 938 4722; x_wconf 77' lang='grc'><strong>345</strong></span> <span class='ocrx_word' id='word_1_327' title='bbox 958 4673 989 4723; x_wconf 84' lang='lat' dir='ltr'><strong>l).</strong></span> <span class='ocrx_word' id='word_1_328' title='bbox 1060 4675 1091 4724; x_wconf 81' lang='lat'><strong>19</strong></span> <span class='ocrx_word' id='word_1_329' title='bbox 1110 4671 1240 4738; x_wconf 86' lang='lat' dir='ltr'><strong>Optimum</strong></span> <span class='ocrx_word' id='word_1_330' title='bbox 1260 4672 1318 4738; x_wconf 90' lang='lat' dir='ltr'><strong>hocl</strong></span> <span class='ocrx_word' id='word_1_331' title='bbox 1337 4675 1416 4724; x_wconf 76' lang='grc' dir='ltr'>Ρηιιί.</span> <span class='ocrx_word' id='word_1_332' title='bbox 1437 4676 1509 4726; x_wconf 70' lang='lat' dir='ltr'><strong>enon</strong></span> <span class='ocrx_word' id='word_1_333' title='bbox 1526 4691 1547 4723; x_wconf 88' lang='lat' dir='ltr'><strong>u.</strong></span> <span class='ocrx_word' id='word_1_334' title='bbox 1562 4672 1589 4720; x_wconf 81' lang='lat'><strong>1³</strong></span> 
     </span>
     <span class='ocr_line' id='line_1_47' title="bbox 339 4736 1588 4807; baseline 0.006 -23"><span class='ocrx_word' id='word_1_335' title='bbox 339 4736 436 4786; x_wconf 80' lang='lat' dir='ltr'><strong>estlox</strong></span> <span class='ocrx_word' id='word_1_336' title='bbox 504 4738 536 4787; x_wconf 74' lang='lat'><strong>22</strong></span> <span class='ocrx_word' id='word_1_337' title='bbox 554 4739 638 4788; x_wconf 79' lang='lat' dir='ltr'><strong>xantis</strong></span> <span class='ocrx_word' id='word_1_338' title='bbox 708 4740 740 4789; x_wconf 77' lang='lat'><strong>26</strong></span> <span class='ocrx_word' id='word_1_339' title='bbox 758 4741 783 4788; x_wconf 91' lang='lat' dir='ltr'><strong>in</strong></span> <span class='ocrx_word' id='word_1_340' title='bbox 801 4738 883 4804; x_wconf 85' lang='lat' dir='ltr'><strong>lente]</strong></span> <span class='ocrx_word' id='word_1_341' title='bbox 904 4740 983 4790; x_wconf 83' lang='lat' dir='ltr'><strong>Prud.</strong></span> <span class='ocrx_word' id='word_1_342' title='bbox 1002 4741 1072 4790; x_wconf 78' lang='lat' dir='ltr'><strong>enci.</strong></span> <span class='ocrx_word' id='word_1_343' title='bbox 1091 4757 1113 4790; x_wconf 86' lang='grc' dir='ltr'><strong>ιι.</strong></span> <span class='ocrx_word' id='word_1_344' title='bbox 1134 4745 1168 4790; x_wconf 82' lang='grc'><strong>57</strong></span> <span class='ocrx_word' id='word_1_345' title='bbox 1241 4743 1274 4792; x_wconf 80' lang='lat'><strong>28</strong></span> <span class='ocrx_word' id='word_1_346' title='bbox 1292 4740 1405 4807; x_wconf 85' lang='lat' dir='ltr'><strong>Coruus]</strong></span> <span class='ocrx_word' id='word_1_347' title='bbox 1427 4743 1508 4794; x_wconf 83' lang='lat' dir='ltr'><strong>Prud.</strong></span> <span class='ocrx_word' id='word_1_348' title='bbox 1526 4739 1588 4792; x_wconf 78' lang='lat' dir='ltr'><strong>ensl-</strong></span> 
     </span>
     <span class='ocr_line' id='line_1_48' title="bbox 309 4804 1184 4873; baseline 0.011 -23"><span class='ocrx_word' id='word_1_349' title='bbox 309 4819 331 4851; x_wconf 88' lang='grc' dir='ltr'><strong>ιι.</strong></span> <span class='ocrx_word' id='word_1_350' title='bbox 356 4807 386 4852; x_wconf 87' lang='grc'><strong>11</strong></span> <span class='ocrx_word' id='word_1_351' title='bbox 439 4804 569 4869; x_wconf 83' lang='lat' dir='ltr'><strong>ingluuiae</strong></span> <span class='ocrx_word' id='word_1_352' title='bbox 589 4821 634 4870; x_wconf 85' lang='lat' dir='ltr'><strong>per</strong></span> <span class='ocrx_word' id='word_1_353' title='bbox 653 4805 709 4856; x_wconf 87' lang='lat' dir='ltr'><strong>leda</strong></span> <span class='ocrx_word' id='word_1_354' title='bbox 779 4807 927 4872; x_wconf 86' lang='lat' dir='ltr'><strong>30Litora]</strong></span> <span class='ocrx_word' id='word_1_355' title='bbox 950 4809 1027 4873; x_wconf 82' lang='lat' dir='ltr'><strong>Verg.</strong></span> <span class='ocrx_word' id='word_1_356' title='bbox 1049 4810 1112 4862; x_wconf 77' lang='lat' dir='ltr'><strong>Aen.</strong></span> <span class='ocrx_word' id='word_1_357' title='bbox 1134 4809 1184 4860; x_wconf 86' lang='grc'><strong>13</strong></span> 
     </span>
    </p>
   </div>
   <div class='ocr_carea' id='block_1_17' title="bbox 0 0 1702 5446">
    <p class='ocr_par' dir='ltr' id='par_1_18' title="bbox 0 0 1702 5446">
     <span class='ocr_line' id='line_1_49' title="bbox 0 0 1702 5446; baseline 0 0"><span class='ocrx_word' id='word_1_358' title='bbox 0 0 1702 5446; x_wconf 95' lang='lat' dir='ltr'><strong> </strong></span> 
     </span>
    </p>
   </div>
  </div>
 </body>
</html>
