3390 5444
294 337 354 404 134
802 341 870 394 aas
890 342 1066 396 auourua

293 529 467 610 semiplena.
512 531 591 591 llaec
614 548 683 610 pars
697 533 719 604 †
735 529 771 590 dc
793 532 932 592 nominee
953 531 1084 611 peodcus
1107 533 1227 593 inuenta
1251 540 1311 600 est,
1336 552 1373 593 ne
1396 535 1510 594 iteratio
1529 551 1574 594 no·

293 634 381 692 minis
402 631 553 693 tastutinn
582 641 712 701 crearet,
742 642 775 692 ut
797 641 855 693 est:
886 631 1035 695 laudate
1063 632 1251 694 dominum
1279 633 1321 694 dc
1351 634 1480 705 caelis,
1508 634 1573 695 lau·

293 735 377 795 date
409 751 487 795 eum
519 735 555 793 in
585 730 755 794 excelsis.
800 733 833 793 ln
856 736 1060 816 conpositione
1089 753 1161 812 crgo
1190 734 1277 796 huius
1300 737 1392 815 partis
1414 735 1572 806 ostenditur,

293 836 371 916 qarod
394 835 492 896 cilicio
515 837 643 895 nominis
667 833 813 914 iungitur:
836 837 875 896 ita
899 836 978 896 enirn
1002 836 1143 896 dicuntur
1159 835 1214 896 hae
1230 835 1304 897 duae
1320 844 1422 917 partes
1437 838 1572 908 orationis,

292 939 369 999 idest
390 955 497 998 nomen
522 945 552 996 ct
569 954 753 1018 pronomen,
783 937 860 997 sicut
881 944 1002 998 curator
1024 945 1053 997 et
1075 946 1260 1017 procurator,
1284 936 1388 1000 consul
1410 947 1441 999 et
1461 957 1593 1018 procons

292 1036 353 1110 sul,
382 1045 532 1116 pugnator
559 1045 589 1098 et
610 1045 823 1119 propugnator.
868 1038 951 1099 Sicut
979 1039 1058 1098 enim
1089 1056 1270 1118 praenomen
1298 1039 1417 1111 dicitur,
1446 1059 1480 1100 eo
1507 1041 1572 1118 quod

295 1141 407 1200 nomini
428 1142 631 1220 praeponitur,
656 1143 696 1201 ita
718 1157 884 1219 pronomen
909 1139 1090 1220 appellatur,
1115 1157 1151 1200 ec
1171 1140 1251 1218 quod
1274 1143 1389 1203 nomini
1412 1139 1573 1221 subponitur

295 1243 343 1304 ucl
367 1243 564 1322 postponitur.
609 1241 674 1302 Non
703 1243 781 1302 enim
810 1242 941 1303 noscitur
969 1240 1044 1302 haec
1074 1241 1239 1322 eloquutio,
1268 1241 1326 1303 lroc
1349 1249 1393 1302 cst
1415 1260 1571 1322 pronomen,

295 1343 350 1404 nisi
367 1350 436 1403 ante
452 1344 616 1423 praemisso
633 1344 768 1413 nomine,
791 1352 823 1403 ut
845 1353 906 1403 est:
922 1343 1074 1420 ‘Virgilius
1089 1344 1210 1422 scripsit
1225 1341 1373 1412 Bucolica,
1390 1345 1453 1424 ipsc
1467 1347 1573 1423 scripsit

296 1446 463 1523 Georgica’.
508 1444 578 1505 ltem
604 1443 626 1504 F
634 1444 760 1505 laccus
788 1444 872 1505 dicit:
908 1445 1068 1506 uidimus
1096 1463 1137 1506 ex
1166 1443 1346 1506 Hebraeis
1368 1446 1484 1506 uirum
1509 1445 1601 1506 ele-n

293 1555 437 1623 gentem
461 1553 497 1606 et
519 1545 691 1608 admirati
714 1563 794 1606 eum
817 1563 940 1606 sumus
962 1556 1071 1624 atque
1094 1545 1262 1626 amplexi.
1306 1545 1370 1608 Non
1388 1548 1464 1607 enirn
1481 1550 1573 1608 iterun

295 1648 371 1708 (linit
401 1648 517 1707 ‘uirum
547 1645 712 1716 admirati’,
747 1631 798 1708 sed
828 1651 943 1709 ‘eum’.
989 1647 1060 1708 ltem
1088 1646 1269 1727 Virgilius
1296 1647 1394 1710 Maro
1428 1665 1574 1727 pronomen

295 1749 439 1819 defininit,
464 1766 531 1809 cum
548 1748 636 1808 dixit:
661 1766 866 1828 pronomen
890 1756 946 1810 est
969 1748 1316 1811 subnrinistratoria
1339 1768 1427 1829 pars
1449 1751 1575 1810 oratio·

293 1851 365 1918 nis,
388 1868 480 1930 quae
503 1849 650 1928 quidem
673 1849 812 1927 absque
834 1852 996 1912 nominis
1019 1851 1259 1912 amminiculo
1276 1853 1428 1913 iniirma
1444 1851 1575 1912 uidetur

294 1969 388 2018 esse,
419 1950 481 2012 sed
511 1947 706 2032 nomenlli.
726 1948 835 2032 113¹>tt
857 1950 962 2012 illius
989 1950 1048 2011 uel
1078 1953 1231 2012 maxime
1259 1961 1343 2030 eget
1365 1952 1603 2016 adiumentos
1664 1935 1670 1952 ⁸

294 2054 365 2114 Cur
388 2060 507 2112 autem
531 2052 1130 2132 pronomenuerbumpraecedit,
1155 2071 1233 2114 cunr
1256 2053 1410 2116 uerbum
1433 2055 1575 2115 omnium

295 2154 458 2234 partium
496 2155 687 2232 egregium
725 2153 787 2224 sit,
825 2156 932 2216 cuius
977 2153 1261 2234 dispensatione
1305 2163 1414 2235 atque
1451 2155 1576 2216 iudicio

296 2255 417 2315 omnis
440 2253 661 2316 Latinitatis
683 2261 807 2316 status
828 2256 1043 2335 perficitur
1066 2264 1104 2316 et
1126 2264 1298 2330 ornatur,
1322 2274 1426 2336 quarn
1449 2257 1578 2338 princi·

293 2356 412 2435 palem
436 2363 578 2434 partem
601 2357 788 2417 orationis
810 2359 936 2418 cuncti
958 2359 1152 2419 astruunt?
1182 2357 1266 2418 Nam
1283 2356 1377 2418 licet
1399 2359 1435 2418 in
1459 2358 1578 2419 ordine
1669 2351 1670 2386 l

295 2475 470 2537 praeesse
499 2474 628 2518 nomen
661 2456 852 2528 admittat,
885 2466 1005 2520 tamen
1039 2460 1078 2519 in
1109 2447 1301 2539 positione
1329 2461 1607 2537 quaestionuna

294 2559 546 2639 principatum
591 2565 709 2629 tenet,
755 2561 815 2620 cui
852 2559 1172 2622 aduerb‘iorum
1210 2561 1579 2640 coniunctionumque

295 2662 437 2740 agmina
468 2677 575 2721 omne
606 2661 665 2720 ius
692 2678 796 2721 suum
826 2660 1021 2723 dederunt.
1068 2661 1140 2722 llac
1169 2678 1255 2739 ergo
1286 2661 1433 2722 ratione
1456 2647 1579 2740 prono'·

295 2781 373 2822 mera
396 2781 412 2822 a
437 2763 584 2822 nomine
607 2779 813 2823 secernere
836 2761 1054 2832 noluerunt,
1084 2765 1188 2825 sicut
1210 2781 1277 2823 nec
1299 2763 1426 2824 socius
1447 2761 1503 2823 uel
1525 2762 1579 2821 ni·

295 2865 418 2924 nister
453 2882 467 2924 a
499 2879 589 2940 rege
622 2861 681 2946 uel
715 2846 888 2943 p'rincipe
923 2865 1147 2924 secernitur.
1199 2865 1359 2936 Quaeritur
1393 2881 1478 2943 ergo:
1512 2866 1581 2924 inter

296 2983 404 3024 nomen
435 2973 464 3024 ct
492 2981 656 3042 pronomen
685 2964 755 3043 quid
790 2964 934 3026 interest?
973 2964 1154 3044 Virgilius
1184 2966 1283 3026 lllaro
1317 2966 1447 3026 ostendit
1476 2966 1617 3038 diceneo}

295 3065 399 3126 lnter
421 3082 627 3144 pronomen
650 3065 1050 3127 autemctnomenlroc
1071 3067 1252 3135 interest,
1276 3066 1370 3146 quod
1394 3084 1578 3147 pronomen
1668 3143 1669 3150 ἵ

295 3167 567 3244 conparatione
597 3183 729 3226 carens
758 3185 954 3247 personam
982 3167 1110 3238 habet,
1138 3176 1177 3229 ut
1200 3187 1267 3246 ego
1295 3180 1331 3231 tu
1355 3167 1435 3238 illc;
1464 3185 1578 3230 nomen
1668 3161 1669 3174 ¹

295 3275 414 3328 atatem
445 3283 607 3344 persona
631 3267 774 3329 abiecta
798 3271 1108 3348 conparationem
1137 3271 1312 3349 recipiat.
1342 3279 1381 3331 ut
1403 3287 1510 3332 carus
1529 3287 1578 3329 ca·

294 3371 376 3430 rior
399 3370 630 3438 carissimus.
666 3370 749 3430 Vnde
769 3368 944 3430 Claudius
967 3371 996 3430 in
1013 3369 1184 3432 delinitione
1201 3373 1331 3433 nominis
1347 3371 1435 3432 dixit:
1459 3371 1578 3432 Nomen

295 3479 351 3532 est
373 3487 459 3551 pars
481 3470 665 3531 orationis
688 3488 767 3532 cunr
791 3491 876 3532 casu
899 3480 935 3531 ct
957 3472 1244 3549 significatione
1266 3474 1347 3534 sine
1368 3481 1530 3553 tempore
1550 3479 1606 3540 et„

295 3590 466 3652 persona.
504 3571 706 3632 ‘Pronominis
729 3581 827 3634 autem
850 3573 1003 3652 proprium
1027 3574 1093 3647 est’‚
1117 3573 1194 3634 sicut
1216 3574 1436 3637 Priscianus
1457 3571 1578 3640 ostendit

295 3677 362 3752 ‘pro
385 3671 482 3751 aliquo
504 3675 627 3754 proprio
650 3675 770 3736 nomine
792 3674 867 3755 poni
885 3681 914 3734 et
930 3681 1026 3735 certes
1042 3675 1208 3752 significare
1225 3678 1389 3754 personas'.
1422 3673 1577 3736 Pronomini

296 3782 368 3852 quot
390 3775 547 3836 accidunt?
577 3773 645 3835 Sex.
669 3773 769 3845 Quae?
797 3774 929 3846 Qualitas
951 3793 1046 3854 genus
1069 3793 1210 3838 numerus
1233 3778 1326 3856 ligura
1349 3795 1474 3858 persona
1495 3791 1575 3837 casus

364 4063 377 4112 1
397 4061 429 4112 de
447 4063 565 4112 nominee
582 4059 710 4129 peodeus]
730 4063 773 4113 An
791 4065 869 4113 latet:
891 4062 925 4112 de
943 4064 1076 4112 ‘nomine’
1096 4073 1121 4114 et
1137 4068 1207 4128 ‘pro’
1226 4062 1294 4114 dicta
1312 4063 1369 4113 idco
1381 4065 1433 4121 —V
1498 4061 1577 4114 icelle

296 4129 411 4180 tolneto
465 4131 527 4180 llaec
544 4131 594 4181 due
646 4133 778 4180 orationes
829 4131 965 4196 beraretur
1018 4142 1166 4196 procurator
1217 4132 1233 4181 6
1246 4141 1375 4196 pugnatur
1419 4140 1578 4200 propugnatur

364 4212 518 4262 praenomen
554 4211 695 4262 pronomen
764 4199 910 4248 'iarominis
962 4199 1073 4249 nominis
1146 4199 1293 4250 ebor-otton
1364 4203 1395 4251 10
1413 4201 1491 4251 ebreis
1553 4199 1577 4245 13

296 4265 424 4328 Virgilius
442 4265 513 4316 lllaro
547 4267 604 4317 Non
620 4273 695 4317 extet
713 4267 753 4315 iric
771 4270 840 4316 locus
858 4267 929 4328 apud
946 4267 1042 4316 Maium
1059 4283 1140 4333 neque
1158 4268 1184 4317 ia
1202 4269 1415 4333 operationeque
1433 4272 1459 4319 in
1470 4267 1576 4332 epitonia·

296 4334 329 4382 16
347 4331 398 4383 Gur
415 4331 511 4399 autem]
531 4335 565 4398 cs.
589 4334 691 4400 Virgilii
710 4334 820 4398 Epirum.
839 4332 884 4383 IX
899 4350 926 4398 p.
944 4337 998 4385 137
1014 4335 1093 4385 Maii:
1125 4333 1196 4384 Nunc
1219 4335 1289 4384 aliud
1307 4337 1464 4397 quaestionis
1481 4333 1577 4385 imminet

296 4415 451 4530 {illudi
462 4401 1318 4535 itt.t‘⁰ttlt¹¹..⁰titmaturitati⁰‘'²⁰”.:.tlt.¹:¹”¹
1335 4403 1577 4535 ''titumdlt

333 4507 338 4518 ι
584 4507 591 4533 J
1092 4509 1099 4523 Ι
1666 4501 1667 4514 l

297 4539 329 4588 18
347 4546 442 4586 stratus
511 4540 545 4589 20
562 4539 725 4600 questionum
794 4539 827 4587 22
846 4537 962 4587 iussorum
1015 4539 1111 4588 dedunt
1178 4541 1212 4589 33
1230 4539 1311 4588 sotius
1383 4541 1417 4590 24
1435 4549 1551 4590 secreetor

297 4605 410 4667 queritur
474 4607 527 4656 ,25
546 4606 670 4672 Virgilius
689 4602 773 4672 Mero]
793 4606 869 4655 Hunc
886 4609 966 4656 locem
982 4607 1054 4670 opud
1069 4607 1166 4656 Maium
1184 4623 1233 4657 noa
1250 4607 1348 4666 inueni,
1367 4609 1417 4658 aiei
1430 4610 1498 4672 forte
1512 4622 1536 4671 p.
1551 4603 1578 4651 ²9

296 4673 387 4723 uerbo:
417 4687 475 4722 curn
498 4687 639 4739 pronomen
661 4673 877 4739 comparationem
906 4673 998 4723 hebere
1020 4689 1070 4723 aron
1089 4676 1175 4740 possit
1191 4675 1238 4724 itare
1255 4675 1395 4737 referendo
1411 4682 1475 4728 aaut.
1551 4671 1578 4720 il

299 4753 390 4790 nomen
409 4751 454 4790 sut
521 4743 554 4792 29
573 4739 709 4806 Claudius]
731 4741 789 4792 Noa
807 4747 881 4792 extat
897 4743 920 4791 ir
937 4743 1006 4792 locus
1025 4744 1051 4792 iu
1068 4744 1180 4794 editione
1201 4741 1397 4795 Vindobonenai.
1475 4743 1505 4794 31
1521 4739 1578 4788 Pris-

298 4804 400 4872 cianus]
419 4810 453 4871 rs.
473 4811 489 4859 1
505 4825 532 4872 p.
551 4813 593 4867 55,
613 4812 647 4860 13
699 4811 731 4860 32
749 4809 814 4858 alico
870 4811 902 4859 33
921 4809 989 4871 quod
1006 4811 1130 4860 accedunt
1181 4825 1263 4876 genus
1281 4824 1363 4874 genus
