3390 5444
1106 18 1112 61 l

280 337 350 402 '180
590 381 594 388 .
672 337 925 401 quusmorms
945 338 1212 392 ossuumque

286 547 304 587 o
327 530 356 586 in
380 546 399 588 u
421 529 566 598 uertitur,
590 525 707 606 quando
730 535 927 588 consonantes
949 527 1025 588 duae
1047 535 1221 606 sequuntur,
1246 536 1277 588 ut
1299 525 1489 596 ‘uolo,uult’‚
1511 529 1575 597 ‘uo-

286 629 385 690 lumus
408 628 519 699 uulds'.
543 628 669 690 ‘uultus’
693 648 709 690 a
726 627 878 690 uoluntate
893 629 989 690 dictus
1003 648 1059 709 pro
1073 627 1210 698 ‘uoltus’;
1234 629 1311 691 ‘colo
1328 627 1438 691 cultus’
1452 627 1577 709 ‘uulpes’

287 750 341 811 pro
364 731 503 811 ‘uolpesn
533 731 669 810 eoquod
693 732 731 791 sit
754 728 892 791 uolubilis
914 728 1053 809 pedihus:
1078 732 1190 792 ‘ursus'
1212 749 1268 810 pro
1292 733 1422 802 ‘orsus’,
1446 731 1576 812 eoquod

286 852 337 894 ore
359 850 428 894 suos
450 833 560 894 lormet
577 834 694 902 *loetus;
725 831 907 910 ‘iuglandis’
931 849 986 910 pro
1009 832 1201 911 ‘ioglandisffl
1225 833 1302 895 idest
1324 835 1431 908 fiacus
1447 832 1577 912 glandis'.

286 935 335 996 Sic
358 943 388 996 et
407 934 446 995 ab
470 934 561 996 ‘oleo'
583 937 615 996 in
639 933 864 998 ‘adolescente’
887 932 936 996 uel
959 933 1165 998 ‘adoliscentes’
1186 933 1440 1013 ‘adoliscentiori’
1465 933 1598 1014 ‘addis-t

285 1035 424 1097 ceatuio’
458 1035 684 1098 ‘adoliscentia'
708 1046 847 1101 manente
873 1036 1053 1113 regulariter
1078 1055 1111 1108 o,
1145 1040 1257 1118 quippe
1285 1056 1354 1100 oum
1382 1036 1576 1117 haecomnia

288 1139 391 1199 uenire
415 1146 531 1200 constet
553 1137 591 1200 ab
614 1137 773 1208 adolendo:
798 1145 928 1200 mutatur
952 1145 1049 1210 tamen
1073 1157 1090 1200 o
1115 1135 1163 1220 bf·
1180 1136 1218 1199 9⁰
1235 1137 1248 1220 il
1272 1142 1302 1200 in
1325 1159 1358 1211 u,
1382 1158 1450 1202 cum
1474 1140 1578 1201 dicitur

286 1239 437 1309 ‘adultus’‚
464 1243 632 1301 necessario
654 1249 778 1320 propter
800 1222 960 1317 sequentes
983 1239 1122 1300 uidelicet
1145 1240 1217 1301 duas
1239 1251 1438 1317 consonantes
1453 1249 1577 1302 tantum·

286 1341 390 1413 modo,
421 1360 480 1403 non
509 1342 546 1403 ob
570 1341 647 1403 aliud
678 1340 840 1409 ullomodo,
871 1341 948 1419 quod
973 1343 1004 1402 in
1027 1343 1136 1403 ceteris
1157 1344 1320 1423 participiis
1342 1342 1379 1404 ab
1401 1343 1509 1410 olendo
1532 1361 1578 1404 ue-

286 1444 436 1506 nientibus
464 1452 493 1505 et
520 1462 608 1506 unam
637 1453 705 1524 post
733 1463 751 1503 o
778 1457 989 1504 consonantem
1018 1442 1197 1505 habentibus
1223 1445 1252 1507 id
1280 1445 1374 1523 liquet
1392 1446 1501 1526 patulo
1530 1463 1609 1506 seua

285 1555 367 1626 patet
388 1546 517 1626 liquido,
540 1546 680 1607 uidelicet
702 1547 731 1606 in
756 1542 896 1606 ‘abolem'
919 1545 966 1606 uel
991 1543 1126 1608 ‘abolito'
1150 1554 1181 1608 et
1202 1547 1336 1608 ‘exoleto
1345 1550 1364 1618 ',
1393 1565 1426 1610 ac
1448 1567 1505 1626 per
1526 1545 1579 1608 hoc

286 1648 446 1727 diiigenter
467 1655 498 1708 ot
518 1647 728 1725 intellegenter
750 1645 933 1711 intuentibus
960 1646 1052 1708 claret
1074 1647 1105 1708 id
1126 1649 1191 1708 sine
1214 1649 1367 1729 scrupulo,
1398 1648 1476 1729 quod
1506 1651 1579 1712 sieut

285 1769 339 1830 per
361 1770 379 1811 o
401 1752 457 1811 rite
479 1749 631 1830 profertur
654 1748 813 1811 ‘aboletus'
836 1747 998 1810 ‘abolitus’
1020 1747 1200 1820 ‘exoletus',
1229 1753 1269 1812 ita
1297 1750 1491 1818 nihilominus
1513 1769 1578 1832 pro·

285 1850 360 1913 lcrri
384 1851 474 1913 debet
488 1850 685 1912 ‘adolescens’
701 1858 731 1911 et
745 1849 944 1920 *adoliscensi
968 1849 1037 1910 licet
1060 1854 1229 1913 necessario
1251 1861 1375 1934 propter
1397 1852 1578 1933 praedictam

285 1956 432 2014 rationem
455 1971 515 2014 non
538 1960 640 2014 seruet
661 1952 690 2013 id
713 1950 865 2014 ‘adultus’.
1037 2007 1038 2010 ,
1590 1969 1611 2009 rs

370 2054 427 2125 Oui
449 2054 635 2116 solummodo
657 2055 878 2132 grammaticam
902 2063 1056 2132 augustam
1081 2062 1110 2116 et
1131 2065 1225 2118 artam
1252 2064 1348 2118 artem
1377 2059 1446 2128 scit,
1477 2058 1579 2117 ‘nemo

285 2158 419 2216 uirorum
443 2150 572 2226 illorum,
589 2157 640 2236 qui
662 2157 758 2217 uocati
780 2163 858 2226 sunt,
882 2155 1013 2235 gustabit
1034 2176 1139 2221 cenam
1163 2161 1272 2221 meam'
1296 2159 1354 2220 dici
1376 2159 1488 2225 debere
1510 2177 1578 2230 coa-

286 2262 337 2320 ioit
365 2267 408 2330 et,
437 2260 520 2338 quasi
548 2276 635 2318 secus
662 2257 721 2317 dici
750 2267 889 2338 nequeat,
915 2276 1002 2337 equam
1031 2262 1220 2321 securissime
1249 2261 1334 2330 dicit,
1368 2259 1445 2322 idest
1474 2265 1579 2322 ‘nenio

285 2361 437 2440 gustabit'.
488 2360 625 2421 Ceterum
654 2359 705 2438 qui
732 2359 910 2421 rhetoricam
933 2351 1156 2440 .anqdissinram
1184 2361 1367 2423 latitudinem
1398 2364 1446 2424 uel
1475 2361 1579 2422 latissi-

286 2481 362 2523 mam
386 2461 609 2542 amplitudinem
633 2462 744 2539 attigit,
767 2463 862 2542 ipsam
886 2461 1009 2524 licenter
1025 2483 1059 2528 ac
1079 2464 1259 2542 regulariter
1281 2463 1476 2526 litteraturam
1500 2465 1613 2544 quasia

284 2564 469 2644 neglegendo
490 2563 701 2644 praetermittit
722 2571 752 2622 et
773 2561 809 2623 ad
833 2582 951 2626 sensum
975 2583 1007 2626 se
1030 2567 1129 2644 potius
1159 2565 1342 2628 transferens
1369 2575 1495 2646 propter
1519 2565 1580 2645 plu-

285 2667 394 2737 ralem,
423 2669 474 2744 qui
502 2667 643 2747 sequitur,
675 2683 847 2740 numerum,
877 2665 966 2726 idest:
996 2667 1147 2730 ‘uirorum
1177 2667 1294 2728 illorum
1319 2669 1367 2746 qui
1391 2669 1489 2729 uocati
1512 2673 1579 2727 sunt

284 2767 457 2848 gustabunt'
481 2768 703 2831 auctorabiliter
726 2785 780 2847 per
802 2767 924 2845 figuram
948 2767 1030 2828 dicit.
1065 2767 1155 2830 Scitis
1178 2751 1303 2840 etenim,
1327 2769 1404 2849 quod
1428 2769 1578 2832 schemata

285 2870 425 2956 dianooas
453 2869 489 2932 ad
518 2879 652 2932 oratores
679 2871 843 2950 pertinent.
878 2867 914 2930 ad
943 2872 1152 2948 grammaticos
1180 2871 1289 2932 lexeos.
1341 2871 1579 2952 Legitel‘om·

285 2975 406 3053 peium
430 2980 460 3032 et
482 2975 545 3051 ipse
560 2970 647 3032 uobis
661 2970 732 3032 illud
756 2972 843 3031 l'aciet
861 2971 948 3050 plene
965 2973 1168 3050 perspicuum.
1212 2973 1347 3052 Namque
1369 2975 1447 3034 sieut
1470 2975 1612 3053 optineo

285 3077 317 3136 lit
338 3074 457 3135 schema
481 3091 535 3152 per
556 3091 670 3141 casum,
695 3079 728 3133 ut
768 3121 769 3125 ,
1208 3141 1210 3151 Ι

594 3173 724 3236 Vrbem
748 3193 854 3254 quam
877 3182 1019 3246 statuo,
1045 3185 1171 3236 uestra
1196 3183 1251 3238 est
1419 3243 1421 3249 A

286 3276 362 3358 quod
388 3277 463 3338 male
487 3275 651 3340 Donatus
674 3278 808 3355 exposuit
828 3279 891 3338 siue
915 3277 1068 3340 Seruius
1092 3288 1121 3338 et
1137 3277 1462 3352 benel‘riscianus,
1488 3288 1519 3340 et
1535 3288 1580 3340 ut:

284 3379 439 3456 lapidem,
469 3397 556 3458 quem
579 3376 816 3458 reprobauerunt
838 3398 864 3439 e.
888 3378 918 3438 h.
942 3379 961 3438 l.
985 3380 1035 3447 a.',
1060 3387 1102 3438 et:
1131 3381 1313 3448 ‘sermonem
1341 3399 1429 3462 quem
1458 3381 1581 3443 audistis

285 3501 343 3542 non
368 3488 412 3541 est
434 3482 542 3542 meus'.
586 3479 622 3540 Et
649 3497 704 3559 per
725 3497 835 3558 genus,
860 3489 905 3539 ut:
929 3480 1049 3542 ‘ornnes
1071 3489 1176 3560 gentes
1199 3484 1380 3562 circuierunt
1402 3491 1432 3546 et
1452 3483 1473 3544 i.
1498 3501 1528 3544 n.
1551 3483 1612 3543 du

285 3604 313 3664 q.
337 3601 381 3644 us.
405 3585 425 3644 i.
449 3581 468 3642 l.
493 3591 536 3644 et:
560 3581 681 3642 ‘euntes
709 3581 813 3642 docete
841 3599 945 3642 omnes
973 3584 1077 3660 gentes
1105 3583 1289 3664 baptizantes
1311 3587 1380 3648 eos’
1403 3593 1448 3645 et:
1476 3587 1580 3664 ‘reges

284 3687 417 3766 gentium
441 3685 632 3748 dominantur
655 3687 771 3744 eorum’
796 3690 825 3744 et
847 3692 945 3744 cetera
957 3684 1068 3754 multa,
1092 3687 1136 3747 sic
1157 3687 1246 3750 etiam
1269 3686 1318 3748 hic
1332 3685 1454 3760 ¹dimisit
1477 3704 1578 3749 nume·

284 3804 349 3848 rum
372 3786 551 3864 singularem
575 3793 659 3846 etse
681 3785 759 3846 licite
788 3787 938 3848 transtulit
960 3787 1087 3865 Spiritus
1109 3786 1235 3852 Sanctus
1257 3789 1292 3850 ad
1315 3789 1476 3868 pluralem.
1508 3797 1579 3850 tam

283 3907 371 3969 quam
401 3887 543 3948 uidelicet
569 3887 679 3948 dictum
707 3887 825 3948 luisset:
855 3887 945 3949 ‘nulli
973 3890 1023 3968 qui
1052 3892 1149 3951 uocati
1178 3897 1247 3951 sunt
1273 3890 1457 3970 gustabunt'.
1503 3891 1578 3960 Sane

282 3989 435 4052 sciendum
459 3999 518 4060 est,
546 3990 624 4067 quod
647 3992 832 4069 quicumque
860 3988 932 4050 dicit
960 3992 1065 4058 ‘nemo
1087 3990 1244 4068 gustabit’‚
1274 4011 1332 4053 rron
1354 3999 1453 4074 potest
1476 4001 1609 4072 repre-ti

283 4092 372 4154 hendi
396 4095 434 4152 ita
458 4093 623 4162 dumtaxat,
646 4094 672 4151 si
694 4089 878 4169 ‘gustabunt'
902 4089 959 4152 dici
983 4109 1070 4170 posse
1093 4111 1153 4153 non
1177 4101 1274 4172 negat.

361 4295 381 4378 i]
399 4298 419 4359 i.
432 4293 472 4358 9¹¹
491 4292 503 4378 h
527 4295 583 4356 ‘Si’
606 4296 675 4358 lieet
697 4298 882 4374 trequentius
904 4295 1002 4358 trabat
1023 4296 1261 4367 subiunctiuum‚
1286 4298 1459 4376 frequenter
1481 4304 1575 4360 umen

349 4522 430 4569 4suu
449 4517 542 4567 l'ormet
591 4517 664 4566 locus
682 4517 784 4582 glandis
836 4517 895 4568 ant
914 4518 991 4568 modo
1063 4521 1093 4569 13
1111 4517 1227 4568 exoletus
1245 4534 1276 4568 nr.
1297 4518 1330 4568 II
1346 4535 1478 4583 suprascr.
1547 4519 1576 4566 ll
1678 4559 1679 4576 ,

282 4586 432 4638 adolescens
449 4601 530 4651 supro
547 4587 614 4636 linea
632 4603 663 4636 m.
683 4585 715 4636 ΙΙ
786 4587 818 4636 13
835 4583 925 4650 quam]
944 4587 1019 4648 quasi
1098 4588 1130 4636 te
1148 4585 1317 4636 rhethoricam
1385 4588 1415 4636 21
1436 4585 1576 4636 amalerens
1678 4579 1679 4620 l

281 4658 315 4706 23
333 4667 443 4705 scenrata
496 4653 582 4704 lexeas
650 4655 684 4704 25
702 4655 898 4703 obtimescema
949 4656 982 4705 27
1001 4650 1098 4719 urbem]
1115 4654 1365 4718 Verg.Aen.I573
1427 4655 1460 4704 28
1473 4654 1576 4704 Serota
1678 4683 1679 4698 t

280 4726 335 4774 siue
353 4725 492 4788 antiptosis
514 4725 570 4772 ciue
587 4739 688 4786 zeupmo
706 4737 762 4772 ease
779 4730 861 4786 putot.
930 4718 1086 4786 Priscianus]
1107 4721 1138 4770 II
1156 4739 1182 4787 p.
1202 4725 1259 4782 187,
1279 4725 1311 4771 13
1390 4725 1423 4773 30
1440 4723 1577 4771 circuitum

281 4825 314 4876 at
332 4825 376 4890 qui
395 4821 489 4890 nocui]
509 4812 573 4876 non.
593 4823 608 4873 I
627 4825 670 4886 qui
688 4825 736 4874 cati
813 4825 845 4875 36
865 4797 948 4894 hssssat.
