3464 5446
281 347 367 394 xxiv
689 329 739 379 DE
759 327 880 378 ments
899 323 1160 378 BERNENSIBVS.

281 520 367 582 ribus
390 527 458 581 sunt
479 519 618 580 inuentae
640 517 823 591 -s.127·
844 522 896 577 aut
918 515 1146 578 admirationem
1168 523 1201 576 ut
1221 531 1316 595 papae
1338 520 1389 575 aut
1410 519 1522 576 mettim
1546 521 1581 574 ut

285 631 315 682 at
337 630 380 683 tat
401 629 430 681 et
453 623 535 701 siqua
557 628 627 681 sunt
648 616 839 687 dissimilia,
863 651 904 660 -
926 635 966 679 erc
989 635 1050 694 quo
1070 619 1147 680 leuce
1165 619 1284 696 placuit
1304 633 1486 694 excerpere:

368 727 386 784 i.
404 725 481 784 119Ι
503 725 623 782 tttctrtt
643 724 683 782 tin
704 723 855 780 ttrruut.
886 723 988 779 Genera
1005 721 1156 780 litterarum
1171 722 1280 779 diuersa
1296 730 1377 793 sunt,
1401 721 1464 795 quia
1480 720 1537 795 (qui
1553 721 1580 792 a)

283 812 401 871 diuersis
423 811 492 868 locis
516 820 543 866 et
565 809 725 867 auctoribus
747 814 812 866 suut
835 809 972 865 inuentae.
1008 806 1072 864 Num
1093 816 1157 864 ante
1179 807 1312 864 diluuium
1327 806 1419 863 Enoch
1442 807 1581 863 inuenisse

283 898 390 955 litteras
417 895 568 966 credimus,
601 894 701 969 quibus
729 901 831 950 testum
861 891 1024 967 prophetiae
1051 909 1117 950 suae
1144 892 1198 948 iliis
1226 892 1396 967 temporibus
1426 891 1581 948 ostendisse

283 999 338 1040 non
361 981 471 1038 dubium
494 988 537 1036 est
559 988 677 1037 testante
693 977 826 1054 epistola,
850 993 920 1051 qnae
934 976 1067 1035 catholica
1082 979 1245 1035 nominatur.
1282 976 1462 1051 Prophetauit
1477 984 1582 1033 autent:

283 1069 328 1124 Ait
351 1069 483 1141 septimus
505 1065 538 1120 ab
561 1064 643 1121 Adam
666 1063 759 1122 Enoch
782 1063 889 1122 dicens:
934 1061 1013 1120 ‘Ecce
1036 1063 1163 1120 dominus
1185 1061 1288 1120 ueniet’
1311 1070 1338 1118 et
1361 1062 1483 1137 reliqna,
1511 1079 1582 1136 quae

283 1153 320 1209 ibi
349 1150 521 1220 scribuntur;
549 1167 599 1224 per
627 1167 694 1224 quas
724 1151 805 1206 etiarn
834 1148 923 1206 studia
951 1164 1001 1204 sua
1029 1149 1056 1204 in
1084 1147 1189 1205 duabus
1217 1148 1352 1204 columnis
1375 1146 1495 1204 scrihere
1516 1155 1583 1221 post

282 1235 413 1294 diluuium
441 1235 565 1292 homines
599 1243 781 1304 curauerunt3
815 1234 861 1290 sed
889 1242 985 1307 postea
1014 1235 1137 1308 repperit
1165 1231 1270 1289 litteras
1297 1231 1378 1288 Citam
1407 1230 1479 1288 iilius
1506 1231 1581 1299 Noe;

282 1322 378 1379 deinde
406 1321 540 1377 Abraham
569 1319 701 1394 Syrorum
723 1327 752 1374 et
779 1317 957 1375 chaldeorum
985 1316 1092 1374 litteras
1120 1319 1234 1375 inuenit.
1280 1316 1448 1374 Hebreorum
1476 1315 1583 1373 litteras

283 1407 390 1480 iloyses
413 1405 519 1462 inuenit
542 1405 569 1459 in
592 1411 685 1460 monte
708 1403 799 1473 Sinai,
827 1402 927 1476 quibus
950 1402 1088 1477 allegem
1111 1403 1238 1460 scribtam
1267 1402 1355 1476 digito
1383 1401 1426 1458 dei
1448 1403 1583 1475 suscepit,

282 1493 329 1548 sed
353 1507 408 1548 non
436 1489 491 1546 illis
519 1489 619 1546 litteris
647 1505 721 1545 nunc
749 1497 866 1544 utuntur
895 1485 1010 1559 Hebmt,
1039 1496 1154 1544 utuntur
1181 1497 1270 1546 autem
1300 1475 1340 1544 ets
1367 1485 1487 1558 litteris,
1514 1503 1584 1560 quas

283 1578 389 1632 inuenit
404 1575 504 1632 lisdras
526 1574 661 1649 propheta
677 1573 729 1630 sub
743 1571 909 1644 ZorobaheI,
932 1570 988 1630 filio
1003 1571 1184 1630 Salathihclis.
1223 1569 1406 1650 Gr(a)ecarurn
1429 1571 1583 1628 litterarum

282 1678 362 1718 nsum
386 1660 466 1735 primi
489 1657 642 1732 F(o)enices
670 1659 849 1715 inuenerunt:
886 1654 1002 1715 Cadmus
1025 1653 1169 1734 (chatmus)
1192 1659 1328 1733 Agenoris
1351 1657 1423 1714 tilius
1445 1655 1584 1731 Gr(a)ecas

284 1747 389 1803 litteras
418 1745 541 1814 inuenit,
570 1760 625 1800 non
654 1752 744 1800 tamen
773 1758 884 1813 omnes,
911 1743 984 1800 aient
1011 1759 1083 1801 nunc
1111 1751 1176 1799 sunt
1197 1743 1242 1800 XX
1264 1753 1292 1800 et
1314 1742 1373 1816 illi,
1401 1742 1449 1799 sed
1478 1741 1584 1816 aliquae

285 1837 382 1906 postea
399 1829 505 1886 additae
520 1837 602 1900 sunt,
627 1827 776 1903 dequibus
797 1825 940 1885 dicendum
963 1836 1015 1885 est.
1051 1827 1162 1885 Latinas
1177 1829 1283 1886 litteras
1298 1829 1420 1904 repperit
1434 1827 1584 1884 Carmentis

284 1911 458 1989 (carmentes)
481 1913 589 1987 nimphe
612 1912 781 1985 Nicostrata,
804 1919 891 1969 mater
913 1910 1043 1984 Euandri,
1068 1928 1137 1987 quae
1152 1913 1311 1995 diqiduntnr
1334 1914 1360 1968 in
1386 1909 1397 1990 i
1422 1913 1440 1969 i.
1464 1905 1545 1968 112b
1569 1905 1582 1988 ΙΙ

284 2000 352 2056 duas
374 2008 467 2074 partes
491 1997 678 2074 principaliter
702 2007 769 2072 aput
795 1998 916 2054 latinos.
961 1998 1121 2067 Quomodo?
1157 1999 1185 2054 in
1209 1997 1320 2056 uocales
1343 2007 1371 2054 et
1392 2005 1584 2055 consonantes.

283 2085 387 2141 iterum
410 2091 596 2141 consonantes
619 2082 780 2140 diuiduntur
802 2085 829 2138 in
856 2083 933 2138 duas.
978 2080 1139 2150 Quomodo?
1176 2083 1204 2139 ln
1233 2081 1412 2140 semiuooalas
1435 2090 1463 2137 et
1485 2089 1584 2139 nantas.

285 2166 397 2226 Vocales
419 2168 507 2225 dictae
529 2176 611 2240 sunt,
640 2170 704 2242 quia
726 2184 823 2226 uocem
846 2169 980 2238 integram
1003 2167 1112 2225 habere,
1126 2167 1262 2225 uidentur.
1301 2167 1370 2225 Sunt
1392 2175 1482 2225 autent
1506 2167 1584 2241 qnin-

285 2269 339 2329 quo
362 2255 508 2311 aaiou.
545 2252 729 2310 Semiuocalas
745 2268 810 2309 uero
832 2259 897 2309 sunt
913 2251 969 2308 Vll:
998 2251 1164 2309 ilmnrs
1187 2270 1211 2310 1.
1255 2252 1288 2310 Et
1310 2253 1398 2308 diotae
1420 2260 1484 2309 sunt
1505 2251 1585 2308 semi·

284 2338 412 2410 uocales,
441 2337 505 2413 quia
533 2337 648 2396 mediam
670 2353 764 2395 uocem
789 2336 887 2394 habere
909 2348 1077 2410 cernuntur,
1105 2355 1161 2395 non
1190 2339 1263 2413 quod
1285 2335 1372 2412 figura
1394 2336 1498 2395 mediae
1518 2337 1585 2410 sint,

286 2423 334 2480 sed
357 2423 421 2498 quia
444 2422 553 2497 pienum
576 2439 674 2480 sonum
697 2439 751 2480 nou
775 2421 875 2480 habent
897 2428 925 2478 et
946 2425 1064 2480 excitant
1086 2439 1183 2480 sonum
1207 2440 1287 2480 suum
1310 2424 1343 2481 ab
1365 2420 1484 2479 euocaii
1507 2423 1584 2479 etin

287 2515 374 2566 seruet
404 2509 470 2582 ipsis
498 2507 614 2577 cadunt,
642 2510 714 2566 sicut
734 2507 851 2566 dicimus
874 2507 1035 2566 ‘semideos'
1059 2517 1087 2565 et
1110 2507 1291 2582 ‘semiuiror’‚
1318 2525 1374 2567 non
1397 2505 1470 2583 quod
1492 2508 1586 2579 semis,

286 2594 359 2651 idest
385 2592 467 2648 medii
496 2592 533 2649 dii
561 2594 617 2648 sint
645 2592 688 2649 uel
719 2591 799 2650 medii
827 2592 896 2662 uiri,
925 2591 972 2648 sed
1000 2592 1074 2668 quod
1095 2593 1211 2668 perlecti
1235 2589 1382 2668 (periectas
1403 2592 1477 2666 cod.)
1499 2592 1536 2650 dii
1558 2601 1586 2649 et

286 2677 401 2754 perlecti
422 2677 474 2734 uiri
498 2693 552 2734 non
576 2679 646 2734 sint:
675 2679 715 2735 sic
736 2687 764 2734 et
786 2675 981 2749 sauromates,
1009 2679 1073 2753 quia
1101 2678 1254 2751 perlectum
1276 2695 1374 2736 sonum
1396 2695 1451 2737 nou
1474 2677 1586 2748 habent,

287 2766 349 2821 ideo
371 2771 544 2838 nuncupatae
566 2770 637 2819 sunt.
682 2761 771 2819 Mutae
793 2761 881 2820 dictae
909 2771 975 2818 sunt
1002 2761 1107 2820 duabus
1130 2780 1162 2820 ex
1184 2763 1283 2821 causis.
1328 2764 1488 2833 Quomodo?
1520 2762 1586 2836 Vna,

286 2850 349 2924 qnia
379 2848 412 2904 ad
441 2847 665 2922 conparationem
692 2846 845 2920 uomitum,
873 2847 944 2904 idest
966 2847 998 2904 ad
1021 2847 1064 2918 id,
1092 2848 1166 2922 quod
1195 2849 1305 2906 uocales
1332 2866 1430 2906 sonare
1458 2859 1586 2924 possunt,

287 2935 355 2991 istae
379 2941 470 2989 mutae
493 2941 574 3004 sunt,
603 2932 705 3004 altera,
728 2935 792 3004 quia
815 2934 838 2988 si
860 2931 1005 2990 subtrahas
1027 2932 1081 2989 illis
1104 2933 1232 2990 auxilium
1255 2934 1377 3008 uocalis,
1400 2936 1470 2991 intra
1493 2935 1586 3009 hospi-

286 3021 357 3076 cium
381 3018 437 3074 oris
460 3019 624 3073 moriuntur.
670 3016 739 3074 Sunt
761 3026 852 3075 autam
877 3017 955 3075 vtttt:
986 3017 1307 3094 bodghitpqt.
1343 3019 1415 3076 Yet
1435 3038 1449 3075 a
1468 3009 1588 3093 ¹propter

287 3101 408 3174 dria)eca
442 3102 552 3158 nomina
584 3101 781 3174 adsumsimus,
819 3119 888 3178 quae
920 3102 1080 3176 frequenter
1112 3104 1140 3159 in
1171 3102 1266 3160 Latina
1300 3101 1395 3177 regula
1430 3113 1586 3162 occurrunt.

286 3187 430 3244 Sciendum
454 3194 512 3257 est,
540 3185 748 3259 quibusmodis
771 3187 862 3243 littera
885 3187 936 3244 dici
959 3197 1062 3261 potest.
1107 3186 1241 3263 Quinque.
1288 3187 1448 3256 Quomodo?
1485 3189 1588 3246 Dicitur

288 3272 359 3329 enim
382 3278 449 3344 aput
470 3269 594 3327 Hebreos
622 3272 736 3345 sepher,
765 3280 832 3346 aput
854 3270 994 3344 Gr(a)ecos
1017 3289 1153 3347 gramma,
1181 3283 1249 3347 aput
1277 3272 1456 3348 philosophos
1479 3273 1587 3349 (phylo-

287 3355 376 3426 aoios)
391 3363 515 3433 atomus,
538 3363 605 3430 aput
627 3365 751 3413 oratores
774 3356 904 3429 legitera,
926 3366 993 3431 aput
1007 3356 1118 3414 Ladnoa
1140 3354 1240 3413 littera.
1285 3358 1315 3414 Et
1338 3358 1409 3416 dicta
1431 3368 1474 3416 est
1496 3358 1586 3415 littera

288 3458 332 3514 eo,
356 3441 430 3516 quod
452 3440 609 3515 legentibus
632 3443 684 3497 iter
706 3441 738 3496 ad
761 3439 907 3515 legendum
930 3441 1065 3498 ostendat
1102 3445 1218 3498 Atonons
1240 3441 1319 3514 (ath-i
1343 3459 1411 3500 uero
1434 3444 1495 3500 ideo
1517 3459 1588 3500 nun·

288 3535 414 3601 cupatur,
437 3526 501 3601 quia
524 3524 608 3582 diuidi
631 3542 685 3584 non
708 3534 810 3599 potest.
848 3527 932 3584 Omne
953 3529 1042 3598 enim,
1065 3526 1138 3601 qnod
1161 3526 1328 3584 indiuisibiie
1349 3525 1588 3601 (inuisibiiecod.)

288 3619 347 3680 est,
371 3611 442 3685 apud
464 3608 647 3684 philosophos
669 3618 777 3668 atomus
800 3621 990 3686 nuncupatur;
1012 3629 1063 3686 pro
1078 3611 1131 3669 hac
1145 3613 1251 3670 ratione
1267 3621 1294 3670 et
1309 3612 1463 3684 †atlonato
1478 3613 1587 3670 minima

287 3713 352 3772 pars
375 3695 485 3752 dicitur.
529 3694 587 3751 Hoc
609 3695 748 3753 sciendum
771 3705 830 3768 est,
853 3713 938 3771 quare
960 3697 1067 3771 antiqui
1089 3697 1196 3754 litteras
1219 3698 1352 3754 elementa
1372 3696 1485 3770 (aelim-i
1508 3714 1588 3755 uoca-

288 3788 406 3838 uerunt:
429 3780 461 3836 ad
484 3779 707 3853 conparationem
730 3780 928 3839 elementorum
951 3783 1059 3854 mnndi,
1083 3784 1163 3859 quia,
1186 3783 1256 3840 sicut
1279 3783 1395 3840 mundus
1410 3799 1442 3839 er
1457 3790 1589 3858 quattuor

289 3865 431 3924 elementis
461 3864 624 3938 conpositus
656 3874 716 3939 est,
749 3867 789 3923 sic
816 3875 844 3922 et
873 3867 980 3924 litterae
1009 3870 1036 3924 in
1066 3884 1148 3924 nuum
1176 3868 1284 3925 iunctae
1313 3867 1457 3925 litteralem
1486 3869 1590 3925 iaciunt

288 3967 395 4010 nocem.
439 3952 556 4006 Atomos
578 3947 658 4023 (ath·)
681 3950 751 4024 apud
774 3951 955 4027 philosophos
977 3953 1039 4009 ideo
1062 3953 1162 4010 dicitur
1184 3951 1291 4025 littera,
1314 3955 1393 4027 qnia,
1415 3969 1476 4009 corn
1500 3954 1588 4009 oratio

292 4036 419 4094 soluatur
441 4035 469 4091 in
493 4034 575 4092 uerba
598 4043 626 4090 et
654 4035 737 4094 uerba
765 4035 908 4094 soluantur
938 4038 965 4093 in
993 4038 1125 4114 pedibus,
1153 4045 1181 4094 et
1209 4037 1293 4112 pedes
1321 4035 1465 4094 soluantur
1493 4037 1521 4094 in
1543 4038 1589 4094 sil·

288 4121 377 4193 iahia,
401 4119 514 4178 sillabae
537 4118 681 4177 soluantur
703 4123 730 4177 in
753 4119 872 4196 litteris,
898 4121 991 4180 littera
1014 4139 1069 4179 non
1092 4121 1190 4194 habet,
1221 4123 1247 4178 in
1271 4139 1326 4197 quo
1355 4122 1478 4180 soluatur
1500 4139 1590 4197 neque

288 4206 373 4264 diuidi
396 4213 504 4280 potest:
536 4205 596 4261 ideo
625 4214 732 4262 atomus
755 4214 783 4262 et
804 4223 869 4281 pars
891 4209 1001 4264 minima
1022 4207 1130 4264 dicitur.
1175 4203 1317 4264 Sciendum
1341 4216 1399 4279 est,
1428 4208 1502 4282 quod
1528 4217 1588 4266 ato-

290 4307 398 4349 morum
420 4307 523 4365 genera
552 4299 617 4347 sunt
645 4292 782 4366 quinque,
811 4292 881 4348 idest
903 4301 1011 4350 atomus
1034 4294 1061 4348 in
1084 4293 1158 4363 sole,
1181 4301 1290 4349 atomus
1312 4295 1340 4348 in
1363 4309 1409 4364 re,
1432 4301 1539 4350 atomus
1561 4292 1589 4349 in

290 4367 599 4455 nuili.113⁸iimero‚
622 4384 729 4432 atomus
752 4377 939 4450 intempore,
962 4385 1069 4434 atomus
1092 4377 1119 4434 in
1142 4377 1243 4433 littera.
1287 4377 1447 4445 Quomodo?
1474 4381 1589 4435 Atomus

291 4463 318 4518 in
342 4458 401 4517 sole
424 4467 482 4533 est,
511 4476 572 4516 cum
601 4461 723 4518 uidemus
752 4463 778 4517 in
802 4459 885 4517 radiis
908 4459 984 4534 (ios)
1012 4462 1085 4520 iilius
1114 4461 1325 4520 minutissimum
1353 4461 1513 4536 puluerem,
1542 4464 1588 4537 qui

291 4562 342 4605 nec
365 4545 451 4604 teneri
475 4560 526 4601 nec
546 4544 632 4602 diuidi
654 4554 756 4620 potest.
794 4545 837 4602 ro
859 4551 967 4603 atomus
982 4548 1010 4603 in
1027 4563 1073 4620 re,
1096 4562 1157 4605 cum
1180 4549 1295 4620 granum
1317 4548 1421 4622 sinapis
1442 4547 1589 4604 diuidimus

292 4633 319 4688 in
341 4629 441 4689 multas
463 4637 573 4707 partes,
596 4639 624 4686 et
645 4647 709 4706 pars
731 4632 803 4705 eius,
826 4631 1002 4707 quafdiuidi
1018 4649 1072 4689 non
1088 4640 1190 4707 potest,
1214 4641 1320 4689 atomus
1335 4633 1443 4689 dicitur.
1475 4636 1590 4690 Atomus

292 4717 320 4774 in
343 4733 457 4774 numero
480 4715 521 4787 iit,
543 4732 605 4772 curn
627 4714 710 4788 (sicut
732 4716 804 4793 eod.)
827 4725 959 4791 quattuor
982 4717 1142 4774 diuiduntur
1164 4717 1190 4772 in
1213 4717 1281 4774 duos
1304 4728 1332 4774 et
1353 4717 1407 4774 dno
1431 4717 1590 4774 diuiduntur

291 4803 320 4860 in
343 4819 444 4875 unum,
472 4817 555 4860 unum
579 4801 643 4877 quia
666 4818 721 4858 non
744 4802 840 4876 habet,
868 4801 914 4860 ubi
937 4801 1084 4874 diuidatur‚
1106 4809 1214 4859 atomus
1236 4811 1287 4859 est.
1332 4806 1447 4860 dtornus
1469 4803 1496 4858 in
1520 4813 1589 4860 tern-
