3394 5448
683 1255 829 1336 XII.

491 1471 568 1553 DE
590 1471 810 1555 ALOVIN
811 1473 832 1554 Ι
855 1472 1019 1554 ARTE.

190 1885 218 1942 A
225 1881 348 1943 Iouini
375 1891 470 1944 artem
497 1888 730 1959 arammaticam
752 1901 935 1960 quamquam
958 1885 1108 1944 Henricns
1128 1884 1244 1942 dicitius
1265 1899 1319 1941 sno
1342 1883 1408 1942 iare

101 2001 120 2043 a
154 2002 242 2046 nona
270 1989 542 2060 preminaticornm
571 1987 747 2048 Latinorum
778 1989 910 2048 editione
942 1985 1156 2045 secludendum
1186 2001 1249 2044 esse
1281 1986 1405 2056 censuit,

102 2089 220 2162 quippe
253 2105 333 2162 petae
359 2096 489 2163 praeter
519 2092 682 2149 sententias
706 2092 859 2165 ponentes
889 2086 1050 2148 nitidioris
1077 2089 1289 2163 descriptionis
1315 2102 1410 2146 causa

99 2192 218 2263 passim
242 2193 436 2266 interpositas
457 2191 534 2250 niloit
553 2189 623 2262 sere
644 2194 718 2252 noui
737 2195 874 2267 scituque
897 2193 986 2264 dipni
1006 2189 1147 2264 adserat,
1177 2191 1264 2265 puio,
1289 2206 1355 2248 cum
1378 2191 1409 2248 in

104 2291 243 2352 Putscttii
268 2293 400 2352 editione
427 2295 580 2354 rioemuilis
605 2295 688 2354 uitiis
709 2296 886 2368 lacunisque
907 2295 1077 2364 laboraret,
1111 2293 1225 2351 codicis
1249 2291 1410 2350 Bernmsis

107 2399 160 2452 t23
183 2409 265 2453 saec.
290 2393 324 2453 Χ
345 2395 464 2454 etunilio
492 2395 542 2454 liic
569 2396 631 2454 illie
658 2397 892 2456 emendatiorem
911 2396 1012 2462 ‚reddi
1031 2412 1121 2470 posse
1145 2395 1224 2468 uidi,
1251 2393 1351 2466 facile
1372 2393 1410 2452 ab

103 2497 209 2555 animo
230 2511 297 2556 meo
318 2498 488 2572 inpetrant,
518 2503 552 2556 ut
573 2500 637 2558 eius
659 2500 842 2573 quaestionis
860 2497 984 2570 fructus
1006 2499 1123 2572 otiqncos
1144 2499 1252 2556 lectori
1272 2493 1411 2555 heriiaoio

100 2615 318 2674 proponerem.

191 2701 261 2760 Iam
283 2702 366 2776 qaod
386 2703 430 2761 ad
450 2719 501 2762 eos
522 2703 604 2762 locos
626 2705 742 2776 attinet,
767 2720 840 2778 quos
857 2703 1017 2762 Putseltius
1038 2704 1103 2777 ipse
1117 2703 1166 2760 uel
1179 2702 1309 2760 lucaniae
1323 2703 1410 2774 sione

105 2805 153 2862 aet
175 2806 324 2864 asterisco
346 2807 480 2881 notauit,
505 2821 605 2880 paene
627 2821 726 2864 ornnes
749 2807 780 2864 in
803 2803 955 2878 intepram
974 2803 1112 2876 sormam
1134 2805 1254 2862 restitui
1269 2809 1407 2877 possunt.

105 2903 185 2964 Nam
198 2922 233 2980 p.
253 2913 341 2984 2078,
359 2914 398 2965 st
409 2914 495 2983 post:
518 2906 563 2966 ²0.
589 2905 640 2966 Est
663 2907 755 2975 nere',
779 2911 881 2966 statim
904 2908 980 2966 itaec
1001 2904 1035 2965 in
1057 2905 1125 2965 cod.
1144 2905 1235 2963 Bora.
1251 2911 1410 2964 secuntur:

106 3007 143 3067 M.
167 3007 275 3068 Nonne
299 3007 410 3087 absque
433 3009 549 3068 ratione
573 3017 618 3069 est
640 3011 768 3070 animam
792 3009 905 3088 absque
923 3009 1000 3086 (cad.
1018 3008 1114 3068 anima
1131 3006 1282 3087 malisque)
1301 3005 1410 3065 decore

109 3117 138 3168 et
162 3110 309 3188 nignitate
331 3128 382 3170 sua
407 3127 471 3170 esse
495 3119 680 3190 perpetuam.
725 3109 757 3172 D.
783 3111 975 3192 Consequens
998 3120 1054 3171 etc.
1171 3105 1173 3110 ’

194 3231 222 3292 p.
247 3208 345 3279 2098,
371 3210 411 3274 10
432 3215 499 3273 cod.
525 3213 621 3274 Bern.
644 3215 750 3274 nabet:
777 3213 862 3274 ‘Noni
886 3215 915 3274 in
940 3217 1034 3293 prima
1059 3212 1256 3273 deminutione
1278 3211 1335 3290 goii
1359 3213 1413 3273 dai

106 3314 183 3393 sing’
208 3317 293 3374 nuile
313 3317 445 3375 lacunae
466 3313 555 3390 sipna
577 3319 739 3385 adnotato;
763 3333 859 3390 neque
877 3323 920 3375 est
932 3315 1085 3391 profecto,
1109 3315 1142 3374 id
1155 3316 1238 3389 qaod
1253 3315 1411 3374 Putscitins

108 3419 219 3490 uoluit,
249 3419 362 3477 lacuna
389 3419 568 3488 statuenda;
596 3419 755 3492 dependam
784 3425 828 3478 est
854 3421 1012 3478 nimirum:
1041 3421 1121 3476 ‘nam
1149 3419 1177 3474 in
1202 3417 1295 3496 prima
1320 3415 1410 3480 ‹ieeli-

110 3519 230 3579 natione
254 3519 411 3594 genetiuus
433 3529 464 3578 et
486 3519 604 3580 dutinus
626 3518 785 3596 singularis
809 3537 865 3578 una
890 3523 974 3579 uoce’
1000 3527 1056 3580 etc.

196 3638 224 3698 p.
250 3617 349 3688 2128,
376 3617 414 3680 12
437 3626 468 3682 in
490 3625 596 3683 codice
618 3621 712 3682 Bern.
737 3619 866 3695 tepitur:
890 3622 934 3681 ‘nt
957 3623 1002 3681 ins
1024 3621 1135 3681 ditione
1160 3620 1250 3689 tobo’,
1274 3627 1365 3680 recte.

195 3742 224 3798 p.
249 3719 350 3802 2142,
374 3721 409 3784 7ι
439 3724 512 3784 ‘Con
541 3725 653 3803 pariter
680 3724 827 3801 signifieat
850 3733 881 3783 ut
905 3741 1013 3790 coneo.
1044 3733 1073 3783 et
1096 3723 1162 3783 ioco
1185 3741 1251 3782 ontn
1276 3725 1409 3803 proposi·

110 3827 190 3886 tione
215 3826 358 3905 ponitur',
380 3843 438 3901 pro
461 3827 567 3902 auibus
588 3828 763 3900 dependam:
786 3826 829 3884 ‘et
851 3825 916 3885 ioco
932 3845 998 3886 cum
1016 3827 1244 3906 praepositionis
1267 3826 1409 3902 ponitus)

195 3929 363 3988 Praeterea
385 3929 461 3988 naec
482 3936 648 3989 memoratu
671 3930 767 4002 diona
789 3927 1013 4004 excerpsimus:

196 4049 224 4108 p.
249 4025 347 4098 2075,
373 4029 388 4090 1
413 4029 582 4090 audiuimus
604 4037 633 4089 te
655 4030 824 4089 doctissime
896 4027 1070 4091 301nninn1
1094 4039 1172 4089 esset
1243 4026 1411 4090 (idinicias

112 4132 204 4193 seculi
289 4129 328 4192 10
349 4132 427 4210 quod
455 4140 533 4192 esset
611 4127 652 4192 36
675 4133 724 4211 qni
748 4131 828 4192 sotus
852 4134 961 4192 exierit
1039 4128 1138 4200 2076,
1163 4128 1182 4190 6
1207 4131 1410 4190 tantummodo

112 4242 234 4316 propter
257 4252 357 4294 rerum
382 4237 555 4302 scientiam,
579 4243 703 4314 propter
726 4236 884 4312 puritatem
951 4232 971 4295 9
994 4245 1025 4296 et
1047 4255 1105 4295 non

197 4357 223 4416 p.
246 4333 340 4406 2077,
365 4334 383 4397 7
406 4336 575 4397 huiusmodi
598 4339 729 4397 rationes
753 4338 845 4396 irenis
867 4337 1032 4397 animarum
1055 4355 1162 4396 cuneus
1185 4337 1319 4396 coerceri
1370 4331 1411 4396 25

114 4443 228 4521 petina
251 4447 333 4500 reete
396 4435 439 4500 34
460 4440 579 4499 aestatis
602 4440 652 4516 qni
676 4446 773 4499 tamen
840 4435 881 4500 38
905 4448 935 4498 et
958 4457 1046 4519 quam
1069 4457 1157 4515 saepe

197 4562 225 4622 p.
243 4539 336 4608 2078,
356 4539 395 4601 12
412 4541 516 4602 meiius
533 4542 614 4610 nitet,
638 4545 697 4616 lep.
715 4543 819 4606 nitent,
844 4543 927 4617 quod
940 4543 1033 4602 multo
1050 4545 1150 4618 aptius
1172 4557 1262 4615 anam
1286 4541 1410 4600 ‘ditant’

115 4643 252 4707 Pittsettt'n'
315 4640 358 4705 25
379 4645 455 4722 qinon
481 4652 549 4703 snnt
571 4645 686 4704 animae
709 4652 882 4703 ornamenta
908 4651 1061 4721 perpetua.
1138 4640 1178 4702 27
1202 4643 1321 4702 studere
1345 4660 1411 4702 sne·

117 4748 171 4807 den
246 4743 290 4823 30
311 4748 436 4808 scientia
465 4747 572 4807 transit
649 4743 691 4805 42
717 4747 860 4825 perduret
937 4743 980 4806 45
1010 4745 1079 4806 duni
1108 4748 1280 4825 sapientiam
1311 4762 1411 4804 ennete

119 4849 189 4910 nihii
211 4832 308 4930 potest

191 4967 286 5010 (inan.
298 4977 353 5010 nnn.
369 4969 452 5010 Sum
1195 4966 1208 5000 Γ
