3412 5452
941 304 946 329 ι

386 373 424 425 IN
443 373 580 424 nonam
598 371 716 424 tauns
734 370 782 424 ΕΤ
801 370 1072 491 BAlswllfiSMVM.
1292 383 1378 438 01111

102 565 124 640 s.
146 560 194 624 21ι
213 565 269 624 εει.
293 563 342 642 II,
365 580 432 625 cum
455 564 493 622 de
514 561 644 624 mominis
664 560 826 638 penemeos
847 563 1043 672 npebecch
1060 558 1195 638 primam
1216 560 1378 624 editionem

103 697 281 778 prmocuuit:
301 699 418 762 Genera
440 701 592 760 nominum
610 707 678 760 sunt
700 656 755 760 llflr
776 709 832 760 etc.
858 696 1015 778 -aquila
1039 698 1162 760 mustela
1186 697 1303 764 miluus.
1339 697 1380 759 lle

104 801 247 881 generibus
268 803 299 860 in
324 802 431 862 minimi
454 801 583 862 editione
606 801 791 861 snnifieicnter
807 799 988 878 disputatum
1005 810 1058 871 est,
1082 799 1231 863 iasddlum
1248 810 1294 862 est
1309 817 1380 880 ergo

105 905 190 966 edem
213 911 348 983 repetere
370 904 480 982 sepius.
525 903 588 963 Sed
608 904 647 963 de
667 903 726 964 troc
747 909 927 977 arpumcnto
947 900 981 962 in
1008 910 1173 964 commento
1195 901 1382 964 Eiruidtemsi

102 1005 209 1084 purae
228 1003 334 1080 opiter
352 1023 385 1082 p.
412 1010 480 1084 ean,
506 1013 542 1064 ra
564 1039 607 1048 -
630 1011 697 1080 aaa,
724 1012 749 1065 r.

176 1107 254 1178 Quae
274 1123 343 1167 eum
364 1104 412 1168 ito
426 1105 498 1182 sint,
523 1115 622 1168 tomen
637 1104 746 1167 iisdem
761 1115 920 1181 utrumque
934 1115 1130 1168 commentum
1144 1105 1284 1181 sontibus
1301 1106 1376 1180 sun-

105 1207 294 1284 domentisquc
316 1207 377 1270 niti
405 1207 516 1284 nepori
543 1227 603 1270 non
620 1207 753 1285 poterit,
784 1211 867 1285 quod
894 1216 925 1270 ut
942 1211 1147 1285 persuadeam
1169 1207 1248 1272 miris
1269 1207 1376 1282 doctis,

105 1311 158 1372 eius
173 1309 281 1387 partis,
305 1327 368 1386 quo
391 1307 522 1372 nominis
543 1310 730 1390 comparatio
752 1317 916 1386 tractetur,
941 1309 1049 1387 utiquo
1064 1329 1259 1388 percurram.

174 1411 244 1474 Cod.
266 1407 332 1474 386
354 1412 376 1473 1.
398 1409 461 1473 2ῑ·
483 1411 540 1473 εοΙ.
563 1411 590 1473 l:

175 1514 473 1593 Comparationis
501 1514 639 1593 gradus
666 1524 752 1576 sunt
780 1525 857 1577 tres
887 1516 1078 1594 positiuus
1100 1515 1383 1596 comparatiuus

104 1615 377 1706 superlatiuus:¹
396 1616 600 1695 positivus,
630 1627 669 1678 ut
696 1618 824 1688 lortis,
854 1621 1136 1697 comparaturus
1163 1627 1200 1678 ut
1228 1619 1382 1687 sortior,

105 1717 350 1798 superlatiuus
366 1727 403 1779 ut
418 1719 661 1780 fortissimus
692 1719 852 1780 Sciendum
869 1726 984 1790 autem,
1001 1719 1080 1800 quod
1095 1718 1147 1780 illa
1163 1720 1291 1789 nomina,
1308 1737 1383 1798 quae

22 1817 23 1822 ’
105 1819 283 1882 subeuntium
305 1821 482 1898 siginificant,
507 1837 566 1881 non
582 1827 802 1901 comparantur,
819 1824 892 1897 quio
908 1823 1091 1884 incrementa
1109 1821 1155 1882 uel
1171 1822 1383 1882 diminutiones

84 1924 223 2002 acccipere
245 1940 305 1984 non
329 1930 470 2000 possunt:
495 1920 580 1984 uerbi
602 1925 696 2002 gratia
718 1924 808 1985 homo
832 1920 879 1984 uel
902 1921 978 2003 lapis
1000 1923 1195 1986 substantiam
1217 1923 1385 2001 significant

22 2095 23 2100 .
103 2027 174 2086 cuitu
194 2025 372 2103 significatio
396 2043 451 2086 nec
473 2027 576 2104 augeri
604 2044 659 2086 nec
688 2026 780 2087 minui
808 2032 916 2105 potest.
960 2025 992 2086 Si
1021 2027 1100 2087 enim
1129 2025 1218 2086 lnomo
1241 2022 1288 2084 uel
1312 2023 1385 2103 lapis

22 2195 23 2200 .
103 2123 233 2206 inciperet
254 2127 508 2205 comparationem
531 2129 550 2186 i·
568 2128 663 2188 maius
678 2126 727 2188 uel
751 2129 863 2198 minus,
880 2129 939 2188 iam
956 2145 1015 2189 non
1031 2135 1109 2188 esset
1124 2127 1214 2188 homo
1237 2125 1285 2188 uel
1301 2124 1384 2205 lapis.

22 2295 23 2298 Ἴ
104 2228 129 2288 Si
149 2246 217 2289 uero
239 2231 367 2290 actionis
389 2227 507 2308 aliquod
531 2229 678 2290 dictamen
702 2229 816 2291 bomini
838 2227 886 2290 uel
909 2229 998 2309 lapidi
1021 2229 1176 2300 acciderit,
1204 2237 1273 2290 tunc
1296 2227 1386 2288 ltabet

22 2337 24 2404 ᾗ
103 2329 186 2392 Ιοεεει
201 2334 384 2410 comparatio
401 2329 683 2412 (comcomparatio),
707 2338 740 2391 ut
762 2331 868 2392 doctus
890 2329 979 2392 homo
1002 2341 1032 2392 ct
1047 2329 1171 2402 doctior,
1195 2330 1270 2411 lapis
1292 2330 1385 2392 durus

22 2481 23 2504 ,
78 2446 95 2482 1⁰
105 2440 130 2492 et
147 2431 254 2497 durior.
300 2432 379 2512 Ergo
403 2451 461 2494 non
486 2435 550 2513 ipsa
573 2432 753 2503 substantia,
783 2434 837 2495 scd
860 2451 937 2513 quae
959 2433 1099 2494 accidunt
1119 2432 1283 2495 substantie
1305 2450 1385 2493 com-

22 2615 23 2618 *
106 2547 263 2612 parantur„
285 2534 357 2595 Sed
379 2537 666 2616 comparatiuus
688 2535 825 2614 gradus
851 2537 1003 2613 generis
1032 2544 1089 2595 est
1111 2551 1263 2614 semper
1285 2552 1384 2595 com·

22 2651 24 2720 ξ
106 2637 211 2697 muuis
231 2635 433 2698 masculini
456 2647 492 2697 et
514 2637 688 2698 feminini
717 2640 752 2697 in
781 2656 824 2697 or
853 2647 887 2698 et
916 2645 1087 2698 neutrum
1117 2654 1207 2697 uero
1229 2637 1265 2696 in
1288 2653 1328 2696 us
1351 2643 1388 2695 ut

22 2725 23 2748 ³
106 2735 155 2798 lie
180 2746 213 2798 et
239 2736 330 2799 haec
358 2739 495 2799 iortinr
522 2746 559 2798 et
586 2738 654 2798 hoc
681 2739 835 2805 lortius,
880 2739 973 2802 Causa
1003 2737 1158 2800 breuitatis
1174 2739 1387 2833 ‘praetermisit

106 2871 220 2935 [lanatus
241 2873 278 2934 de
300 2891 411 2953 genere
434 2919 721 2940 ............
747 2875 823 2954 (cod.
848 2884 931 2956 εοει0
948 2884 977 2936 ει
999 2877 1097 2953 singu
1119 2882 1149 2935 et
1171 2843 1216 2952 ἒ.)
1248 2873 1299 2934 sed
1329 2872 1386 2932 hoc

23 2971 24 3042 ἶ
79 2973 234 3038 edebamus
254 2973 344 3046 scire,
368 2975 447 3054 quod
469 2977 615 3056 positiuus
637 2979 744 3057 recipit
766 2979 865 3040 samnia
887 2995 1007 3056 genera,
1031 2976 1087 3038 alia
1110 2984 1208 3038 autem
1232 2994 1385 3056 compara-

23 3089 25 3150 ι
108 3078 149 3138 tiui
169 3079 273 3157 gradus
294 3079 414 3157 generis
435 3086 506 3140 sunt
526 3080 692 3140 communis
716 3090 745 3141 et
762 3078 915 3142 masculini
933 3088 961 3141 et
977 3080 1110 3140 seminini
1133 3079 1163 3140 in
1180 3096 1223 3148 or,
1247 3085 1384 3139 neutrum

24 3187 26 3196 ’
108 3197 169 3240 uero
188 3183 216 3242 in
238 3200 285 3242 us.
332 3179 368 3240 Vt
389 3179 438 3240 hic
461 3189 490 3241 et
512 3181 585 3242 lraec
607 3182 711 3241 tortior
733 3193 763 3242 et
792 3182 848 3244 lmc
876 3184 983 3244 lortius
1006 3189 1132 3261 excepto
1155 3200 1214 3243 uno
1237 3180 1314 3261 quod
1340 3189 1386 3242 est

24 3329 25 3332 η
107 3283 201 3358 senior,
222 3282 301 3362 quod
325 3292 439 3343 tantum
468 3283 622 3344 masculini
651 3285 770 3362 generis
799 3292 845 3344 est
866 3293 895 3344 et
917 3284 987 3344 iacit
1009 3283 1087 3361 quod
1111 3285 1286 3344 femininum
1310 3282 1383 3342 haec

108 3401 180 3446 anus.
206 3383 411 3465 Superlatiuus
426 3386 481 3446 tria
499 3386 606 3465 recipit
626 3403 736 3464 genera
757 3394 791 3446 ut
813 3385 1001 3447 doctissimus
1024 3403 1070 3446 me
1093 3403 1184 3446 nsunt.
1230 3385 1385 3464 Compa-

24 3561 25 3564 ,
79 3495 224 3548 arantur
245 3496 369 3548 autem
388 3487 535 3548 nomina
554 3485 883 3568 quaequalitatem
907 3495 969 3548 aut
991 3489 1242 3566 quantitatem
1265 3486 1386 3564 signi·

109 3585 219 3650 licant.
263 3588 284 3649 l·
310 3589 410 3650 emnia
432 3591 552 3650 nomina
574 3606 650 3671 quae
673 3596 882 3669 comparantur
896 3588 1047 3670 qualitatis
1069 3599 1098 3649 et
1120 3590 1290 3668 quantitatis
1305 3598 1386 3660 sunt,

109 3689 154 3749 sed
173 3708 227 3752 non
249 3692 346 3752 anania
371 3707 447 3768 quae
469 3690 640 3768 qualitatem
671 3699 722 3752 aut
749 3695 945 3771 quantitatem
974 3693 1144 3770 significant
1166 3699 1386 3771 comparantur.

109 3789 172 3852 llam
185 3811 268 3854 cecus
283 3811 408 3855 mancus
422 3793 581 3874 perlectus,
605 3813 672 3855 cum
695 3796 756 3855 sint
771 3796 888 3856 nomina
905 3793 1053 3880 qualitatis
1074 3792 1247 3864 accidentia,
1265 3796 1387 3856 minime

111 3920 302 3990 comparantur
325 3958 534 3979 .........
559 3911 635 3989 (cod.
662 3873 713 3973 iis
737 3915 761 3976 si
777 3909 822 3991 εἷ]
846 3913 1020 3993 significatio
1042 3930 1216 3990 comparare
1239 3922 1271 3972 ει
1293 3912 1388 3973 dicam

82 4014 196 4075 senior
222 4022 247 4076 ει
274 4033 380 4076 sumus
406 4017 486 4096 perit
518 4013 603 4096 prior
633 4015 808 4095 significatio
836 4035 890 4095 per
918 4035 1022 4078 omnes
1050 4015 1169 4108 gradus.
1220 4013 1288 4075 Sed
1318 4031 1387 4074 non

112 4134 219 4194 omnia
244 4153 307 4215 per
336 4152 462 4196 omnes
490 4135 632 4215 gradus
659 4143 807 4196 exeunt.
853 4135 893 4195 Et
915 4134 1034 4196 duobus
1063 4144 1092 4196 et
1120 4109 1179 4196 uulf
1209 4135 1327 4195 nomina
1358 4135 1387 4194 in

113 4239 316 4316 comparatione
338 4236 480 4299 deliciunt
502 4245 552 4299 aut
573 4238 671 4300 littera
696 4247 728 4297 ut
755 4239 840 4317 peior
862 4245 911 4299 ant
937 4257 1026 4301 sensu
1051 4249 1083 4299 ut
1106 4237 1274 4298 mediocris.
1320 4235 1388 4296 ldoo

170 4529 183 4578 1
200 4527 414 4594 Comparationis]
436 4529 501 4580 Dan.
519 4545 547 4594 p,
568 4531 629 4590 art,
649 4530 681 4578 15
762 4532 778 4580 3
796 4527 931 4578 Sciendum
952 4555 982 4564 -
1004 4531 1033 4578 11
1053 4539 1234 4593 comparantur
1252 4527 1285 4588 cs.
1303 4541 1388 4577 comm

113 4593 208 4646 Ehcidt
226 4597 257 4647 11
274 4615 300 4662 p.
320 4599 509 4650 231,24-32
579 4599 609 4646 11
629 4595 679 4645 Sed
698 4594 903 4662 comparatiuns]
924 4597 989 4648 uon.
1006 4613 1033 4660 p.
1053 4599 1113 4658 374,
1135 4597 1166 4645 17
1238 4597 1268 4644 15
1284 4609 1390 4658 conspa-

114 4664 180 4712 ntiui
196 4665 288 4730 gradus
305 4691 339 4702 -—
360 4665 551 4716 tulissemus
569 4666 604 4728 cs.
623 4681 709 4716 comen.
731 4664 801 4715 Eius.
821 4682 846 4730 p.
864 4667 927 4726 231,
947 4667 1055 4716 33-35
1144 4666 1174 4715 19
1192 4659 1389 4729 Comparantur]

115 4729 170 4786 Dan,
185 4749 210 4797 p.
229 4737 288 4796 374,
307 4735 339 4782 17
424 4735 455 4782 21
475 4734 593 4783 i·omnia
614 4735 715 4783 nomina
737 4759 764 4768 -
784 4735 818 4782 24
835 4743 1016 4798 comparantur
1033 4733 1067 4794 rs.
1084 4749 1169 4786 nomm,
1191 4732 1263 4781 Eine.
1281 4747 1307 4794 p.
1326 4733 1390 4790 232,

115 4801 171 4848 1-5
232 4799 428 4868 tepefacta]
447 4803 482 4863 cs.
500 4817 585 4852 comm.
603 4800 676 4851 Eine.
695 4817 721 4866 p.
741 4804 833 4858 tata
902 4799 951 4849 Sed
972 4797 1036 4866 eron}
1057 4802 1122 4851 Bon.
1139 4816 1165 4865 p.
1184 4801 1290 4863 374,18
1357 4799 1390 4848 16

117 4863 141 4914 lit
155 4867 247 4919 duabus
265 4897 296 4906 -
316 4885 342 4935 p.
361 4869 443 4919 cxlv
462 4875 478 4920 t
495 4871 684 4936 comparatiuus
704 4871 739 4934 es.
757 4885 841 4924 eonem,
862 4869 935 4919 Eine.
952 4886 979 4934 p.
999 4872 1061 4932 232,
1081 4871 1166 4918 7—ta

179 4959 268 5002 (inu.
282 4971 336 5004 un.
349 4961 433 5004 Sum
1172 4953 1188 5004 lt
