3390 5444
573 377 720 432 conrcrs
740 377 944 434 aunuuusts
962 383 1004 432 aa.
1377 381 1435 444 181,

133 569 230 629 trabit
252 578 282 629 et
304 568 512 638 indicatiuum,
537 575 584 628 ut:
608 569 647 628 ‘si
669 567 798 628 mundus
820 586 873 629 uos
895 567 976 640 odit',
993 575 1035 629 ct:
1060 571 1098 631 ‘si
1112 587 1160 630 me
1175 571 1329 649 prosecuti
1344 573 1435 639 surrt’,

134 679 179 730 et:
206 671 249 731 ‘si
273 689 442 731 sermonem
466 687 564 730 urcum
587 661 814 739 seruaueru'nt',
839 679 882 732 et:
912 671 954 732 ‘si
976 670 1101 750 diligitis
1124 689 1187 740 me,
1210 670 1348 732 mandata
1370 689 1436 732 mea

133 774 232 833 sunt’.
270 769 352 832 Vnde
376 771 453 850 quod
477 772 507 833 in
531 789 587 832 una
612 771 721 833 dicitur
741 773 952 835 translatione:
980 773 1017 833 ‘si
1032 773 1204 850 iniquitates
1227 771 1438 834 obseruaueris

133 873 286 943 Domine',
310 875 340 934 in
362 873 418 934 alia
441 871 563 935 dicitur:
593 876 631 934 ‘si
654 874 822 954 iniquitates
844 872 1037 936 obseruabis’.
1085 874 1161 935 Hinc
1183 875 1212 934 in
1237 893 1294 936 una
1317 891 1436 955 quoque

104 976 286 1037 asententia
309 981 531 1054 nonnumquam
553 983 713 1057 utrumque
733 978 894 1057 reperitur,
917 984 965 1038 ut:
990 976 1025 1036 ‘si
1050 975 1123 1036 baec
1138 977 1218 1044 sitis,
1241 977 1319 1038 beati
1342 978 1435 1048 eritis,

132 1181 158 1240 si
183 1179 264 1250 sitit,
288 1187 389 1259 potum
413 1179 448 1240 da
472 1169 532 1240 ilii’
556 1188 617 1244 etet
636 1213 678 1224 -
707 1179 740 1241 ld
768 1195 886 1261 quoque
915 1183 1086 1259 frequenter
1115 1181 1264 1259 reperitur
1286 1182 1316 1240 in
1338 1183 1436 1261 poetis

131 1279 336 1352 abundanter,
361 1289 408 1342 ut:

341 1383 377 1446 Si
400 1383 490 1445 deus
513 1391 569 1444 est
590 1386 732 1445 animus
755 1383 862 1445 nobis
886 1393 924 1446 ut
945 1387 1110 1446 carmina
1133 1385 1265 1447 dicunt

95 1492 164 1545 net
344 1485 379 1546 Si
403 1484 492 1546 mibi
515 1502 607 1566 quae
630 1503 741 1565 posco
764 1488 991 1566 promittunt

131 1593 162 1648 et
342 1587 378 1648 Si
403 1585 713 1650 iratremPoiiux
736 1585 1026 1651 alternamento
1049 1587 1209 1650 redemit

131 1697 163 1750 et
342 1688 377 1748 si
399 1689 524 1767 potuit
546 1702 670 1750 manes
693 1704 891 1751 arcessere
914 1691 1086 1768 coniugis
1109 1689 1280 1769 Orpheus

131 1797 162 1851 et
340 1789 464 1852 Odere
487 1793 518 1852 si
542 1797 688 1870 potero,
713 1791 776 1852 sed
801 1809 869 1852 non
893 1793 1041 1852 inuitus
1063 1790 1200 1852 amabo.

131 1943 298 2005 Sciendum
321 1950 502 2014 esttamen,
527 1944 604 2024 quod
627 1943 827 2006 Prisc-iano
851 1952 977 2005 testante
1001 1953 1071 2006 tune
1094 1946 1144 2006 ‘si’
1162 1946 1287 2006 maxime
1310 1947 1432 2006 conium-

94 2047 213 2122 egitur
247 2046 452 2116 coniunctiuo,
486 2045 605 2126 quando
635 2046 788 2125 protertur
815 2045 996 2115 dubitatiue,
1030 2053 1100 2107 tunc
1131 2054 1228 2107 autent
1258 2044 1432 2115 indicatiuo,

128 2145 252 2227 quando
275 2148 488 2210 confirmatiue.
533 2147 612 2208 idem
636 2151 725 2209 etiam
748 2147 797 2228 fsi'
822 2156 881 2218 est,
905 2147 1023 2228 quando
1045 2151 1166 2228 ponitur
1190 2166 1244 2228 pro
1265 2149 1360 2216 ‘non’,
1385 2158 1432 2209 ut:

128 2250 169 2309 ‘si
193 2247 365 2324 introibunt
385 2252 418 2327 in
440 2250 574 2329 requiem
597 2251 717 2319 meam’‚
741 2259 784 2310 et:
808 2251 844 2310 ‘si
867 2248 959 2311 Dauid
983 2251 1133 2319 mentiar',
1158 2259 1202 2310 et:
1227 2250 1263 2308 ‘si
1286 2251 1434 2310 introiero
1463 2269 1470 2282 ’

129 2352 161 2409 in
185 2349 413 2412 tabernaculum
442 2351 548 2413 domus
571 2369 668 2420 meae,
698 2353 724 2410 si
747 2352 910 2413 ascendero
933 2350 961 2410 in
991 2349 1101 2411 lectum
1123 2352 1209 2410 strati
1232 2353 1309 2420 mei,
1333 2353 1358 2410 si
1382 2350 1433 2412 de·

129 2450 206 2512 dero
235 2469 373 2514 somnum
402 2453 495 2514 oculis
519 2456 609 2514 meis'
633 2461 678 2514 et:
703 2453 739 2513 ‘si
763 2452 927 2514 dimittetur
955 2451 1042 2514 uobis
1068 2455 1212 2533 iniquitas
1240 2453 1313 2512 baec
1336 2451 1432 2512 donec

91 2570 116 2610 ao
129 2554 331 2615 moriamini'.
377 2554 501 2616 Ponitur
523 2538 640 2636 quoque
663 2554 741 2614 idern
765 2556 815 2616 ‘si’
832 2571 888 2634 pro
903 2555 1030 2628 utinam,
1054 2562 1088 2615 ut
1109 2561 1155 2614 est
1175 2553 1246 2614 iliud
1263 2552 1431 2631 Virgilii:

140 2637 142 2644 ’
337 2656 373 2718 Si
395 2675 492 2718 nuuc
514 2675 551 2718 se
575 2657 683 2718 nobis
705 2657 771 2718 iiie
794 2674 928 2717 aureus
952 2654 1087 2717 arbore
1111 2672 1232 2716 ramus

336 2759 519 2821 Ostendat
540 2777 695 2820 nemore
718 2755 755 2820 in
778 2766 881 2820 tanto

129 2869 160 2921 et
183 2858 258 2936 iliud
275 2860 467 2938 Gregorii:
491 2862 526 2940 fo
548 2863 577 2921 si
599 2879 731 2940 sapere
754 2860 791 2921 in
813 2861 940 2922 cordis
963 2860 1088 2941 palato
1110 2859 1260 2940 possit’.
1306 2858 1432 2919 Ponitur

129 2965 221 3024 etiarn
246 2962 417 3042 frequenter
441 2969 471 3022 ot
493 2981 547 3042 pro
570 2960 750 3042 ‘numquid’‚
775 2970 807 3021 ut
829 2971 875 3024 cst
896 2959 983 3023 iliud:
1007 2950 1055 3022 ‘si'
1073 2961 1147 3022 haee
1170 2964 1209 3022 ita
1232 2979 1264 3022 se
1287 2957 1430 3048 babenti'

91 3182 115 3222 aa
219 3162 232 3244 ii
251 3165 270 3226 i.
284 3162 337 3226 llb
354 3161 368 3246 ΙΙ
392 3165 446 3226 ‘ne
469 3165 646 3245 proiundis’,
670 3164 745 3226 idest
767 3165 804 3226 de
826 3163 1088 3244 profunditatibus.
1128 3163 1231 3226 Solent
1253 3166 1331 3226 enirn
1355 3183 1428 3226 non·

129 3266 221 3337 nulii,
245 3267 511 3347 quotienscumque
533 3267 635 3345 legunt
658 3276 687 3328 et
709 3266 759 3328 ubi
782 3267 906 3328 audiunt
925 3269 1024 3328 nentri
1040 3269 1157 3347 generis
1173 3268 1301 3336 nomina,
1325 3285 1429 3346 supcr-

128 3371 204 3430 iluas
239 3377 270 3430 et
300 3372 418 3449 penitus
451 3371 645 3430 inconcinnas
679 3371 916 3448 incongruasque
953 3368 1178 3432 subauditiones
1210 3368 1327 3437 dicere,
1361 3385 1427 3429 cunr

128 3489 257 3552 prorsus
284 3473 313 3531 in
342 3472 507 3542 locutione,
536 3489 594 3550 qua
618 3488 672 3530 nos
695 3473 822 3539 utimur,
851 3470 906 3532 sub
930 3478 1035 3532 neutro
1058 3488 1170 3550 genero
1192 3469 1266 3530 nibil
1288 3467 1428 3530 subaudi·

128 3574 221 3634 tionis
245 3573 292 3634 uei
315 3573 402 3633 nobis
424 3572 470 3632 uei
494 3572 680 3650 auditoribus
704 3561 815 3633 uostris
839 3572 897 3636 uiio
921 3570 1008 3632 modo
1024 3565 1193 3633 ‘debeamus
1221 3571 1371 3649 ingerere,
1397 3579 1429 3632 ut

90 3692 115 3732 oo
129 3683 190 3734 est:
214 3672 297 3750 ‘quid
322 3681 366 3734 est
389 3674 445 3734 boc
468 3673 545 3754 quod
569 3675 709 3752 cogitasi'
733 3682 790 3734 etc.
1190 3667 1194 3678 '

218 3873 230 3959 ii
248 3875 268 3942 1.
286 3873 345 3962 123
362 3873 375 3960 j!
405 3877 596 3957 ‘Dispersio’
625 3877 744 3957 quidem
768 3886 798 3938 et
820 3878 1008 3955 ‘respersio’
1037 3875 1113 3937 bene
1142 3875 1294 3954 profertur
1316 3893 1370 3955 per
1394 3895 1426 3946 c;

127 3981 327 4059 ‘consparsio’
351 3989 451 4041 tamen
474 3981 566 4040 satius
589 3997 642 4058 per
665 3998 680 4041 a
703 3980 862 4060 profertur,
886 3979 974 4039 sicuti
996 3977 1142 4040 sciliceta
1158 3979 1280 4058 ‘patior’
1297 3985 1428 4038 mutatur

127 4081 318 4162 ‘perpetior',
342 4089 443 4143 manet
461 4082 665 4161 ,tcompatiort
711 4081 760 4164 Sic
783 4084 881 4160 itaque
904 4067 1114 4169 ‘consparsiolss
1136 4077 1214 4141 sicut
1237 4081 1427 4159 ‘compassio'

18 4223 21 4232 ι
129 4193 160 4244 et
182 4182 354 4262 ‘dispersio’
377 4185 442 4245 siue
465 4185 650 4264 ‘respersio',
674 4185 762 4245 sicuti
784 4181 982 4266 ‘perpessio'.
1027 4181 1092 4243 Non
1116 4177 1263 4263 excipitur
1285 4201 1301 4242 a
1325 4181 1427 4260 ‘lego’

89 4301 254 4348 asseruans
276 4304 292 4346 e
314 4285 408 4346 soium
431 4284 566 4365 ‘relego'‚
589 4287 657 4366 quia
680 4284 788 4346 dicitur
808 4283 943 4366 pariliter
966 4305 982 4346 a
1004 4284 1106 4363 ‘lego'
1129 4282 1258 4362 ‘delego'
1281 4283 1426 4363 ‘perlego’

127 4387 344 4467 ‘propterlego’
364 4386 504 4468 fseiego’
527 4386 685 4474 ‘sublege’
702 4383 913 4471 l‘subteriegofl
943 4405 977 4448 ac
999 4404 1053 4466 per
1076 4386 1133 4446 boc
1156 4387 1214 4446 rite
1236 4385 1376 4446 similiter
1398 4393 1428 4445 ct

198 4588 370 4656 accepti
390 4605 533 4640 sermonem
600 4599 780 4640 ‘seruauerunt
797 4601 821 4639 et
839 4605 854 4638 u
873 4587 927 4640 det
944 4591 966 4638 si
1052 4587 1174 4639 bireritis
1260 4587 1322 4639 esi
1342 4585 1423 4655 Deus]

128 4659 235 4710 Catonia
252 4659 311 4710 dut.
331 4659 381 4708 11
452 4659 483 4709 10
502 4656 527 4707 Si
549 4655 622 4724 mibi]
645 4658 723 4724 Verp.
742 4661 805 4711 Aen.
824 4657 869 4707 IX
886 4659 936 4707 191
1024 4658 1052 4705 11
1073 4655 1101 4705 Si
1120 4653 1236 4722 irutrem]
1259 4659 1338 4722 Verp.
1357 4657 1425 4708 Aen.

131 4726 174 4777 VI
193 4729 243 4777 121
312 4728 344 4777 ln
359 4725 389 4775 Si
409 4722 504 4791 potuit]
527 4727 605 4792 Verp.
625 4727 692 4776 Aen.
716 4726 758 4777 VI
776 4729 825 4776 119
894 4727 926 4776 1³
944 4724 966 4774 si
986 4723 1228 4774 norri·a·inuitus
1307 4727 1339 4775 14
1357 4723 1425 4773 Prie-

127 4792 215 4860 eiano]
234 4795 269 4857 cf.
289 4794 323 4845 11
339 4811 367 4860 p.
385 4796 445 4856 211,
458 4797 560 4860 tiraq.
580 4796 645 4856 249,
666 4799 751 4861 itaq.
827 4795 859 4843 21
879 4791 907 4860 §i
926 4789 1004 4858 nuuc]
1027 4791 1106 4858 Verp.
1126 4794 1192 4844 Aen.
1216 4791 1260 4843 VI
1275 4794 1325 4843 187
1393 4793 1426 4842 28

87 4885 89 4888 ·
129 4863 194 4912 nibil
210 4863 275 4931 nihii
344 4865 376 4915 ³2
394 4863 522 4932 muitatur
573 4899 575 4908 ,
