3400 5450
669 346 880 400 BERNENSIS.
1382 345 1424 409 89

124 537 232 606 ritor,
266 535 352 617 quid
382 535 434 596 sit
459 535 561 597 inter
589 533 884 597 indeclinabilia
912 543 948 596 et
978 541 1104 613 aptota
1134 542 1169 597 et
1197 542 1422 614 monoptota.

126 639 173 698 Et
192 639 383 699 sciendum
411 645 467 698 est
494 641 593 714 quod
613 646 648 699 et
674 644 808 714 aptota
831 645 865 698 et
886 644 1103 714 monoptota
1131 636 1422 698 indeclinabilia

125 746 225 810 sunt,
249 737 428 800 similiter
451 740 548 800 enim
570 757 641 800 non
665 741 815 801 uariant
837 739 1156 810 terminationem,
1179 739 1242 800 sed
1265 737 1423 800 inmobi-

124 840 196 901 lem
225 859 302 903 cam
330 849 495 902 seruant.
539 841 672 921 Aptota
695 849 815 902 ‘tamen
845 847 936 902 sunt
963 843 1116 921 proprie
1137 841 1309 911 dicenda,
1333 860 1423 922 quae

94 944 398 1004 anominatiuum
429 942 547 1004 solum
570 942 720 1012 habent,
752 945 813 1022 qui
841 943 1062 1022 plerumque
1085 951 1121 1004 et
1144 943 1344 1004 uocatiuus
1366 945 1423 1004 iu-

124 1045 278 1104 uenitur
301 1051 335 1105 et
356 1062 426 1105 non
450 1046 637 1124 accipitur
660 1046 772 1105 etiam
804 1063 870 1125 pro
901 1042 1071 1123 'obliquis
1103 1044 1266 1119 casibus,
1298 1051 1336 1105 ut
1362 1045 1424 1105 bic

124 1144 296 1226 luppiter
319 1152 355 1206 et
375 1165 393 1206 o
417 1147 606 1226 luppiter,
629 1146 687 1206 bio
710 1145 899 1226 Diespiter
923 1144 1204 1226 etolliespiter.
1243 1146 1423 1208 Neutrum

125 1265 231 1318 uero,
255 1247 284 1307 si
307 1249 356 1308 sit
378 1255 566 1328 aptatum,
590 1249 811 1311 necessario
835 1249 945 1308 etiam
967 1265 1032 1326 pro
1056 1249 1277 1310 accusatiuo
1300 1254 1337 1310 et
1360 1267 1422 1309 uo·

125 1349 249 1410 catiuo
265 1351 454 1427 accipitur
471 1348 582 1410 buius
598 1351 870 1421 nominalium,
886 1349 984 1428 qood
999 1347 1174 1428 generale
1193 1355 1248 1410 est
1263 1350 1422 1411 omnium

83 1467 110 1506 ιο
124 1460 357 1521 neutrorum,
382 1459 419 1513 ut
441 1451 509 1512 boc
531 1452 586 1512 las
609 1452 675 1513 boc
698 1452 803 1514 netas
826 1451 895 1512 hoc
917 1452 974 1512 las
995 1450 1063 1512 hoc
1085 1453 1191 1514 naias
1213 1471 1230 1513 o
1253 1452 1308 1514 las
1330 1470 1347 1514 ο
1366 1469 1423 1513 ne·

120 1553 196 1626 sas.
228 1553 442 1632 llouoptota
466 1571 556 1614 uero
578 1559 678 1624 sunt,
696 1571 786 1632 quae
809 1573 874 1634 pro
898 1555 996 1615 omui
1019 1571 1106 1614 casu
1129 1571 1198 1614 una
1221 1553 1423 1631 eademque

124 1656 398 1716 terminatione
432 1656 655 1734 iunguntur,
688 1655 812 1736 qualia
846 1663 932 1716 sunt
964 1656 1110 1718 nomina
1143 1654 1357 1717 litterarum
1386 1663 1422 1716 et

123 1775 362 1819 numerorum
386 1775 402 1816 a
425 1765 603 1838 quattuor
626 1777 742 1839 usque
765 1757 806 1818 ad
829 1765 993 1825 eentum;
1023 1756 1126 1820 mille
1148 1776 1294 1838 quoque
1315 1758 1423 1820 inde·

124 1857 308 1920 clinabile
336 1865 392 1920 est
418 1866 453 1920 et
472 1861 581 1934 siqua
603 1861 856 1921 inueniuntur
877 1862 1039 1939 similia,
1066 1865 1105 1920 art
1127 1857 1195 1919 boc
1217 1877 1232 1919 a
1256 1859 1367 1921 huius
1390 1881 1421 1937 a,

84 1960 193 2022 roboc
216 1960 286 2022 alla
309 1962 421 2023 liuius
443 1959 532 2031 alla,
568 1961 603 2021 nt
627 1967 810 2039 quattuor
832 1961 960 2022 horum
988 1966 1183 2040 quattuor,
1218 1961 1254 2021 bi
1276 1971 1365 2042 quot
1388 1970 1425 2024 et

124 2062 254 2124 borum
277 2070 380 2144 qarot,
403 2063 440 2124 bi
464 2070 519 2124 tot
539 2064 668 2125 borum
692 2071 761 2133 tot,
791 2071 826 2124 ct
847 2064 878 2124 si
901 2080 969 2142 qua
992 2063 1244 2124 inueniuntur
1267 2064 1422 2135 similia,

124 2175 164 2226 ut
192 2164 260 2227 hoo
283 2169 417 2244 gummi
448 2166 558 2227 buius
580 2167 729 2244 gummi,
760 2164 828 2225 boc
856 2165 980 2244 sinapi
1007 2165 1118 2226 buius
1147 2167 1288 2242 sinapi.
1333 2167 1422 2227 ltem

123 2266 184 2327 bie
207 2276 243 2327 et
266 2267 357 2328 haec
380 2273 415 2328 et
429 2265 496 2329 boc
512 2285 675 2346 nequam.
705 2267 780 2328 Sunt
795 2284 865 2344 ergo
880 2265 993 2356 lormae
1007 2266 1140 2328 casuales
1152 2285 1219 2328 sex:
1242 2277 1424 2348 monoptota,

123 2387 201 2446 quae
233 2388 289 2430 una
322 2369 532 2430 terminatione
559 2387 614 2448 per
641 2387 745 2430 omnes
778 2367 1065 2462 casuaxlunguotur,
1095 2377 1127 2430 ut
1155 2387 1283 2447 nequam
1310 2373 1425 2449 gumini

84 2485 111 2525 ao
125 2469 213 2550 alpha
230 2470 298 2532 bota
315 2488 409 2531 cornu
432 2479 571 2548 quattuor
594 2488 660 2540 sex,
684 2480 715 2530 et
736 2470 809 2532 baec
832 2471 951 2544 uomina
976 2472 1106 2542 numeri,
1130 2489 1205 2551 quae
1228 2479 1298 2533 sunt
1320 2491 1423 2534 mono-

123 2581 204 2653 ptota
226 2572 275 2634 uel
296 2571 532 2644 indeclinabilia,
555 2573 808 2634 communissent
830 2574 920 2634 trium
943 2590 1098 2651 generum,
1121 2580 1154 2633 ut
1176 2572 1224 2634 hic
1248 2581 1277 2635 et
1298 2573 1373 2636 baec
1395 2582 1425 2636 et

123 2676 183 2736 boe
206 2681 354 2755 quattuor:
378 2676 420 2735 sic
442 2675 572 2755 quinque
595 2693 645 2736 sex
669 2683 698 2735 et
721 2675 861 2753 deinceps
884 2674 1029 2753 usquead
1045 2661 1179 2744 eentum;
1203 2673 1283 2736 mille
1307 2692 1425 2756 quoque

124 2762 283 2838 comm'une
300 2785 344 2836 est
358 2779 447 2839 trium
463 2794 617 2856 generum.
661 2777 715 2838 llis
737 2776 882 2857 quidam
907 2776 1017 2839 addunt
1038 2776 1088 2838 illa
1110 2778 1242 2848 nomilia,
1266 2795 1341 2856 quae
1364 2788 1423 2840 tarn

126 2898 217 2959 uoce,
247 2897 334 2960 quam
362 2880 577 2958 signiticatioue
608 2896 699 2940 unum
728 2896 827 2939 casum
858 2877 981 2950 babent,
1012 2887 1044 2940 ut
1065 2869 1236 2941 huiusmodi
1257 2880 1423 2941 istiusmodi

84 2991 157 3043 sset
180 2981 395 3044 huiuscemodi.
440 2981 513 3042 ltem
536 2980 581 3042 las
609 2979 691 3042 nefas
718 2998 811 3059 nugas
839 2990 944 3061 sponte
976 2980 1044 3042 tabo
1077 2989 1147 3042 natu
1180 2981 1293 3043 ditione
1323 3000 1423 3062 caepe.

125 3085 244 3164 lliptota
273 3090 355 3154 suut,
384 3085 415 3145 in
438 3081 544 3162 quibus
566 3083 625 3145 duo
649 3101 735 3144 casus
756 3091 827 3145 sunt
847 3089 975 3156 tantum,
1004 3089 1037 3144 ut
1059 3082 1121 3143 lors
1143 3083 1233 3153 sorte,
1263 3082 1323 3145 tabi
1347 3083 1424 3155 tabo

125 3189 223 3249 tricem
246 3189 321 3247 uice.
359 3185 422 3246 atta
446 3187 581 3265 triptota,
606 3185 636 3244 in
660 3183 767 3261 quibus
789 3190 849 3246 tres
872 3203 958 3246 casus
981 3184 1185 3255 inueniuntur,
1209 3194 1241 3247 ut
1262 3186 1339 3264 trogi
1362 3188 1425 3248 iru-

125 3307 193 3368 gem
216 3289 310 3366 fruge.
356 3287 552 3347 Vetustissimi
582 3291 680 3347 tamea
703 3293 734 3347 et
755 3286 822 3348 trux
851 3286 952 3365 fruges
981 3287 1196 3348 nominatioum
1224 3288 1439 3367 protulerunt

125 3391 159 3451 ln
183 3408 240 3470 qua
262 3390 357 3450 lorma
381 3395 449 3450 sont
470 3389 571 3450 omnia
593 3398 699 3450 neutra
728 3389 846 3450 nomina
870 3389 1019 3450 secundae
1042 3380 1249 3452 declinationis
1271 3392 1302 3451 in
1324 3391 1424 3470 singu-

86 3492 184 3552 olari
199 3509 325 3553 numero
347 3491 443 3551 inum
467 3488 516 3569 uel
537 3492 567 3552 in
590 3492 651 3552 ium
675 3499 705 3552 et
726 3492 757 3551 in
773 3509 840 3552 eum
864 3490 1041 3568 desinentia,
1064 3498 1098 3551 ut
1117 3490 1271 3570 templum¹
1284 3491 1424 3570 gaudium

125 3594 268 3671 ligneum.
313 3592 393 3653 llaec
416 3592 494 3653 enim
518 3599 578 3654 tres
600 3593 710 3654 lormas
739 3590 863 3663 babent,
893 3593 951 3653 hoc
979 3599 1025 3654 est
1045 3594 1076 3652 in
1099 3611 1162 3662 om,
1186 3592 1218 3653 in
1240 3595 1260 3669 i,
1283 3595 1315 3654 in
1338 3613 1371 3665 o,
1396 3601 1427 3655 et

126 3696 227 3756 omnia
249 3695 367 3756 nomina
389 3700 496 3755 neutm
518 3696 625 3756 tertiae
641 3693 845 3756 declinationis
867 3696 898 3754 iu
915 3714 931 3755 e
947 3694 1122 3772 desinentia,
1146 3713 1223 3774 quae
1238 3702 1299 3756 tres
1316 3696 1427 3758 lormas

125 3795 246 3867 babent,
270 3796 327 3858 boc
350 3803 396 3858 eat
417 3798 447 3870 in
463 3816 482 3863 ,e
504 3798 535 3857 iu
558 3799 583 3857 is
605 3799 636 3858 in
652 3797 671 3866 i,
696 3805 728 3857 ut
743 3795 877 3858 mirabile
900 3795 1047 3858 mirabilis
1062 3781 1204 3868 mirabili,
1229 3805 1258 3858 et
1272 3799 1303 3858 in
1318 3797 1430 3877 plurali

125 3909 186 3961 tam
208 3901 241 3961 iu
264 3897 404 3967 secunda,
426 3895 437 3979 ΙΙ
454 3897 473 3958 1.
491 3893 551 3960 93⁸
567 3895 578 3980 ΙΙ
602 3917 690 3978 quam
713 3899 743 3960 in
767 3900 852 3960 tertia
875 3899 956 3960 etin
979 3905 1084 3979 quarta
1108 3899 1306 3960 declinatione
1328 3901 1425 3961 omnia

87 4015 113 4055 ³⁵
126 4009 233 4063 neutra
256 3998 380 4080 pluralia
403 4001 523 4080 triptota
540 4009 618 4071 sunt,
642 4009 674 4062 ut
690 3999 797 4081 templa
814 3999 992 4080 templorum
1014 4001 1148 4081 templis,
1172 4001 1214 4062 sic
1230 4000 1329 4061 sidera
1349 3999 1426 4061 side-

126 4123 193 4166 rum
210 4101 361 4164 sideribus
377 4105 407 4164 ia
423 4104 511 4163 tortia
534 4100 747 4172 declinatione,
771 4104 854 4164 etita
876 4121 986 4164 cornua
1004 4122 1148 4164 cornuum
1163 4101 1314 4164 cornibus
1351 4102 1424 4163 Nam

126 4209 157 4266 iu
179 4207 282 4283 quitata
305 4201 503 4266 declinatione
524 4211 630 4267 neutra
651 4223 712 4265 uon
732 4203 891 4266 habentur.
933 4186 971 4265 El
989 4206 1019 4266 in
1040 4206 1096 4266 hac
1117 4206 1212 4267 lorma
1236 4211 1306 4266 sunt
1327 4207 1425 4266 omnia

128 4341 364 4352 ..-.-.-..—---

197 4424 389 4476 ldeclinabilia
470 4425 686 4476 oblectandum
704 4451 734 4460 -
755 4435 903 4491 monoptota
920 4441 968 4477 om.
1038 4425 1135 4477 3siml
1202 4427 1342 4492 iproprie
1411 4428 1427 4476 b

128 4495 274 4545 rrooatiuom
327 4493 454 4544 bobliuia
507 4493 1228 4560 7iupiter‚diadiospiteretodiospatcr,corn-piton
1281 4493 1427 4544 lOooelaa

129 4567 158 4613 11
177 4571 303 4612 uersuut
355 4564 386 4613 13
404 4563 525 4624 quatluor
577 4564 609 4612 14
627 4572 651 4612 et
663 4562 737 4624 siqua
750 4562 914 4612 inueniuntur
926 4562 1017 4612 similia
1030 4577 1077 4614 om.
1119 4563 1165 4615 ,lb
1177 4561 1212 4611 lut
1225 4571 1343 4624 quattuor
1396 4564 1427 4612 17

127 4631 203 4681 buius
222 4630 309 4694 sinapi
327 4645 374 4680 om.
427 4632 459 4682 18
477 4629 558 4680 forme
575 4629 706 4680 cussuoles
777 4632 808 4681 19
827 4645 882 4679 oms
901 4645 991 4680 cassus
1059 4632 1093 4681 20
1111 4629 1158 4680 bec
1209 4629 1249 4678 uel
1267 4628 1427 4679 declinabilie

128 4698 317 4749 ‘ticummunia
368 4697 512 4762 23'qoidcm
565 4713 629 4748 crece
647 4713 697 4760 que
748 4701 780 4748 24
798 4712 900 4748 cassum
951 4700 985 4749 25
997 4707 1090 4764 sponte
1101 4694 1172 4761 tabo]
1191 4697 1226 4760 cf.
1240 4697 1390 4748 Consentiam
1401 4715 1427 4762 p.

130 4769 233 4828 357,16
268 4763 435 4832 caepe]eope
480 4767 613 4817 accessus
657 4769 789 4817 bloassus
841 4767 1056 4817 tflrrctrrstiasimo
1091 4766 1221 4832 protuller.
1273 4767 1428 4818 29seounde

128 4835 309 4887 aodeatnensc
360 4831 468 4886 attrahi
511 4835 628 4887 32tertie
679 4838 712 4887 33
725 4835 751 4884 in
763 4834 803 4886 lus
855 4835 888 4887 36
900 4844 925 4884 ot
936 4831 983 4902 ita]
999 4835 1055 4886 An:
1074 4844 1099 4886 et
1110 4833 1136 4885 in
1149 4834 1256 4898 quartat
1292 4834 1429 4888 bibebant
