3420 5450
319 356 452 404 Lxxxvl
719 341 787 394 Ans
806 341 983 394 ANONYMA
1001 341 1214 394 BERNENSIS.

318 533 434 592 initium
468 533 618 608 capimus,
651 535 737 592 cuius
769 533 853 591 locus
882 531 1067 606 praeclarus
1095 531 1132 590 de
1154 531 1385 606 pronominibus
1409 533 1502 605 finitis
1528 541 1603 594 estat

312 653 347 709 p.
372 641 437 704 135,
463 641 565 707 t—-s,
601 651 659 710 qno
686 635 783 694 medio
805 635 894 707 quasi
914 635 976 693 sole
997 630 1160 708 superfuso
1187 635 1341 693 illustrari
1366 635 1464 706 uides,
1495 651 1602 708 quaen

320 737 461 796 Cledonio
479 753 513 811 p.
529 744 578 814 50,
595 743 613 794 8
628 739 661 796 ll
680 753 740 796 nan
763 738 823 796 nisi
842 737 970 795 strictim
992 738 1183 810 munificato,
1207 736 1384 812 aPampeio
1407 753 1480 796 uero
1499 753 1532 811 p.
1548 744 1603 814 tot,

319 847 337 896 5
359 842 390 900 K
410 841 484 898 sotis
511 839 633 898 obscure
658 847 808 898 enarrata
835 845 920 909 sunt,
952 845 983 897 ut
1011 840 1085 912 quid
1113 839 1230 899 Plinius
1257 840 1320 913 epse
1347 840 1504 912 ualuisset,
1533 848 1605 899 recte

316 942 452 1014 intellepi
481 943 628 1015 nequiret.
683 940 873 1002 Venerabilis
903 955 999 1015 parra
1034 941 1191 1000 Aurelii
1227 939 1347 1016 Opilii
1380 942 1440 1000 uel
1476 938 1606 1016 Opillii

318 1046 484 1104 auctoritas
505 1049 550 1102 est
566 1060 601 1119 p.
628 1049 674 1112 ts,
699 1050 738 1101 tt
761 1044 998 1118 participiorum
1025 1050 1054 1101 et
1078 1044 1231 1110 nominum
1258 1044 1388 1102 eiusdem
1415 1045 1499 1102 uncis
1526 1044 1604 1118 diffe-

319 1147 449 1206 rentiam
473 1144 624 1213 docentis,
648 1161 734 1219 quern
752 1151 880 1219 praeter
898 1145 1067 1204 Varronem
1084 1146 1211 1204 Gellium
1234 1145 1403 1206 Oborisium
1426 1144 1605 1206 Fuscianum

317 1266 336 1308 a
356 1249 557 1323 posteriorum
580 1253 746 1324 temporum
767 1249 977 1321 prammuticis
999 1247 1165 1306 adhibitum
1184 1245 1282 1318 fuisse
1303 1249 1417 1307 nullum
1437 1263 1483 1306 me
1497 1251 1608 1308 memini

316 1353 413 1410 locum
440 1351 595 1424 inuenire,
628 1351 687 1409 nisi
711 1365 791 1423 quae
816 1351 984 1408 scandice
1013 1350 1158 1409 Vossiano
1180 1355 1217 1407 37
1239 1366 1320 1410 saec.
1342 1351 1374 1410 Χ
1401 1352 1551 1425 excerpsit
1572 1351 1604 1410 H.

317 1454 435 1512 Koilius
455 1467 583 1527 promm.
607 1451 675 1511 Lot.
706 1453 783 1525 Vp.
809 1456 876 1522 328,
902 1457 929 1509 S.

892 1699 972 1764 Onu.
994 1697 1040 1765 ΙΙ.

473 1819 531 1884 DE
554 1818 677 1892 LOCIS
700 1817 957 1896 QVIBVSDAM
980 1817 1159 1884 CLAVDII
1181 1819 1462 1887 SAOERDOTIS.

404 1964 471 2023 Iam
500 1963 538 2022 de
563 1963 637 2021 locis
666 1959 841 2036 quibusdam
865 1959 987 2021 Claudii
1006 1960 1181 2022 Sacerdotis
1202 1963 1286 2024 nobis
1313 1963 1530 2038 disputandum
1556 1973 1605 2038 ast,

317 2083 402 2141 quem
430 2067 528 2125 uirum
557 2065 587 2124 iu
610 2072 677 2122 arte
697 2079 849 2140 anonyma
871 2062 1024 2123 Borneasi
1044 2065 1201 2138 quinquies
1221 2067 1284 2125 solo
1313 2065 1451 2125 ‘Claudii
1456 2067 1466 2094 '
1496 2070 1609 2128 nomine

313 2168 490 2243 praeposito
511 2167 669 2226 laudatum
692 2181 803 2225 renero
819 2180 881 2240 pro
895 2165 1023 2226 Claudio
1038 2164 1205 2226 Sacerdote
1225 2169 1425 2241 prammatico
1439 2167 1611 2228 Dositbeani

316 2269 390 2329 libri
408 2269 624 2344 porndipmnte
641 2266 764 2340 famoso
785 2266 953 2328 babendum
975 2283 1053 2341 esse,
1085 2269 1171 2328 cuius
1198 2269 1344 2328 librorum
1373 2270 1501 2330 duorum
1519 2269 1610 2344 frop—

317 2377 446 2430 mcnlum
469 2371 507 2429 ab
522 2369 688 2429 editoribus
705 2366 981 2429 Vindobonensibus
1003 2387 1043 2428 ecc
1064 2369 1167 2429 codice
1189 2377 1303 2430 uelttsto
1324 2361 1467 2432 Bobiensi
1481 2375 1611 2448 primum

313 2474 433 2550 publici
458 2474 533 2532 iuris
557 2471 677 2545 suctum
706 2478 763 2543 est,
793 2487 833 2531 eu
861 2473 898 2531 iis
926 2471 1071 2545 eflicitur,
1102 2488 1180 2546 quoe
1208 2472 1245 2531 de
1272 2475 1441 2534 nominibus
1468 2492 1485 2534 c
1515 2475 1611 2535 littera

319 2573 487 2636 terminatis
509 2581 600 2649 atoue
621 2574 659 2634 de
679 2575 745 2649 ipso
768 2574 841 2633 ‘lac’
864 2574 1014 2634 uocabulo
1036 2575 1074 2633 ab
1097 2581 1221 2650 utroque
1242 2575 1397 2650 disputata
1418 2583 1502 2636 sunt:
1610 2627 1612 2632 .
1686 2581 1687 2600 ³

318 2715 373 2774 Ars
405 2728 551 2791 anorryma
581 2709 742 2770 Beruensis
764 2728 793 2788 p.
819 2705 894 2779 120,
917 2705 951 2769 3:
1133 2713 1187 2771 An.
1205 2709 1330 2771 Vindob.
1354 2729 1380 2788 p.
1403 2707 1460 2771 47:

362 2830 394 2891 ln
418 2849 434 2890 c
457 2847 549 2890 unum
572 2847 680 2889 nomen
710 2837 847 2888 nerrtrum
870 2829 952 2888 inue-
1023 2827 1164 2890 Clittcra
1187 2847 1279 2890 uuum
1303 2848 1411 2890 nomen
1435 2832 1537 2910 reperi
1557 2837 1612 2890 ter·

320 2935 410 3004 nitur,
428 2939 460 2992 ut
475 2929 520 2991 lae
536 2930 628 2991 lactis.
653 2929 807 2991 Claudius:
831 2947 952 2990 cunum
981 2932 1124 2992 minatum
1140 2934 1258 3010 generis
1275 2934 1388 3001 neutri,
1404 2932 1613 2994 declinationis

319 3052 429 3096 nomen
467 3041 568 3094 contra
612 3031 744 3111 regulam
790 3031 1086 3112 euphoniaenernae
1113 3035 1137 3094 is
1165 3035 1277 3094 iaciens
1310 3035 1449 3112 genetiuo
1482 3033 1541 3095 hoc
1571 3033 1612 3094 lac
1685 3045 1686 3089 t

321 3154 409 3198 cerusa
433 3135 636 3204 terminatum,
661 3143 693 3196 ut
708 3133 768 3208 lac,
792 3134 870 3213 quod
887 3136 952 3212 qui·
981 3135 1070 3196 huius
1092 3131 1185 3196 lactis.
1230 3135 1351 3198 Plautus
1379 3135 1434 3196 hoa
1465 3134 1543 3198 lacte
1565 3155 1613 3216 po·

320 3239 387 3299 dam
416 3238 505 3298 nimia
535 3238 708 3317 quaestione
738 3243 952 3304 tractauerunt3
980 3239 1055 3298 snit:
1085 3233 1176 3299 ‘sicut
1197 3237 1272 3299 lacte
1295 3237 1363 3300 lacti
1386 3237 1507 3300 simile?
1546 3237 1612 3309 Oui-

320 3359 388 3402 nam
410 3338 548 3420 plerique
577 3346 759 3418 putauerunt
780 3337 873 3398 ‘lact'
896 3337 954 3398 dici
981 3338 1048 3400 dam
1080 3347 1185 3417 putant
1217 3341 1275 3402 hoc
1311 3339 1370 3400 lact
1400 3339 1514 3402 debere
1548 3341 1612 3401 dici.

319 3443 432 3503 adiecta
461 3451 480 3501 t.
506 3441 612 3502 Varro:
643 3439 705 3501 ‘lan
728 3457 787 3502 non
810 3438 954 3500 debemus
981 3440 1038 3501 Sed
1057 3449 1173 3522 errant3
1197 3441 1312 3504 duabus
1335 3443 1414 3504 enirn
1438 3444 1530 3503 mutis
1553 3440 1612 3502 nul·
1684 3435 1685 3440 ’

320 3545 437 3614 dicere,
466 3543 517 3604 sed
546 3542 625 3603 lact’.
671 3543 790 3603 Caesar:
820 3541 1041 3641 ‘nullum'lum
1065 3560 1173 3604 nomen
1196 3546 1350 3605 terminari
1372 3553 1479 3624 potest
1516 3546 1613 3621 Vergi·

321 3663 430 3708 nomen
474 3643 587 3706 duabus
629 3646 720 3706 mutis
756 3646 952 3707 terminatur!
980 3645 1054 3706 lius:
1092 3645 1155 3706 ‘lac
1183 3645 1253 3707 mihi
1276 3663 1335 3708 non
1359 3653 1470 3708 aestate
1495 3665 1612 3714 nonunt.

322 3749 475 3828 Superest,
492 3754 525 3808 ut
540 3764 699 3825 sequamur
714 3747 847 3826 regulam
859 3745 953 3808 Plauti
982 3764 1040 3808 non
1062 3747 1176 3825 frigore
1192 3749 1285 3809 delit’
1322 3749 1358 3810 Et
1379 3748 1548 3811 declinatur
1563 3767 1613 3810 nu·

323 3859 353 3911 et
376 3849 510 3910 dicamus
532 3847 642 3919 ‘lacte’,
666 3867 722 3926 qua
746 3850 953 3910 terminatione
982 3867 1065 3910 mero
1103 3850 1305 3913 tantummodo
1347 3850 1510 3930 singulari:
1550 3868 1613 3911 nani

320 3971 391 4014 tusus
406 3960 452 4014 est
467 3951 552 4014 Cato:
584 3950 727 4013 ‘luitalia
750 3958 829 4012 atras
851 3969 954 4032 capras
982 3950 1060 4029 quod
1093 3950 1213 4015 Plautus
1246 3951 1337 4014 lactes
1371 3956 1473 4031 posuit
1507 3971 1614 4033 genere

321 4054 397 4117 lecte
419 4052 669 4116 albumlrsbere!
700 4053 757 4114 Sed
779 4071 850 4115 usus
865 4054 1158 4141 ratio-‚mascnlinn
1195 4073 1320 4117 numero
1351 4052 1476 4134 plurali,
1514 4073 1573 4116 non
1599 4073 1614 4114 a

321 4176 388 4218 nem
407 4159 486 4227 uicit,
505 4154 1163 4234 ut‘lsc'potiusdicatnriuxta⁴uominatiuo
1192 4157 1248 4218 hoc
1279 4156 1324 4218 lac
1358 4154 1407 4220 nel
1440 4157 1498 4218 hoc
1533 4157 1613 4226 lacte,

321 4258 392 4319 illud
416 4259 560 4326 Maronis:
966 4186 1030 4327 ised
1049 4258 1089 4318 hii
1105 4258 1196 4320 laetos
1212 4277 1337 4320 numero
1360 4279 1478 4340 semper
1499 4259 1614 4342 plurali.

364 4361 422 4423 Lac
444 4360 517 4422 milri
540 4379 599 4422 non
621 4329 731 4421 scitata
754 4379 873 4430 nonium,
894 4358 1056 4429 trutissant
1078 4371 1174 4422 eutem
1199 4363 1290 4424 lactes
1311 4362 1405 4443 parus
1427 4367 1565 4443 corporis
1587 4365 1614 4422 in

538 4463 648 4541 frigore
671 4462 750 4523 dein.
965 4432 1127 4551 :intestinis
1148 4466 1372 4544 pinguissimae.

322 4565 358 4625 Et
380 4567 523 4626 remansit
545 4564 594 4626 illa
618 4565 810 4626 consuetudo.
965 4565 967 4664 f

322 4701 439 4762 Nonum
465 4700 564 4776 ipitur
591 4701 677 4763 uides
704 4701 903 4764 testimonium
932 4701 1061 4763 ornrtium
1084 4701 1348 4779 locupletissimum
1375 4702 1438 4764 illis
1461 4705 1554 4774 addi,
1583 4707 1617 4764 de

323 4803 429 4880 quibus
451 4803 634 4866 Bitscbelius
656 4804 727 4866 olim
749 4803 909 4888 (opusculo
931 4805 968 4865 ll
986 4823 1017 4880 p.
1043 4812 1101 4864 330
1121 4823 1146 4866 s.
1172 4809 1338 4884 uitabit)
1363 4805 1553 4883 disputauit,
1576 4805 1615 4878 cs.
