3394 5448
317 390 406 439 CCXL
473 453 478 460 .
772 378 821 427 DE
840 377 1027 428 suentem
1044 378 1149 430 ARTE.

312 567 363 645 qui
386 566 527 646 quinque,
552 571 581 624 et
603 581 707 624 ornnes
730 563 792 624 lere
814 565 999 642 grammatici
1021 571 1134 644 partem
1159 567 1223 625 'esse
1246 567 1377 626 nominis
1404 567 1511 645 pariter
1529 585 1583 628 cou-

313 659 473 712 senserunt
495 651 525 711 in
549 657 672 718 tantum,
697 658 728 710 ut
751 667 806 709 neo
828 667 929 720 suum,
953 649 1005 710 seel
1028 651 1156 711 nominis
1178 657 1263 728 gerat
1284 650 1430 719 cilicium,
1460 669 1510 712 nec
1529 671 1542 712 a
1559 671 1583 712 se

312 734 419 796 lrabeat
442 737 606 815 proprium,
631 733 683 795 sed
706 751 721 794 a
746 737 866 795 nomine
888 753 974 795 suurn
998 735 1154 796 contrabat
1176 753 1294 795 numen.
1334 735 1412 814 Ergo
1429 739 1584 798 rectecuius

311 839 380 900 pars
402 839 467 882 esse
490 819 642 899 probatur.
667 818 746 880 illius
768 838 890 880 necesse
913 829 966 890 est,
991 830 1022 880 ut
1045 819 1153 880 babeat
1175 839 1285 880 casum.
1324 820 1360 880 m
1381 822 1449 882 ideo
1471 822 1583 884 dicisola

267 935 270 942 v
310 907 404 986 possit
426 909 579 966 nominum
604 923 672 984 pars
695 907 853 966 ‘orationis
874 923 942 965 cum
965 910 1058 975 casu’‚
1083 905 1160 984 quod
1183 924 1244 966 nou
1267 904 1353 968 alteri
1377 909 1462 986 parti,
1484 907 1601 968 sedistis

311 991 366 1052 soli
389 989 564 1052 naturaliter
587 999 699 1051 tantum
722 990 839 1059 accidit,
865 998 897 1050 ut
918 990 1026 1051 habeat
1047 1007 1156 1051 casum.

332 1178 406 1240 Cur
434 1178 575 1240 (licitur
598 1195 731 1238 nornen
759 1195 897 1258 corpus
920 1185 983 1239 aut
1004 1196 1079 1238 rem
1108 1179 1267 1257 proprie
1289 1178 1570 1240 communiterue

801 1279 1028 1358 significans
1049 1278 1120 1340 Vll.

396 1399 428 1461 lu
452 1399 506 1462 hac
529 1398 615 1460 breui
639 1399 808 1460 delinitione
831 1401 920 1459 totius
942 1399 1045 1461 muudi
1069 1400 1187 1460 nomina
1215 1398 1381 1478 corporalia
1411 1409 1442 1459 et
1468 1402 1584 1480 incorpo-

310 1483 398 1556 ralia,
428 1485 547 1564 propria
576 1492 604 1544 et
626 1483 801 1564 appellatura
825 1486 1005 1546 coniunctim
1034 1486 1220 1564 strictimque
1242 1484 1474 1563 conprehendit:
1502 1488 1528 1546 iu
1548 1504 1611 1554 equ

311 1569 390 1651 quod
413 1569 486 1631 dixit
508 1571 652 1649 ‘corpus’‚
676 1569 839 1649 corporalia
864 1571 981 1631 nomina
1005 1568 1142 1647 intellege
1164 1571 1251 1640 dicta,
1275 1578 1306 1630 ut
1329 1579 1375 1630 est
1389 1570 1500 1632 caelum
1522 1579 1585 1631 terra
1668 1615 1669 1618 η

313 1657 391 1734 ignis
413 1674 488 1735 aqua
512 1663 541 1716 et
563 1661 661 1716 cetura
684 1673 842 1734 torporem
871 1657 902 1716 iu
932 1673 981 1723 eo,
1012 1655 1090 1732 quod
1115 1653 1267 1716 subiunxit
1289 1657 1386 1725 ‘rem’,
1410 1655 1584 1736 incorporalia
1663 1618 1669 1709 l

312 1743 432 1802 nomina
460 1739 600 1818 intellege
627 1740 721 1809 dicta,
753 1747 785 1800 ut
813 1747 857 1800 est
884 1741 992 1801 caritas
1020 1740 1158 1818 gaudium
1181 1757 1239 1819 pax
1261 1739 1468 1820 longanimitas
1490 1741 1586 1801 bouitas

312 1826 479 1905 benignitas
502 1833 531 1886 et
546 1835 644 1886 cetera
661 1825 877 1904 incorporalia;
900 1827 930 1884 in
948 1844 991 1896 eo,
1016 1826 1093 1905 quod
1110 1825 1182 1886 ‹lieit
1197 1827 1329 1905 ‘proprie
1343 1828 1585 1892 communiterue'.

312 1913 465 1991 proprium
494 1913 729 1990 uniuscuiusque
757 1928 883 1982 nomen,
912 1929 971 1990 quo
999 1919 1138 1979 uocatur,
1168 1911 1298 1971 ostendit
1328 1918 1356 1971 et
1386 1910 1613 1990 appellatiuumn

312 2001 377 2076 quo'
392 1995 571 2075 generaliter
595 1996 768 2076 appellatur,
792 1997 931 2056 insinuat.
971 1995 1104 2075 Exempli
1121 1997 1214 2073 gratia
1236 1997 1261 2056 si
1277 1995 1359 2056 dicas
1375 1995 1497 2057 bllcbael
1511 1996 1586 2058 adan

313 2082 373 2142 Eua
397 2080 545 2142 Abrabam
575 2080 672 2160 lsayas
701 2079 840 2141 Salomon
868 2079 972 2142 Petrus
996 2083 1176 2159 Augustinus
1198 2080 1338 2159 Virgilius
1360 2079 1453 2142 Roma
1477 2081 1586 2149 Tiberis,

312 2167 432 2247 propria
455 2175 532 2234 sunt,
556 2166 579 2226 si
603 2185 677 2227 uero
700 2167 736 2226 de
760 2165 870 2226 eisdem
893 2167 965 2244 ipsis
993 2165 1104 2227 dixeris
1133 2163 1255 2244 augelus
1278 2165 1365 2226 horno
1388 2166 1492 2227 mulier
1513 2167 1587 2246 patri-

313 2252 402 2314 arcba
425 2250 571 2331 propbeta
595 2271 647 2311 rex
669 2243 821 2330 apostolus
843 2250 945 2312 doctor
967 2259 1055 2332 poeta
1078 2252 1183 2313 ciuitas
1198 2251 1316 2319 fluuius,
1341 2254 1506 2312 communia
1522 2259 1586 2312 suot.

313 2337 476 2398 Commune
500 2339 578 2396 enirn
607 2353 715 2396 nornen
743 2337 851 2397 (licitur
880 2355 937 2397 oon
966 2354 1025 2417 quo
1048 2339 1253 2414 uuusquisque
1276 2339 1397 2416 proprie
1420 2334 1616 2416 singillatim-n
1672 2317 1673 2360 ³

313 2438 371 2499 que
393 2430 527 2491 uocatur.
552 2421 604 2482 secl
628 2439 685 2501 quo
708 2439 775 2483 cum
799 2422 905 2482 ceteris
922 2420 1105 2500 generaliter
1127 2421 1302 2501 appellatur.

433 2607 575 2712 incipit
598 2608 641 2670 de
664 2606 852 2686 qualitate
875 2609 1045 2671 nominis.
1091 2609 1287 2688 Incipiunt
1308 2607 1484 2688 capitula.
1671 2585 1673 2678 l

531 2727 553 2788 l.
585 2729 644 2790 Cur
667 2727 781 2789 dicatur
803 2725 936 2808 qualitas.
1671 2695 1673 2750 ἶ

518 2812 555 2877 ll.
586 2813 628 2874 De
649 2814 764 2894 proprii
787 2821 817 2873 et
838 2811 1008 2893 appellatiui
1031 2815 1160 2874 nominis
1183 2812 1340 2878 diuisione.

506 2898 556 2962 lll.
587 2900 629 2959 lle
651 2908 779 2979 quatuor
795 2898 1001 2978 principalium
1017 2897 1163 2960 diuisione
1179 2901 1331 2959 nominum
1349 2897 1619 2978 appellatiuor·un.25
1671 2889 1672 2916 ²

490 2983 553 3044 llll.
584 2983 627 3046 Ile
649 2984 795 3062 diuisione
818 3002 1030 3063 corporearum
1054 2993 1084 3044 et
1104 2985 1351 3062 incorporearum
1375 3003 1486 3046 rerum.

524 3069 556 3129 V.
586 3069 629 3129 De
651 3068 799 3130 diuisione
821 3069 990 3130 animalium
1014 3078 1044 3128 et
1065 3069 1267 3130 inanimalium
1289 3087 1402 3130 rerum.

507 3151 553 3214 Vl.
584 3153 627 3214 De
649 3152 838 3232 generalibus
861 3162 891 3217 et
912 3152 1092 3233 specialibus
1114 3154 1292 3215 nominihus.

497 3239 555 3299 Vll.
588 3239 628 3300 lie
651 3239 808 3319 primitiuis
830 3247 860 3299 et
882 3239 1066 3301 deriuatiuis.

479 3322 552 3389 Vlll.
582 3325 624 3385 De
647 3325 832 3384 diminutiuis
855 3333 885 3384 et
906 3326 991 3404 quasi
1017 3325 1208 3386 diminutiuis.

469 3407 553 3470 Vllll.
584 3410 626 3470 De
649 3409 836 3490 homonymis
859 3419 888 3471 et
910 3412 1089 3490 synonymis.

516 3493 552 3554 ll.
585 3493 627 3554 lle
649 3495 862 3573 patrouomiois
884 3502 914 3555 et
936 3486 1123 3574 possessiuis.

506 3579 556 3643 xl.
588 3578 628 3640 De
651 3579 766 3640 metliae
786 3581 1017 3659 significationis.

493 3663 556 3727 Xll.
585 3665 628 3725 De
650 3664 809 3742 qualitatis.

481 3747 558 3813 xtlt.
588 3749 630 3810 lle
653 3751 773 3827 ‘gentis’
798 3758 827 3812 et
850 3751 998 3828 ‘patriae’.
1601 3759 1620 3798 ³5

466 3833 556 3894 Xllll.
588 3834 628 3895 lte
651 3836 790 3896 ‘numeri’
816 3843 845 3895 et
867 3835 1015 3900 ‘ordinis'.

494 3917 555 3980 XV.
586 3919 716 4065 [bellam
744 3921 781 3982 ad
811 3919 921 3998 aliquid
949 3921 1044 3982 dicta'
1076 3927 1106 3982 et
1133 3918 1199 3980 ‘alla
1229 3920 1265 3980 ad
1294 3919 1403 4001 aliquid
1427 3919 1547 4000 qualiter
1565 3937 1591 3978 se

622 4007 764 4070 aentia'.

483 4087 557 4151 xvi.
586 4089 667 4151 luter
688 4090 830 4152 uerbialia
853 4098 882 4151 et
904 4090 1110 4171 participialia.

470 4173 556 4235 XVll.
586 4174 668 4236 luter
690 4174 789 4236 uerbis
812 4175 918 4239 similia
941 4183 970 4236 et
992 4177 1158 4257 participiis
1180 4176 1297 4238 similla.
1601 4183 1620 4220 ⁴⁰

314 4253 446 4342 llf⁰¹·l¹'ll
461 4257 560 4320 XVlll.
590 4261 632 4321 De
655 4260 819 4322 collectiuis
842 4270 871 4322 et
894 4259 1076 4324 absolutiuis.

483 4343 558 4409 xix.
591 4345 630 4406 lie
653 4345 866 4427 temporalibus
890 4355 918 4407 et
940 4346 1091 4410 localibus.

263 4401 302 4454 Ἴ·
495 4429 556 4491 XX.
586 4431 629 4491 De
652 4440 777 4509 quatuor
800 4434 991 4512 propriorum
1014 4434 1164 4494 nominum
1188 4430 1355 4512 speciebus.

301 4467 415 4719 b

348 4551 547 4564 ..fi-..w

414 4619 466 4671 Cur
483 4611 542 4682 etc]
561 4619 648 4684 rutro,
667 4622 702 4683 rs.
721 4621 787 4672 lion.
805 4637 833 4684 p.
854 4620 949 4682 3⁷3‚2
1006 4619 1193 4670 iidilliuitione
1255 4622 1284 4669 ll
1303 4619 1386 4669 selum
1438 4619 1468 4667 it
1485 4619 1592 4680 corpor‘u

687 4685 1228 4754 Ρ]
1266 4685 1592 4752 s

289 4787 475 4908 J'Zp‘hsss
499 4772 838 4888 qrnmmssttan'etc.'p.21'.
908 4828 939 4875 31
959 4827 990 4874 ele
1009 4773 1342 4886 ‹fnuoimts‘ets'gooninns
1395 4825 1428 4874 33
1441 4820 1519 4870 medie
1565 4817 1593 4867 36

285 4925 367 4973 pm
437 4937 470 4980 W
489 4909 497 4984 p
515 4891 627 4940 numeris
695 4894 728 4941 42
746 4894 778 4941 ele
795 4894 954 4958 temporibus
973 4903 997 4943 et
1015 4892 1160 4956 loqualibus
