3394 5448
474 389 550 441 CVM
569 389 773 442 EXCERPTIS
792 389 961 442 INEDITIS.
1282 401 1362 450 CCXI

85 588 166 640 autem
189 579 430 658 pronuntiatione
453 586 503 640 aut
525 579 635 640 scribto
658 581 725 658 quia
748 578 865 640 scribtis
889 579 944 640 hoc
966 580 1072 639 uitium
1088 577 1237 638 inuenitur
1260 578 1362 637 autin

85 682 310 762 pronuntiatione
340 688 439 742 nostra
467 682 618 758 protertur
646 699 713 742 cum
743 697 801 741 non
829 680 948 742 scribtis
977 679 1028 741 sed
1053 697 1179 740 comune
1201 677 1361 759 loquimur.

85 785 150 844 ldest
170 782 371 844 barbarismus
394 784 460 864 quia
504 765 638 844 'scribto
661 790 710 842 aut
750 784 754 792 ’

155 903 182 964 p.
204 881 282 954 324,
309 881 324 944 1
354 885 424 946 item
452 883 645 946 adiectionem
675 885 887 946 detractionem
914 886 1109 946 inmutatione
1133 892 1163 944 et
1184 890 1362 944 transmuta-

85 990 178 1047 tionem
221 983 241 1047 3
265 987 473 1065 adspirationis
488 986 614 1047 adiectio
630 987 745 1048 litterae
761 987 792 1046 lit
814 996 911 1048 autern
927 983 1038 1047 scribto
1061 985 1106 1047 uel
1122 987 1363 1066 pronuntiatione

84 1088 271 1149 barbarismus
294 1107 349 1169 per
372 1087 566 1171 adiectionem
591 1089 716 1159 litterae,
740 1091 818 1151 sicut
840 1088 988 1168 relliquias
1042 1085 1156 1166 dqum
1214 1085 1289 1149 dut
1305 1105 1363 1148 non

84 1191 114 1250 ab
133 1189 170 1249 hii
193 1209 224 1251 sc
248 1198 302 1252 rat.
362 1189 380 1251 ‘l
403 1192 547 1270 prologus
569 1189 679 1252 lobinia
703 1209 794 1269 quum
817 1191 927 1251 italiam
950 1197 1118 1269 correptam
1173 1187 1193 1250 9
1215 1197 1245 1250 et
1267 1190 1362 1252 nutri-

85 1293 140 1353 bam
162 1311 215 1372 pro
239 1295 435 1354 nutriucram.
465 1313 518 1373 per
548 1293 759 1354 detractionem
791 1292 919 1374 syllabae
986 1290 1025 1353 10
1046 1291 1256 1354 salsamentum
1279 1293 1363 1372 paui-

84 1403 171 1455 mento
198 1403 227 1455 et
257 1414 377 1456 currum
406 1414 462 1475 pro
492 1414 582 1457 curru
650 1393 687 1456 11
717 1396 832 1456 noxiam
901 1392 939 1455 12
967 1397 1037 1456 item
1060 1413 1115 1475 per
1137 1395 1362 1456 inmutationem

87 1495 118 1557 13
140 1515 190 1573 pro
213 1496 254 1556 illi
277 1497 285 1556 i
308 1497 404 1557 littera
426 1499 458 1558 in
481 1516 499 1558 o
522 1504 647 1567 mutata,
677 1517 730 1577 per
753 1499 978 1559 inmutationem
1001 1496 1130 1577 syllabae
1153 1505 1185 1557 ut
1207 1497 1365 1577 permicies

85 1600 203 1678 pronicio
264 1595 303 1660 15
325 1597 362 1659 be
386 1602 464 1660 enim
525 1597 564 1661 16
585 1600 676 1679 gessit
699 1598 808 1661 bellum
875 1596 913 1660 lt
936 1601 1086 1679 cleupatra
1150 1597 1188 1661 18
1210 1597 1364 1679 interpella

86 1799 119 1862 19
138 1809 168 1862 ut
188 1801 358 1882 disciplina,
389 1821 471 1864 cerr.
496 1803 652 1884 displicina
674 1822 714 1864 m.
738 1805 776 1866 ΙΙ
838 1823 893 1884 per
917 1807 1192 1866 transmutationem
1215 1805 1365 1884 temporis,

85 1947 132 1990 om.
155 1937 186 1989 ut
249 1925 291 1989 22
316 1928 344 2010 (l.
369 1927 644 2010 castalenensis
707 1927 748 1991 23
771 1928 883 1992 addidit
951 1926 995 1990 24
1016 1900 1125 2011 11Ιί1ρυῖ1
1190 1928 1233 1993 25
1254 1949 1366 2011 conpu-

87 2041 120 2090 tat
178 2033 271 2108 grani,
295 2049 349 2109 per
370 2051 479 2110 granos
548 2030 589 2093 26
617 2052 672 2113 pro
696 2052 731 2092 eo
755 2034 833 2110 quod
857 2051 911 2110 per
933 2033 1066 2110 singulos
1088 2051 1183 2094 annos
1205 2033 1260 2094 ista
1283 2031 1366 2093 colli-

86 2142 184 2210 guutm·
207 2135 364 2211 (optimel)
429 2130 469 2194 21
493 2133 673 2196 metalemsis
737 2131 779 2196 29
802 2151 877 2213 quae
900 2152 1005 2196 manus
1028 2125 1108 2196 carte
1131 2135 1319 2214 nodosaquae

608 2358 834 2365 ——·.-—

53 2551 57 2559 ·
160 2528 224 2588 Iam
246 2529 392 2602 addimus,
423 2527 575 2588 Iulianum
603 2527 723 2590 1111111
749 2530 863 2589 codicis
885 2527 1051 2588 Bernucsis
1072 2544 1133 2588 non
1155 2529 1249 2588 salma
1271 2543 1366 2587 emen-

86 2631 157 2703 dari,
180 2631 233 2689 sed
258 2631 377 2690 lacunis
402 2646 517 2705 quoque
547 2629 610 2703 (cf.
631 2648 663 2707 p.
689 2638 761 2704 323,
789 2639 821 2689 11
843 2633 876 2692 K
874 2635 893 2706 )
919 2631 1047 2691 libcrari
1061 2633 1203 2706 potuisse.
1248 2629 1365 2704 Restat,

16 2759 17 2762 ¹
86 2738 112 2790 ut
131 2732 244 2792 Iuliani
263 2733 395 2793 codicem
417 2735 524 2808 ipsum,
548 2750 606 2808 quo
629 2735 676 2792 usi
694 2740 765 2794 sunt
786 2741 815 2793 et
836 2735 976 2795 editionis
990 2735 1149 2794 Romanae
1169 2734 1236 2792 olim
1259 2739 1368 2793 auctor

16 2867 17 2872 κ
84 2839 108 2890 et
132 2835 244 2894 Keilius
272 2850 385 2909 nuper,
423 2835 601 2894 Vaticanum
630 2852 690 2894 non
717 2837 811 2896 solum
840 2837 971 2896 disiectis
993 2837 1062 2897 clim
1083 2837 1247 2912 particulis
1262 2851 1368 2910 prauo

81 2933 214 3004 foliarum
237 2936 345 2996 ordine
366 2938 618 3011 cumplurimum,
649 2939 681 2998 id
708 2939 788 3013 quod
815 2940 876 2997 iam
900 2939 1016 3000 Keitiacs
1037 2939 1124 3010 uidit,
1148 2939 1313 2997 sedetiam
1336 2939 1367 2996 in

83 3039 197 3111 despuis
216 3038 360 3113 partibus
383 3054 530 3113 peruersa
556 3039 663 3100 ordine
688 3041 834 3115 seriptum
861 3057 923 3100 esse
948 3041 1172 3118 comprobemus.
1220 3039 1307 3110 Quod
1330 3039 1368 3097 dc

85 3140 130 3197 illa
151 3140 286 3215 opusculi
300 3137 511 3215 pertractet,
536 3157 596 3215 pac
618 3140 656 3199 de
676 3142 836 3216 peceribus
857 3150 1021 3203 metrorum
1043 3145 1156 3217 apitur.
1203 3141 1365 3215 Postquam

84 3243 152 3300 enim
174 3241 229 3316 (cf.
254 3239 333 3302 Keil.
351 3259 385 3316 p.
410 3249 467 3300 311
489 3243 581 3318 med.)
608 3244 750 3304 Iulianas
771 3250 837 3305 octo
859 3252 1022 3304 metrorum
1042 3261 1158 3319 penera
1175 3243 1365 3319 principalia

85 3359 140 3401 esse
159 3345 270 3424 statuit,
294 3345 476 3421 dactylicum
499 3346 656 3406 iambicum
679 3347 863 3406 trochaicum
887 3349 1114 3422 anapaesticam
1129 3346 1364 3407 choriambicum

86 3443 302 3521 ontnpasticum
324 3448 452 3506 ionicum
475 3463 496 3505 a
517 3449 633 3508 maiore
653 3456 682 3508 et
703 3451 832 3509 ionicum
854 3466 874 3508 a
896 3451 1022 3522 minore,
1046 3451 1194 3508 miramur
1215 3449 1247 3506 in
1263 3447 1365 3520 sinpe-

16 3599 17 3602 ,
85 3547 141 3605 tari
163 3550 344 3608 tractatione
368 3551 455 3621 fiairi
480 3566 555 3626 opus
581 3558 675 3611 metro
703 3553 898 3627 antispastico
920 3553 1090 3626 explicato:
1113 3549 1161 3609 ‘da
1185 3549 1246 3608 eius
1269 3565 1367 3607 exem-

86 3645 167 3725 plum.
189 3649 293 3710 uolans
315 3669 386 3711 ecce
401 3668 509 3728 gerens
525 3669 606 3712 arma
622 3653 740 3729 ruitque
755 3651 862 3713 laetus’
887 3648 1081 3731 (armauitque
1096 3649 1180 3712 letus.
1208 3649 1282 3711 ltem
1298 3667 1368 3710 ecce

85 3769 182 3827 gerens
204 3752 387 3832 armauitque
414 3753 491 3814 letus
518 3755 586 3815 eod.
611 3757 705 3814 Bern.
731 3761 788 3813 207
811 3754 841 3827 f.
868 3753 943 3833 77⁶),
965 3771 1001 3830 p.
1026 3753 1245 3814 5711111111.
1283 3752 1368 3814 Haec

85 3855 170 3927 ipitur
190 3852 223 3915 in
246 3860 314 3915 arte
336 3855 488 3916 Beruensi
506 3874 561 3917 suo
583 3858 682 3917 mania
705 3857 813 3918 ordine
834 3860 892 3918 rite
913 3859 1052 3932 exposita
1079 3861 1151 3917 sunt
1170 3859 1272 3917 metris
1293 3857 1367 3918 ioni-

85 3957 122 4014 cis
142 3973 161 4016 c
181 3959 296 4018 maiore
317 3964 347 4017 et
368 3975 388 4018 a
409 3961 524 4019 minare
545 3960 647 4019 ultimo
668 3960 735 4020 loeo
756 3961 928 4036 explicatis.

160 4059 220 4121 Sed
240 4061 422 4121 accedamus
442 4063 486 4121 cd
505 4063 633 4122 maiora.
676 4061 849 4123 Secundum
871 4063 1003 4122 codicem
1033 4062 1212 4122 Vaticanum
1227 4060 1368 4122 Iulianus

87 4159 191 4222 bonati
209 4169 305 4224 artem
326 4165 470 4224 minorem
494 4163 550 4238 (cf.
567 4166 647 4226 Keil.
665 4181 700 4242 p.
718 4172 775 4225 311
796 4167 884 4240 not),
909 4165 985 4223 artis
1006 4163 1130 4223 maioris
1151 4179 1216 4224 eum
1237 4169 1366 4240 purten,

87 4267 239 4339 paecepit
261 4266 299 4324 de
321 4283 402 4337 uoce,
426 4267 464 4327 dc
485 4267 598 4343 littera,
624 4267 662 4328 de
682 4269 815 4346 syllaba,
842 4268 881 4327 de
896 4266 1036 4342 pedibus,
1060 4266 1099 4325 de
1119 4267 1197 4326 11111
1219 4272 1310 4342 atque
1331 4266 1369 4323 de
1439 4335 1443 4340 Ι

85 4367 232 4441 posituris,
261 4368 370 4429 deinde
397 4369 617 4430 barbarismum
644 4378 803 4445 ceteraque
836 4371 913 4430 uitia
947 4375 978 4429 et
1004 4366 1069 4428 eius
1094 4364 1217 4442 pencris
1243 4363 1367 4434 similia,

87 4467 204 4544 denique
224 4477 322 4530 metra
343 4475 558 4533 commentario
580 4473 730 4534 uberrimo
752 4471 914 4542 instruxit,
945 4471 1027 4531 deest
1048 4486 1121 4529 uero
1142 4471 1219 4529 artis
1240 4465 1367 4529 maioris

87 4576 146 4629 octo
162 4571 296 4648 partium
319 4576 466 4636 orationis
485 4573 645 4653 expositio.
682 4575 748 4637 Hoc
763 4577 869 4635 mirum
884 4591 967 4648 sane,
991 4575 1171 4649 praesertim
1186 4588 1252 4632 cum
1267 4578 1369 4632 cetera
1450 4653 1456 4664 ·

89 4670 191 4734 11111111·
210 4678 357 4752 opuscula
379 4681 603 4740 accuratissime
625 4679 802 4754 respexerit.
841 4678 881 4738 Et
902 4692 1014 4736 reuera
1034 4674 1186 4736 Iulianum
1201 4690 1238 4733 ea
1253 4690 1371 4750 quoque

87 4779 256 4838 tractauisse
278 4795 396 4840 necesse
417 4788 461 4842 est
482 4789 660 4858 statuamus,
689 4783 717 4840 si
736 4781 831 4855 ipsius
852 4779 961 4853 uerba,
992 4795 1071 4854 quae
1092 4778 1130 4838 de
1151 4779 1226 4838 artis
1246 4773 1371 4837 minuis

87 4877 259 4956 maiorisque
281 4883 457 4944 diuersitate
474 4882 556 4956 fecit
578 4900 612 4959 p.
635 4889 709 4956 320,
739 4889 772 4938 ta
792 4897 852 4956 sep.
877 4883 920 4950 K,
951 4882 1124 4942 accuratius
1151 4880 1370 4958 expendamus.

1129 4997 1144 5032 0
1151 4978 1167 5011 til
