3390 5444
307 377 369 442 132
820 377 888 431 aas
906 378 1083 431 arronem

305 577 388 639 sunt,
418 566 536 648 quando
564 567 676 628 Graeca
700 565 811 628 luerint
833 575 863 628 et
884 567 914 627 in
937 570 1077 645 genetiuo
1100 567 1213 629 Graeco
1235 587 1278 628 oo
1301 568 1413 629 luerint
1435 567 1586 636 terminata,

305 687 359 758 uos
382 668 515 730 ultimam
537 687 579 728 ov
599 670 632 729 iu
655 687 691 729 ae
714 667 918 748 diphthongon
947 669 1168 746 connectimus,
1197 677 1225 730 et
1248 668 1306 730 hoc
1328 671 1457 730 maxime
1479 669 1509 729 in
1529 688 1587 749 pro·

304 775 379 851 priis
407 768 591 840 nominihus,
621 776 654 830 ut
682 766 908 850 Διοσκορίὸης
929 767 1161 851 Διοσκορίὸου
1188 791 1244 832 nos
1265 772 1392 832 dicimus
1414 770 1587 832 Dioscorides

305 873 391 934 huius
418 872 627 941 Dioscoridae‚
656 873 698 932 sic
726 872 814 932 etiam
837 870 982 933 Anchises
991 850 1159 943 ‘Anchisae
1183 874 1310 936 Achates
1332 874 1476 941 Achatae,
1506 873 1549 934 uel
1568 876 1588 934 si

303 975 506 1054 patronomica
527 974 641 1034 luerint
664 991 695 1034 es
718 971 828 1053 syllaba
851 975 1026 1042 terminata;
1056 982 1127 1035 tunc
1156 976 1234 1036 enim
1258 978 1373 1056 primae
1395 973 1606 1037 declinationiss

304 1077 389 1145 liunt,
414 1084 446 1137 ut
467 1075 659 1137 Anchisiades
682 1074 893 1144 Auclrisiadae,
916 1077 1069 1136 Aeneades
1084 1072 1096 1158 ΙΙ
1114 1076 1132 1136 i.
1151 1073 1230 1137 112³
1246 1075 1257 1158 ΙΙ
1274 1075 1443 1144 Aeneadae,
1465 1075 1589 1137 Thesides

302 1176 463 1252 Thesidae,
487 1176 671 1238 Dardanides
694 1175 889 1238 Dardanidae.
934 1175 1006 1238 lude
1029 1177 1248 1239 Priscianus
1271 1179 1356 1240 dicit:
1381 1177 1514 1239 Omnes
1535 1180 1588 1237 mi·

303 1297 414 1340 nores
441 1279 579 1340 Thesei
608 1275 793 1339 Thesides
823 1278 958 1338 Graeci
991 1279 1195 1359 appeliant,
1229 1280 1326 1342 unde
1355 1290 1389 1340 et
1416 1279 1589 1359 Virgilius

303 1379 504 1442 secundum
532 1381 712 1442 Graecam
745 1380 901 1440 lormam
935 1380 1132 1460 Scipiadas
1166 1381 1269 1442 dixit.
1315 1381 1347 1441 ln
1376 1401 1435 1462 quo
1468 1379 1589 1459 exemplo

302 1484 447 1553 ostendit,
471 1484 674 1563 patrouomiea
697 1483 818 1543 uomina
840 1483 954 1561 primae
977 1481 1181 1544 declinationis
1204 1501 1283 1553 esse,
1308 1501 1376 1544 cum
1398 1484 1588 1545 accusatiuum
1599 1501 1615 1537 ιι

207 1598 211 1606 ·
302 1583 446 1665 pluralem
474 1586 506 1646 in
532 1602 564 1645 as
593 1582 733 1663 syllabam
761 1582 885 1663 protulit
912 1583 1101 1655 ‘Thesides’,
1131 1583 1210 1661 quod
1240 1590 1284 1644 est
1312 1587 1464 1664 proprium
1487 1585 1588 1664 primae

302 1686 517 1749 declinationis.
561 1684 636 1748 ltam
665 1685 885 1748 Priscianus
913 1687 1000 1748 dicit:
1032 1686 1195 1747 ‘Thesidae
1223 1685 1406 1764 Cecropidae
1435 1705 1451 1747 a
1479 1685 1589 1766 regibus

302 1790 458 1858 dicuutur,
492 1785 569 1848 idest
596 1787 808 1858 Athenienses,
839 1789 916 1849 sicut
944 1786 1098 1849 Aeneadae
1127 1785 1318 1856 Romulidae,
1351 1788 1429 1849 idest
1451 1787 1588 1850 Romani.⁵

302 1889 416 1961 Quibus
445 1887 587 1969 exemplis
615 1889 790 1960 ostenditur,
820 1891 1024 1969 patronomica
1048 1891 1167 1950 nomina
1190 1890 1220 1949 in
1244 1909 1276 1950 es
1299 1889 1466 1952 desinentia
1488 1891 1589 1970 primae

303 1991 508 2053 declinationis
536 1991 600 2051 sieri
627 1990 748 2052 dehere.
792 1990 940 2052 Thesidae
969 1992 1046 2051 enim
1076 1999 1107 2052 et
1133 1988 1316 2070 Cecropidae
1345 1998 1374 2052 et
1395 1991 1547 2052 Aeneadae
1567 1997 1618 2050 eta

301 2092 475 2155 Romulidae
503 2093 679 2153 nominatiui
706 2090 836 2172 plurales
864 2093 894 2153 in
919 2110 954 2153 ae
976 2092 1180 2172 diphthongon
1210 2092 1380 2153 desinentes
1409 2093 1519 2171 primae
1545 2091 1589 2151 de·

302 2195 472 2256 clinationis
494 2201 572 2254 suut.
617 2192 690 2254 lude
713 2193 895 2272 Virgilius
917 2192 1003 2255 dixit:
1056 2235 1059 2240 ,

410 2359 412 2362 .
506 2297 753 2375 Praemiaque
775 2298 952 2374 ingentes
974 2313 1087 2375 pagos
1111 2303 1146 2356 et
1168 2299 1317 2376 conpita
1340 2298 1481 2358 circum

506 2396 694 2458 Thesidae
716 2414 893 2477 posuere:

301 2499 395 2560 idem:
505 2497 1404 2578 Aeneadaeinlerrumprolihertateruehaut.
1600 2515 1619 2554 ιι

300 2634 362 2696 Alia
397 2641 495 2696 autem
528 2635 647 2695 nomina
675 2636 705 2695 in
735 2652 767 2695 es
795 2633 968 2695 desinentia⁴
996 2635 1062 2694 siue
1090 2633 1201 2694 Graeca
1234 2635 1346 2696 luerint
1373 2641 1404 2695 et
1431 2634 1590 2712 genetiuurn

302 2735 447 2798 Graecum
470 2737 499 2796 in
523 2755 577 2808 εος
597 2735 769 2807 habuerint,
794 2744 826 2796 ut
846 2732 972 2815 Τέννης
991 2729 1147 2807 Τέννεος,
1171 2742 1221 2795 aut
1244 2737 1331 2796 etiam
1355 2735 1385 2797 iu
1409 2732 1489 2808 dous
1509 2753 1591 2814 gene·

301 2839 395 2899 tiuum
419 2837 593 2908 habuerint,
619 2845 651 2898 ut
674 2830 870 2917 Ἐμμενίὸης
890 2829 1119 2916 Ἐμμενίδους,
1144 2855 1197 2908 rog
1222 2835 1269 2898 uel
1293 2857 1353 2911 ους
1375 2839 1406 2898 iu
1428 2839 1453 2897 is
1475 2854 1589 2898 conuer-

300 2941 392 3001 tentia
415 2939 521 3000 tertiae
543 2937 751 3000 declinationis
775 2939 862 3008 liunt,
886 2947 918 2999 ut
939 2936 1128 2998 Emmenides
1150 2937 1333 2999 Emmeuidis
1348 2937 1466 3000 Tenues
1481 2937 1591 2998 Tenuis.

301 3041 338 3102 Et
359 3043 459 3102 omnia
481 3042 602 3102 nomina
625 3039 741 3110 Latina,
765 3057 840 3119 quae
863 3057 923 3100 uon
946 3037 1057 3101 habeut
1079 3041 1087 3098 i
1111 3046 1180 3100 aute
1201 3057 1230 3109 s,
1255 3042 1386 3120 exceptis
1409 3038 1503 3100 tribus
1524 3037 1620 3098 lidess

300 3161 368 3222 spes
390 3159 454 3212 res,
484 3157 560 3218 quae
588 3142 708 3222 quintae
737 3140 944 3202 declinationis
966 3149 1050 3212 sunt,
1080 3140 1136 3201 alia
1164 3142 1271 3202 tertiae
1294 3141 1499 3203 declinationis
1519 3147 1590 3208 sunt

299 3246 364 3306 siue
390 3241 551 3305 masculina
579 3242 690 3305 luerint
717 3250 749 3304 ut
771 3242 856 3303 miles
878 3261 1000 3322 gurges,
1028 3243 1091 3304 siue
1113 3243 1273 3312 feminina,
1303 3249 1336 3303 ut
1358 3260 1475 3304 merces
1495 3241 1590 3307 moles,

300 3353 351 3408 aut
376 3347 561 3414 communia,
591 3352 623 3406 ut
648 3355 728 3406 teres
756 3341 856 3424 bipes,
892 3345 955 3405 siue
985 3345 1072 3405 etiam
1101 3345 1214 3405 Graeca
1243 3344 1367 3415 luerint,
1398 3351 1430 3406 ut
1458 3341 1591 3404 Hercules

300 3445 442 3518 Achilles,
471 3449 576 3507 tertiae
599 3444 806 3508 declinationis
833 3452 912 3506 sunt.
959 3444 1010 3506 llla
1034 3464 1107 3508 uero
1131 3446 1251 3506 nomina
1273 3447 1282 3505 i
1305 3454 1374 3507 ante
1397 3463 1430 3506 es
1451 3443 1591 3506 habentia.

300 3551 379 3610 sicut
400 3549 543 3620 diximus,
567 3550 690 3630 quintae
713 3545 922 3608 declinationis
943 3554 1025 3617 suut,
1055 3549 1189 3628 exceptis
1211 3545 1281 3617 llll,
1305 3565 1381 3627 quae
1403 3554 1473 3608 sunt
1494 3547 1620 3606 tertiaear

301 3652 508 3713 declinationis
530 3656 635 3712 eontra
656 3647 806 3728 regulam,
831 3654 862 3708 ut
884 3647 967 3710 ables
990 3649 1067 3710 aries
1089 3650 1187 3728 paries
1209 3650 1309 3729 quies,
1333 3649 1386 3710 sed
1409 3647 1590 3708 uetustissimi

300 3755 385 3833 quies
408 3753 488 3834 quiei
511 3750 674 3813 secundum
697 3752 831 3830 quintam
846 3747 1077 3812 declinationem
1100 3749 1304 3830 proterebant,
1329 3749 1407 3811 unde
1422 3749 1591 3810 Aira'nius

300 3855 390 3917 dixit:

453 3953 627 4017 Sollicito
649 3952 763 4014 corde
786 3971 921 4033 corpus
945 3971 1016 4014 non
1040 3955 1180 4030 potitur
1204 3969 1300 4013 nunc
1323 3953 1419 4030 quie.
1470 3950 1477 3960 '

370 4243 429 4293 sin
447 4259 464 4310 q
480 4243 630 4308 dyptongon
699 4240 917 4306 3dgoscorydies
935 4240 1090 4303 dyoscorioy
1160 4238 1300 4289 dlaoorides
1318 4238 1447 4289 discoride
1514 4237 1589 4300 bayl-

300 4311 357 4361 labe
433 4309 635 4360 banchiseades
653 4308 823 4359 anchiseadae
890 4308 995 4358 aenidos
1014 4308 1104 4357 enidae
1172 4306 1318 4366 labenda,
1341 4322 1389 4360 om.
1408 4307 1528 4360 Thesides

299 4375 459 4444 Priscianus]
479 4379 538 4444 lp.
558 4380 599 4440 62,
618 4379 652 4426 21
721 4378 738 4428 8
755 4376 851 4427 thessal
868 4375 996 4426 theseidos
1066 4372 1203 4442 Virgilius]
1225 4374 1319 4439 Oeorq.
1337 4373 1374 4424 II
1391 4377 1449 4427 170.
1468 4377 1530 4426 Aea.
1552 4369 1588 4420 Vl

299 4449 353 4498 843
406 4448 437 4496 12
456 4441 614 4509 Priscianus]
634 4445 669 4507 qt
686 4445 704 4494 Ι
720 4462 748 4510 p.
768 4447 810 4508 64,
819 4447 852 4495 10
904 4444 1004 4494 theside
1022 4443 1174 4509 oleroprime
1242 4445 1274 4494 1a
1291 4442 1441 4493 arbanensis
1494 4439 1589 4492 aeuiade

299 4513 426 4566 romulide
512 4515 544 4565 15
561 4513 686 4578 citropide
704 4523 729 4562 et
746 4513 821 4564 enide
889 4513 921 4562 16
940 4511 965 4561 in
983 4527 998 4560 e
1015 4511 1166 4576 dyptongon
1184 4511 1339 4561 dissidentes
1410 4513 1443 4562 17
1462 4503 1587 4576 Virgilius]

302 4583 395 4647 deorq.
414 4581 449 4632 11
468 4584 520 4632 382
624 4583 655 4631 19
673 4581 739 4630 idem
758 4577 870 4644 aenPde]
888 4582 955 4632 Aera.
979 4577 1055 4629 VIII
1074 4581 1133 4642 ⁶48,
1151 4580 1186 4644 ef.
1206 4580 1289 4631 Prisc.
1308 4581 1324 4630 1
1340 4595 1370 4643 p.
1390 4581 1433 4644 ol,
1453 4581 1496 4631 12.
1512 4579 1550 4637 65,
1567 4577 1589 4624 l.
1671 4587 1672 4638 ᾗ

299 4653 333 4702 20
351 4649 478 4700 infernum
564 4651 597 4699 22
615 4649 639 4696 in
660 4663 702 4698 ors
771 4658 799 4698 ut
815 4659 886 4698 tenes
904 4657 990 4698 tenors
1062 4647 1087 4695 in
1106 4657 1147 4696 tos
1232 4647 1265 4697 22
1284 4646 1432 4710 eymenldes
1450 4643 1588 4711 ermenidos
1671 4669 1672 4712 ,

300 4732 330 4767 os
348 4717 388 4766 uel
408 4731 454 4780 oye
523 4716 557 4766 24
574 4716 697 4766 eminides
715 4716 834 4766 eminidis
886 4726 956 4766 tenes
974 4713 1040 4764 teuis
1093 4715 1126 4765 22
1144 4729 1257 4781 gurgeur
1303 4715 1381 4763 merci
1450 4715 1483 4764 28
1500 4711 1588 4763 erentes
1671 4713 1672 4774 ι

299 4787 332 4835 29
350 4783 463 4834 hachiles
533 4798 593 4833 uero
612 4785 682 4833 nomi
767 4784 799 4835 sl
817 4783 906 4833 habies
992 4783 1025 4833 32
1043 4779 1179 4849 affranius]
1198 4784 1234 4847 cs.
1255 4783 1382 4832 Priscian.
1403 4781 1460 4848 lp.
1481 4783 1542 4842 itt,
1561 4780 1589 4827 ld
1671 4781 1672 4796 ¹

299 4853 333 4905 34
351 4853 450 4902 solicito
