3394 5448
315 363 378 426 212
720 365 955 419 counnurvm
974 365 1218 418 rsiusrnncusn

315 553 492 632 significant.
537 552 643 614 ‘intro’
668 563 697 613 et
719 554 824 615 ‘lorus’
849 562 878 614 et
901 554 993 615 ‘illuc’
1018 555 1053 616 ad
1077 554 1173 616 locum
1196 551 1284 636 lll2'l
1302 552 1313 636 ΙΙ
1351 604 1357 616 .
1386 603 1392 616 .
1421 603 1427 616 .
1456 603 1462 616 .
1491 603 1498 616 .
1526 603 1562 616 ..
1587 603 1592 616 .

322 703 891 718 .................
910 656 980 717 ἰΙΙιιε
1003 665 1213 737 properantes,
1238 659 1312 718 etin
1336 657 1492 736 psalmo:
1518 657 1597 716 illue

316 760 411 818 enim
441 757 704 819 ascenderunt.
753 758 853 819 Potest
880 760 958 820 enim
994 761 1087 840 accipi
1116 759 1153 820 de
1182 759 1283 820 luturo
1310 768 1339 820 et
1366 758 1403 819 de
1433 761 1597 838 praeterito

315 859 398 920 ‘illic’
424 877 497 921 uero
520 863 550 919 in
575 859 639 920 loeo
662 869 691 921 et
714 870 759 920 εει
781 860 915 921 similiter
938 862 1092 939 praeteriti
1116 869 1146 921 et
1166 862 1267 922 luturi.
1298 861 1389 928 illic&
1405 860 1524 939 quando
1539 879 1596 940 pro-

314 980 422 1023 nomen
447 972 506 1032 est,
531 961 909 1040 corripitur;adue1·binm
934 981 1006 1023 uero
1028 962 1218 1042 producitur,
1243 972 1275 1024 nt
1299 973 1424 1043 poeta:

422 1065 489 1124 llic
511 1067 583 1134 uir,
609 1065 668 1125 hie
692 1073 760 1134 est,
785 1065 854 1126 tihi
877 1082 983 1144 quem
1008 1066 1178 1145 promitti
1201 1067 1353 1144 saepius
1375 1065 1493 1127 audis.

40 1229 52 1246 ,
160 1165 444 1236 ssuoomllodio,
469 1184 610 1247 praesens
634 1165 922 1246 estquasilroedie.
968 1166 1099 1247 Nuper,
1123 1185 1266 1245 praesens
1288 1176 1333 1229 est
1355 1178 1385 1228 et
1408 1169 1599 1244 praeteritum,
1674 1199 1675 1246 q

314 1271 343 1327 ·i·
368 1271 486 1331 nouiter
513 1277 544 1329 et
571 1270 652 1328 uenit
680 1288 695 1328 a
726 1270 858 1338 nomine,
889 1269 966 1348 equod
997 1279 1041 1330 est
1070 1287 1200 1348 nuperus
1229 1288 1261 1330 ra
1289 1289 1371 1341 rum,
1403 1271 1432 1329 ·i·
1457 1287 1550 1330 nouus
1570 1287 1598 1328 ua

314 1389 394 1431 uum.
425 1369 646 1448 Aliquando.
665 1370 700 1430 de
717 1372 879 1450 praeterito
895 1379 926 1431 et
948 1371 1049 1432 loturo
1073 1373 1225 1451 accipitur,
1250 1382 1283 1433 ιιι
1305 1370 1477 1448 ‘aliquando
1501 1369 1599 1432 laetum

314 1482 358 1532 est
382 1471 458 1541 lrnc',
488 1481 519 1532 et
541 1472 713 1552 ‘aliquando
736 1473 785 1532 det
808 1473 886 1541 lroe’,
918 1480 947 1532 et
969 1480 1015 1534 est
1036 1475 1233 1552 compositum
1256 1493 1292 1534 ειι
1319 1474 1395 1535 alius
1422 1483 1452 1534 et
1479 1473 1628 1552 quantun

315 1574 346 1634 ll.
371 1575 418 1635 lla
442 1576 601 1649 numeri,
627 1577 655 1634 ·i·
679 1572 729 1634 dic
753 1574 826 1635 milri
849 1573 992 1636 aduerbia
1015 1578 1142 1638 numeri.
1180 1576 1249 1637 Μ..
1278 1623 1284 1636 .
1313 1624 1319 1638 .
1348 1624 1354 1636 .
1383 1624 1389 1636 .
1424 1623 1430 1637 .
1465 1623 1471 1637 .
1506 1574 1600 1642 ,his

312 1695 328 1734 u
353 1674 477 1737 duobus.
521 1676 682 1737 Sciendum
706 1685 763 1746 est,
792 1678 860 1755 quia
884 1675 1025 1738 aduerbia
1048 1677 1143 1740 tribus
1167 1678 1263 1740 modis
1286 1679 1454 1739 diriuantur
1477 1695 1493 1737 a
1515 1681 1601 1738 nomi-

313 1778 415 1839 nibus:
439 1795 528 1838 sensu
551 1785 581 1838 et
602 1778 784 1848 litteratura,
807 1781 885 1838 sicut
907 1787 952 1839 ter
975 1797 991 1840 a
1014 1779 1120 1856 tribus,
1144 1788 1252 1859 quater
1273 1800 1289 1840 a
1313 1787 1467 1858 quattuor;
1500 1779 1602 1839 littere·

312 1892 378 1941 tura
402 1890 432 1941 et
453 1898 512 1942 nnn
534 1899 633 1949 seusu,
657 1883 734 1940 sicut
756 1878 851 1948 modo,
878 1882 905 1940 ·i·
924 1898 1013 1950 nunc,
1037 1883 1201 1952 anomine,
1226 1882 1304 1961 quod
1320 1888 1365 1942 est
1380 1881 1499 1950 modus;
1521 1898 1601 1940 sensu

313 1994 343 2043 et
365 2002 424 2044 non
448 1983 622 2052 litteratura,
647 1983 722 2042 sicut
743 1983 834 2044 semel
858 1983 895 2042 alo
919 2001 986 2052 uno,
1013 1981 1057 2044 bis
1081 2003 1096 2044 a
1120 1981 1247 2044 duobus.
1286 1982 1375 2053 Non,
1401 1991 1430 2043 et
1446 1984 1533 2044 etiam
1549 1981 1631 2041 deror·

312 2083 454 2145 aduerhin
483 2093 552 2144 sunt
579 2084 740 2152 εοιιιιιιιίιις
770 2103 860 2145 ιιιιιιιιι
887 2094 988 2164 negat,
1019 2084 1144 2146 alterum
1167 2086 1303 2146 aidrmat.
1349 2085 1411 2155 En,
1442 2083 1601 2164 Virgilium.

210 2208 258 2255 nso,
272 2205 298 2245 ss
313 2185 419 2255 Ecce,
444 2186 637 2247 Priscianum.
685 2187 842 2257 Vtinam,
867 2188 922 2248 ‘ut'
945 2187 1120 2249 aduerhium
1138 2195 1182 2248 est
1196 2186 1413 2256 similitudinis,
1437 2186 1535 2247 addita
1552 2190 1560 2246 i
1576 2189 1603 2246 lit

313 2290 355 2349 uti
383 2297 412 2349 et
441 2297 486 2348 est
514 2286 731 2356 similitudinis,
761 2287 873 2349 adiecta
903 2306 971 2349 nam
1000 2289 1031 2350 ut
1059 2292 1171 2350 utinam
1196 2298 1226 2350 et
1249 2292 1356 2350 transit
1379 2292 1410 2350 in
1433 2288 1601 2350 adnerlrium

209 2413 258 2459 ιιι,
272 2411 297 2450 ιιι
311 2390 447 2471 optandi,
472 2397 504 2451 ut
526 2391 637 2451 utinam
660 2391 801 2469 legerem.
845 2391 951 2463 lleia,
977 2411 1011 2452 ε·
1035 2391 1129 2453 irater
1137 2437 1597 2453 ..............

319 2540 710 2555 ............
746 2489 760 2574 ΙΙ
777 2489 837 2554 128
854 2490 865 2574 ΙΙ
882 2493 1020 2555 adiuncta
1043 2501 1088 2554 ter
1112 2501 1140 2554 et
1162 2500 1299 2572 correpto
1324 2497 1341 2562 i,
1365 2502 1397 2554 ιιι
1419 2495 1504 2554 lortis
1528 2492 1632 2558 fortis¹

208 2596 379 2666 non,uinde
413 2596 540 2655 lor-titer.
590 2595 757 2666 lilultum,
793 2595 917 2663 dormit;
956 2613 1100 2675 parum,
1130 2594 1247 2673 uigilat;
1285 2596 1446 2664 minime,
1483 2592 1602 2656 laborat.

312 2697 429 2756 llinime
454 2702 483 2756 et
505 2698 657 2757 minimum
682 2704 711 2757 et
734 2695 956 2758 minimo-idem
979 2707 1036 2766 εει,
1066 2697 1119 2757 sed
1150 2699 1270 2758 minime
1295 2705 1391 2776 potest
1414 2715 1479 2757 esse
1501 2697 1603 2756 aduer-

208 2824 258 2868 εει,
272 2821 297 2862 es
312 2798 392 2859 lulum
407 2796 550 2878 negandi,
567 2800 644 2860 sicut
659 2810 688 2859 ει
703 2818 773 2860 non.
803 2799 990 2870 Forsitan,
1008 2799 1090 2879 pluet
1105 2799 1209 2868 bodies
1232 2800 1405 2872 tortasse,
1423 2815 1491 2859 uon.
1522 2798 1604 2859 Per·

311 2901 470 2970 sonalia,
495 2901 635 2961 dicuntur
650 2900 726 2961 llaec
748 2900 898 2970 aduerbia,
923 2919 959 2962 eo
982 2901 1061 2982 qnod
1085 2920 1227 2981 personas
1250 2901 1453 2962 demonstrant
1476 2909 1505 2962 et
1526 2919 1604 2961 com·

310 3011 462 3083 ponuntur
490 3021 524 3062 ex
554 3005 691 3082 personis
713 3003 922 3083 pronominum
946 3011 976 3063 ει
997 3005 1090 3064 ‘eum'
1113 3004 1341 3084 praepositione.
1387 3001 1484 3064 ‘Cum'
1504 3009 1633 3064 noune·

311 3105 455 3166 debuerat
477 3106 634 3185 praeponi,
663 3103 715 3165 sed
744 3122 833 3166 eausa
862 3104 1027 3185 euphoniae
1055 3104 1104 3166 ine
1133 3106 1337 3187 postponitur:
1367 3107 1502 3166 sonorius
1528 3106 1603 3164 enim
1674 3111 1675 3120 ’

311 3217 355 3267 εει
376 3224 503 3277 meeum,
527 3223 613 3284 quam
630 3225 696 3268 cum
714 3225 769 3267 mc.
815 3207 969 3278 Mecum,
991 3206 1094 3285 legunt
1109 3209 1203 3287 pueri.
1232 3207 1383 3276 Tecum,
1400 3207 1601 3268 recordantur.

208 3337 256 3382 aas,
270 3337 295 3376 ιι
310 3309 454 3378 Secum,
471 3308 554 3370 sedet
576 3307 625 3369 ille
642 3311 672 3370 ·i·
688 3308 778 3370 solus.
822 3307 933 3380 Heus,
958 3315 990 3369 ut
1003 3308 1198 3388 Virgilius:

592 3410 702 3480 Heus,
727 3413 897 3482 iuuenes,
922 3419 1131 3472 monstrate
1155 3429 1322 3473 mearum.

309 3512 396 3573 ‘Heu’
420 3511 596 3573 aduerhium
619 3521 664 3574 est
685 3511 912 3592 respondentis,
930 3521 977 3573 ut:
1001 3511 1072 3573 ‘heu
1095 3513 1164 3592 quid
1189 3531 1236 3574 me
1259 3516 1339 3574 uisi'
1386 3514 1437 3574 Est
1460 3521 1486 3574 ει
1510 3515 1632 3575 inter-n

207 3643 257 3691 aas,
271 3643 297 3682 ιι
310 3615 398 3674 lectio
414 3613 552 3683 dolentis,
574 3622 606 3674 ut
621 3614 692 3676 ‘heu
707 3614 803 3676 mild'.
834 3615 1023 3684 Seorsum,
1047 3615 1153 3676 sedent
1166 3616 1315 3685 iuniores:
1337 3618 1463 3676 ‘orsum'
1479 3614 1603 3676 dicimus

308 3718 339 3777 in
363 3722 493 3796 partem,
516 3715 586 3777 inde
608 3719 797 3797 componitur
819 3737 968 3787 seorsum,
993 3718 1022 3777 ·i·
1047 3718 1216 3797 separatim,
1241 3719 1317 3778 sieut
1338 3720 1367 3777 in
1392 3717 1602 3794 euangelio:

309 3816 350 3878 Et
377 3819 525 3898 accepit
552 3836 629 3878 eum
657 3817 833 3880 deturba
857 3837 1036 3879 seorsum.
1081 3818 1229 3890 Quorsum
1252 3835 1386 3900 quoque,
1415 3818 1601 3879 dextrorsum

281 3921 511 3980 ¹sinistrorsum
533 3919 603 3981 inde
625 3929 852 3999 componuntur.
897 3920 1052 4000 Edepol,
1078 3923 1106 3979 ·i·
1131 3939 1185 4000 per
1213 3920 1315 3981 aedem
1339 3921 1479 3991 Pollucis,
1503 3923 1534 3980 ·i·
1552 3939 1604 4000 per

309 4021 451 4100 templum
474 4020 612 4083 Pollucis.
658 4021 797 4092 Castor,
822 4040 876 4103 per
898 4022 1018 4084 domum
1043 4023 1180 4084 Castoris.
1226 4023 1329 4084 Castor
1357 4030 1386 4083 et
1415 4021 1516 4084 Pollux
1545 4021 1633 4083 dnos

308 4124 418 4184 iratres
444 4123 565 4186 luerunt
592 4123 645 4186 lilii
667 4124 759 4196 louis,
789 4143 844 4205 per
866 4142 940 4204 quos
961 4125 1076 4204 antiqui
1098 4123 1244 4185 iurabant.
1290 4123 1326 4184 Et
1348 4131 1418 4186 sunt
1439 4125 1552 4202 gemini
1573 4127 1602 4184 in

308 4224 406 4295 caelo,
432 4228 460 4286 ·i·
484 4227 581 4288 clarae
603 4226 716 4288 stellae.
760 4227 910 4297 llercle,
929 4228 958 4287 ·i·
976 4243 1030 4304 per
1045 4225 1212 4302 Herculem,
1236 4227 1288 4307 qui
1311 4234 1355 4288 est
1377 4227 1490 4288 medius
1503 4225 1602 4296 lidius,

309 4397 537 4404 ..-————.-.—..·—-

377 4516 389 4564 1
409 4514 497 4564 Prima
514 4517 625 4580 paginae
643 4517 693 4564 127
711 4515 789 4566 uerba
805 4516 942 4581 putredine
960 4516 1135 4582 deperientnt.
1221 4516 1237 4568 5
1255 4511 1344 4584 poete]
1374 4517 1452 4582 Verg.
1473 4515 1539 4571 Aen.
1563 4515 1605 4566 VI

309 4585 357 4632 791
429 4585 457 4632 il
478 4583 541 4632 Post
559 4583 680 4633 eduerbin
699 4584 797 4633 numeri
815 4585 934 4634 nonnulla
951 4583 1031 4635 uerda
1053 4591 1222 4643 euanuenunt,
1239 4583 1367 4644 fortusse:
1387 4583 1464 4635 semel
1485 4583 1517 4633 ab
1543 4599 1601 4642 uno,

307 4651 342 4713 es.
362 4653 393 4700 15
497 4652 529 4700 1⁹
548 4652 611 4701 Post
629 4649 705 4700 irater
722 4654 819 4718 aliquot
836 4653 918 4702 tineae
936 4653 1002 4703 adeo
1019 4654 1156 4716 putredine
1173 4653 1325 4704 obscuratae
1346 4659 1418 4711 eunt,
1441 4659 1468 4703 ut
1484 4654 1536 4703 ian
1555 4653 1604 4720 legi

307 4726 448 4784 nequeant:
467 4721 493 4768 in
510 4720 553 4780 tie,
574 4735 639 4785 quae
654 4736 681 4785 p.
700 4723 751 4770 128
767 4721 885 4786 proxime
902 4725 1107 4784 antecesserant,
1126 4723 1160 4772 de
1177 4719 1306 4772 aduertite
1324 4722 1455 4788 qualitatis
1471 4736 1504 4770 ee·
1524 4724 1602 4772 noni·

307 4783 380 4836 utu
397 4787 531 4836 adtectiuie
548 4788 651 4837 diuersa
668 4789 823 4840 terminandi
837 4789 938 4840 radone
956 4789 1166 4840 descendentibus
1183 4795 1265 4841 aetum
1279 4789 1361 4852 fuisse
1383 4795 1463 4855 patet.
1571 4791 1602 4840 Si

307 4849 423 4923 minime]
443 4855 477 4919 os.
495 4853 562 4909 Don.
577 4871 605 4920 p.
624 4857 685 4922 362,
703 4859 738 4908 28
755 4873 809 4908 cum
826 4858 913 4909 aduret.
982 4859 1015 4909 '28
1032 4855 1171 4926 Virgilius]
1192 4860 1257 4910 Aen.
1276 4857 1292 4908 1
1312 4859 1365 4910 321
