3390 5444
662 391 872 444 nnnnnnsm.
1279 459 1282 466 Ι
1346 389 1404 454 131

108 581 197 656 faciei
225 591 254 642 ει
282 581 350 642 lmie
371 581 470 642 faciei.
516 581 709 642 decusatiuus
731 579 888 658 singularis
910 580 940 640 in
964 598 1010 640 em
1034 578 1345 664 correptamdesinit,
1376 587 1408 638 ut

108 680 186 742 banc
208 681 328 752 faeiem,
353 683 485 762 exceptis
508 680 719 761 monosyllabis
740 699 824 761 spem
846 699 910 742 rem
927 677 938 763 l
955 682 975 742 f.
994 677 1069 741 112·
1086 679 1113 763 ll,
1138 699 1213 761 quae
1237 681 1406 761 producun-

107 790 167 860 tur.
212 781 364 844 ablaticus
385 782 544 861 singularis
567 803 584 844 e
605 783 751 862 producta
774 784 959 853 terminatur,
984 791 1017 843 ut
1038 781 1075 844 ab
1097 781 1155 844 boe
1176 783 1269 852 facie,
1293 783 1405 860 geneti-

108 901 165 945 uus
186 882 310 963 pluralis
332 885 361 946 in
384 903 451 945 rum
474 893 644 965 correptam
668 886 793 961 desinit,
816 884 933 946 datiuus
955 892 985 945 et
1006 882 1152 944 ablatiuus
1167 882 1290 964 pluralis
1305 884 1337 944 in
1353 882 1409 943 bns

80 993 279 1066 scorreptam
307 987 520 1055 terminantur:
556 988 720 1049 secundum
748 987 826 1050 hanc
854 985 987 1065 regulam
1016 985 1113 1046 omnia
1138 969 1260 1045 ¹nomina
1288 986 1407 1064 quintae

106 1085 316 1148 declinationis
343 1086 517 1148 declinanda
546 1096 630 1157 suut,
660 1097 692 1150 ut
718 1089 792 1151 baec
820 1089 935 1170 speeies
963 1085 1051 1149 liuius
1071 1087 1182 1166 speciei
1204 1087 1274 1148 huie
1296 1087 1407 1166 speciei

107 1188 185 1248 bano
213 1189 344 1268 speciem
367 1208 385 1250 o
407 1191 522 1270 species
552 1189 589 1251 ab
617 1190 674 1253 bac
701 1191 801 1271 specie
829 1186 1042 1270 etpluraliter
1073 1186 1129 1248 hae
1161 1188 1277 1267 species
1304 1186 1408 1248 barum

106 1292 277 1369 specierum
300 1291 347 1352 bis
369 1291 528 1372 speciebus
549 1292 603 1354 has
625 1296 742 1374 species
764 1312 782 1353 o
804 1293 918 1372 speeies
941 1289 978 1352 ab
1003 1289 1050 1351 bis
1073 1288 1238 1370 speciebus.
1284 1287 1334 1349 Sic
1356 1287 1407 1348 de·

107 1390 247 1454 clinauda
269 1400 339 1455 sunt
362 1402 391 1453 et
414 1391 469 1454 alia
492 1397 612 1455 nomina
635 1396 777 1456 feminina
794 1396 913 1472 quintae
930 1391 1152 1462 declinationis,
1177 1398 1210 1452 ut
1227 1390 1302 1451 baec
1316 1391 1409 1452 facies

69 1513 95 1554 ιο
108 1491 219 1570 glacies
241 1496 399 1574 progenies
421 1496 546 1556 canities
564 1496 714 1594 pernicies
736 1497 834 1556 sanies
856 1495 956 1556 rabies
977 1493 1125 1572 ingluuies
1147 1494 1294 1556 caesaries
1315 1500 1408 1553 mate·

108 1596 170 1656 ries
199 1594 331 1658 luxuries
359 1597 516 1677 pauperies
550 1597 724 1676 superficies
757 1597 850 1658 series
883 1597 1025 1674 segnities
1052 1599 1131 1657 ecies
1157 1597 1287 1673 requies.
1332 1594 1409 1655 Sunt

108 1704 209 1757 autem
232 1697 288 1758 alia
312 1700 432 1758 nomina
455 1699 597 1758 feminina
614 1699 735 1775 quintae
751 1695 968 1766 declinationis,
993 1713 1081 1776 quae,
1106 1704 1138 1758 ut
1158 1697 1198 1756 ait
1214 1695 1408 1775 Virgilius,

108 1795 222 1876 duplici
238 1797 434 1860 declinatione
448 1797 592 1877 gaudent,
610 1809 643 1859 ut
658 1798 731 1860 baec
747 1801 888 1860 materies
903 1798 1037 1859 materiei
1060 1804 1089 1858 et
1110 1797 1185 1859 bace
1199 1800 1322 1860 materia
1345 1816 1407 1859 ma-

110 1900 213 1975 teriae,
227 1898 301 1961 baec
316 1901 478 1979 temperies
493 1901 648 1980 temperiei
664 1901 781 1962 ethaeo
797 1901 941 1981 temperie
958 1902 1129 1979 temperies,
1144 1899 1218 1962 baec
1231 1899 1365 1961 caluities
1378 1910 1408 1960 et

70 2021 95 2062 rs
109 1998 185 2061 baec
207 1999 323 2061 caluitia
346 2009 376 2061 et
397 2001 454 2062 hoc
476 2000 638 2062 caluitiunt.
682 2000 754 2062 ltem
778 2001 852 2063 baec
873 2002 1014 2080 segnities
1030 2011 1059 2062 et
1080 1999 1154 2061 haec
1176 2002 1310 2079 segnitia,
1333 1999 1408 2062 haec

106 2100 237 2164 laetities
259 2111 288 2164 et
310 2102 384 2164 haec
407 2101 531 2172 laetitia,
556 2103 629 2164 baec
652 2104 771 2184 requies
793 2111 823 2163 et
845 2103 918 2164 baec
939 2103 1059 2183 requia,
1082 2102 1157 2164 baec
1178 2102 1268 2163 iacies
1290 2100 1408 2164 ethaeo

108 2204 195 2264 facia.
227 2203 285 2264 Sed
309 2204 355 2264 bis
376 2204 467 2265 multa
490 2204 629 2266 distantia
653 2214 710 2266 cst:
735 2223 802 2265 nam
825 2205 966 2283 segnities
988 2223 1043 2283 per
1065 2203 1311 2266 consuetudinem
1334 2203 1407 2264 dici·

109 2315 168 2374 tur,
193 2306 317 2383 segnitia
341 2313 440 2366 auten
464 2315 577 2367 tantum
600 2307 735 2385 frigoris;
761 2308 832 2368 item
855 2305 982 2367 laetitios
998 2304 1089 2366 subiti
1105 2305 1242 2367 beneficii
1266 2315 1325 2376 est,
1349 2303 1408 2365 lae·

110 2407 174 2467 titia
198 2426 271 2468 uero
298 2406 462 2470 familiaris.
506 2407 579 2469 ltem
603 2409 721 2487 requies
744 2425 760 2468 a
783 2407 886 2469 labore
915 2408 1065 2485 refrigerii
1095 2417 1154 2482 εει,
1184 2409 1287 2485 requia
1310 2416 1409 2467 autem

70 2533 97 2572 so
110 2509 271 2568 otiositatis
294 2517 349 2570 εει.
379 2509 451 2570 ltem
467 2509 558 2571 iacies
581 2511 645 2589 ipsa
668 2511 841 2590 superficies
863 2516 908 2570 est
928 2507 1088 2578 naturalis,
1110 2509 1185 2569 facia
1208 2517 1305 2569 antem
1329 2509 1410 2570 simi-

112 2608 207 2671 litudo
229 2611 261 2670 iu
283 2611 407 2690 pictura.
744 2675 748 2685 ,

198 2711 303 2772 Omnia
327 2729 399 2790 ergo
422 2715 541 2774 nomina
570 2715 692 2794 quintae
719 2713 925 2776 declinationis
946 2715 956 2775 i
979 2711 1189 2794 paenultimam
1211 2721 1280 2772 ante
1303 2730 1334 2772 es
1356 2710 1409 2772 ba·

109 2813 194 2885 beat,
211 2815 241 2874 in
257 2811 350 2892 quibu
365 2812 520 2874 somnibus
541 2817 573 2876 in
596 2819 766 2895 genetiuoe
787 2814 968 2896 paenultima
990 2815 1174 2895 producitur,
1198 2815 1333 2894 exceptis
1355 2810 1409 2875 tri}

109 2914 169 2976 bus
199 2913 384 2986 nominibus,
413 2933 489 2996 quae
519 2935 579 2978 non
608 2917 718 2980 babent
739 2920 750 2978 i
772 2925 841 2978 ante
864 2935 897 2978 es
919 2918 950 2978 in
978 2918 1175 2985 nominatius,
1203 2924 1237 2977 ut
1264 2915 1337 2977 fides
1358 2933 1409 2976 res

70 3033 195 3097 sospes:
224 3023 382 3096 propterea
410 3017 441 3077 in
469 3016 517 3079 his
545 3038 560 3079 e
588 3019 768 3099 paenultima
797 3019 930 3098 genetiui
964 3019 1130 3098 corripitur.
1176 3017 1213 3078 lit
1244 3016 1410 3078 secundum

109 3127 232 3181 ueteres
252 3116 356 3198 plebes
378 3121 561 3181 nominatiuo
576 3119 732 3182 dicebatur
753 3129 783 3181 et
804 3121 926 3202 quintae
941 3117 1147 3181 declinationis
1170 3126 1247 3188 erat:
1271 3116 1411 3179 dicebant

109 3222 193 3281 enirn
223 3219 296 3281 haec
324 3218 427 3300 plebes
454 3220 568 3301 plebei;
596 3223 639 3284 sic
666 3224 759 3284 fa'mes
785 3222 875 3284 famei
904 3221 1041 3284 dicebant
1064 3227 1093 3280 et
1113 3220 1194 3296 ideo,
1224 3219 1295 3282 licet
1322 3219 1410 3280 modo
1472 3255 1474 3262 ·

109 3323 220 3384 tertiae
241 3318 447 3384 declinationis
470 3325 509 3384 sit
529 3324 640 3395 fames,
664 3333 762 3385 tamen
784 3323 931 3386 ablatiuus
946 3321 1105 3401 singularis
1121 3341 1137 3382 e
1151 3321 1251 3383 littera
1265 3320 1410 3402 producta

108 3425 292 3485 terminatur
313 3423 479 3486 secundum
503 3425 636 3504 regulam
660 3435 688 3488 et
710 3425 934 3489 similitudinem
957 3426 1111 3486 nominum
1135 3424 1255 3504 quintae
1278 3422 1410 3484 declina·

71 3549 95 3588 eo
109 3527 220 3598 tionis,
248 3543 324 3606 quae
347 3545 363 3586 e
385 3524 483 3588 littera
505 3528 648 3607 producta
670 3527 877 3589 terminantur.
920 3526 992 3588 lude
1014 3529 1045 3587 in
1068 3525 1152 3587 libris
1174 3525 1313 3587 Felicis
1336 3523 1409 3602 legi·

110 3637 176 3689 tur:
206 3644 271 3688 ora
298 3626 395 3688 fame
423 3646 490 3690 nec
518 3628 662 3692 babens
689 3631 889 3710 quicquam
916 3646 986 3707 qno
1016 3627 1127 3690 rebus
1150 3628 1289 3707 egenis.
1335 3625 1408 3688 Cum

108 3730 212 3791 omnia
235 3729 356 3790 nomina
379 3732 483 3791 tertiae
506 3729 724 3806 declinationis,
749 3749 825 3812 quae
848 3751 864 3792 e
885 3730 982 3792 littera
1005 3731 1212 3800 terminantur,
1235 3728 1370 3792 ultimam
1393 3745 1409 3788 e

107 3831 241 3894 litteram
263 3832 440 3912 corripiant,
469 3834 568 3894 omnia
591 3850 662 3912 ergo
685 3835 806 3894 nomina
829 3836 859 3894 in
882 3851 915 3894 es
937 3832 1078 3913 syllabam
1102 3831 1284 3894 nominatiuo
1307 3830 1409 3908 singu·

107 3934 167 3995 lari
201 3932 365 3994 desinentia
400 3936 488 3997 trium
523 3933 754 3997 declinationum
782 3942 862 4004 suut,
894 3933 951 3994 hoc
981 3944 1025 3997 est
1052 3937 1168 4016 primae
1197 3942 1226 3995 et
1255 3934 1359 3994 tertiae
1382 3940 1412 3992 et
1511 3953 1515 3960 ·

73 4037 252 4115 squintam
283 4035 335 4097 sed
363 4034 412 4098 illa
439 4036 559 4096 nomina
583 4055 615 4099 es
637 4034 748 4117 syllaba
776 4037 935 4097 terminata
964 4042 1035 4096 tunc
1063 4039 1176 4116 primae
1205 4035 1411 4096 declinationis

180 4318 368 4387 bsecundum]
387 4322 433 4372 sed
501 4323 568 4374 8ab
585 4323 626 4373 his
644 4325 745 4390 species
808 4325 846 4378 to
863 4324 974 4373 canicies
1042 4322 1171 4389 inglugies
1249 4323 1280 4372 11
1297 4321 1411 4373 luxuries

143 4392 223 4442 siries
241 4391 359 4456 signities
428 4391 460 4441 12
477 4387 613 4457 Virgilius]
635 4392 670 4455 cs.
688 4393 723 4445 A.
741 4393 838 4443 Metaon
854 4392 931 4443 Auel.
948 4393 1025 4444 oleon
1047 4391 1107 4443 Vat.
1130 4391 1197 4446 roan
1214 4390 1239 4440 V
1254 4406 1283 4455 p.
1302 4393 1326 4440 9.
1345 4393 1409 4442 137:

109 4459 179 4510 Sunt
196 4469 222 4508 ει
238 4457 371 4518 feminina,
390 4473 455 4521 quae
472 4459 567 4525 duplici
585 4459 758 4510 declinatione
775 4459 900 4525 gaudent,
928 4470 956 4508 ut
977 4460 1096 4510 materies
1118 4470 1144 4510 et
1164 4457 1284 4523 materia,
1309 4457 1411 4508 caluitia

110 4527 211 4578 doloris
229 4525 362 4576 caleisium
379 4527 451 4586 artis,
469 4527 593 4592 segnities
612 4528 668 4577 uitii
686 4539 734 4590 est,
752 4527 863 4593 segnitia
880 4525 995 4592 frigoris,
1008 4526 1116 4578 laetitios
1134 4528 1211 4578 subiti
1230 4525 1345 4576 beneficii
1363 4536 1412 4584 est,

111 4597 207 4646 laetitia
226 4593 415 4656 familiaritatis,
434 4595 534 4658 requies
552 4594 678 4660 refrigerii
694 4610 712 4645 u
728 4595 815 4644 labore
832 4603 881 4660 εει,
898 4596 988 4658 requie
1006 4595 1131 4646 otiositas.
1201 4597 1234 4645 14
1250 4593 1298 4643 hec
1315 4606 1412 4660 tempe-

111 4664 194 4714 rentia
212 4664 397 4728 temperantiae
483 4663 515 4714 tc
533 4677 548 4712 o
566 4661 695 4713 celantium
764 4661 882 4728 signities
950 4664 1056 4729 signitia
1136 4665 1168 4714 16
1186 4662 1277 4713 letities
1328 4661 1412 4712 leticia

113 4735 142 4782 tt
161 4732 225 4782 latin
278 4731 397 4796 signities
450 4731 482 4782 ta
498 4731 605 4795 signitiu
656 4729 750 4780 leticies
803 4729 895 4780 benefli
940 4730 1019 4781 letitia
1071 4734 1103 4783 la
1120 4731 1236 4797 refrigeri
1254 4741 1294 4780 est
1310 4731 1411 4793 requies

110 4801 144 4851 20
162 4799 307 4850 otiositatis
353 4797 434 4848 facies
503 4801 535 4848 2⁶2
553 4801 642 4862 quintu
693 4809 752 4848 aitte
770 4814 799 4849 us
868 4800 901 4849 ιθ
919 4798 1066 4850 dicebantur
1134 4802 1168 4852 28
1186 4797 1310 4864 singulari
1379 4800 1412 4848 30

112 4869 136 4918 iu
154 4869 227 4918 libris
246 4862 334 4930 illicis]
355 4868 433 4931 Apud
450 4866 606 4917 Marcianum
622 4867 671 4918 iate
688 4869 758 4917 lectu
769 4882 825 4920 aon
842 4873 924 4918 estat.
994 4871 1027 4919 33
1044 4869 1186 4935 corripiunt
1247 4865 1379 4932 singulare

1170 4951 1206 5006 9*
