3394 5448
695 366 928 418 commentum
946 365 1189 418 EINSIDLENSE
1248 385 1255 398 ·

837 587 886 649 DE
910 587 1073 650 NVMERO.

222 729 297 777 sem
397 707 527 770 llualis
554 726 697 770 numerus
720 715 764 768 εει
786 708 815 768 in
840 709 973 776 nomine,
1002 709 1054 785 qui
1077 706 1268 786 singulariter
1292 709 1392 770 efferri
1415 727 1475 769 non
1500 716 1613 787 potest,

314 820 345 872 nt
367 814 397 871 in
420 809 533 872 ‘amhn'
558 818 587 870 ει
608 814 639 870 ln
663 809 762 878 ‘duo';
795 807 929 870 similiter
952 811 982 868 in
1005 808 1100 870 uerbo
1123 807 1218 870 dualis
1240 827 1382 872 numerus
1406 819 1465 880 εει;
1495 820 1534 874 ut
1558 809 1613 871 le·

312 931 413 993 gere,
437 911 562 973 dicimus
586 913 663 972 enim
687 912 799 989 ‘legere
823 911 902 972 uolo’
920 919 949 972 et
963 909 1075 990 ‘legere
1091 911 1241 972 uolumus'
1264 915 1295 972 in
1318 912 1461 990 singulari
1483 931 1613 972 numero

316 1022 345 1075 et
367 1017 397 1074 in
420 1013 536 1094 plurali.

222 1136 299 1185 ema
398 1117 676 1196 Componuntur
699 1111 810 1175 uerba
830 1122 1006 1191 quattuor
1030 1113 1158 1185 modis,
1182 1117 1281 1175 sicut
1303 1121 1338 1176 et
1360 1113 1458 1176 aliae
1479 1125 1612 1194 partes

223 1217 517 1286 numerationis:
547 1235 588 1277 ex
617 1214 761 1278 duobus
790 1218 998 1295 corruptis,
1030 1225 1068 1277 ut
1097 1216 1243 1287 cilicio,
1273 1215 1309 1277 ab
1333 1236 1369 1278 ex
1393 1227 1422 1277 et
1444 1216 1537 1286 lacior
1568 1237 1609 1276 er

222 1318 457 1390 mutuatus
479 1319 657 1396 integris,
681 1325 719 1378 nt
741 1316 898 1387 abduco,
923 1336 958 1378 ex
982 1317 1019 1378 ah
1042 1324 1071 1378 et
1094 1319 1181 1380 (luco.
1226 1317 1273 1378 Ex
1296 1325 1477 1396 corrupto
1501 1328 1536 1379 et
1559 1320 1608 1378 in·

222 1429 419 1500 sm,stegro
449 1418 647 1497 melligo,
676 1421 701 1479 i·
732 1417 817 1478 ualde
852 1416 922 1497 ligo.
975 1417 1154 1497 [lelringo
1189 1439 1223 1480 ex
1252 1421 1370 1498 integro
1398 1429 1428 1481 et
1456 1428 1607 1499 corrupto.

312 1523 464 1602 Repono
493 1528 590 1602 potest
617 1519 727 1581 resolui
755 1521 784 1580 in
814 1519 874 1581 duo
901 1523 1032 1598 integra,
1062 1523 1139 1581 sicut
1160 1528 1190 1581 ει
1218 1520 1398 1582 distraho.
1445 1521 1637 1581 Sollicion

312 1627 510 1704 compositum
540 1641 574 1683 ex
605 1621 721 1683 duobus
749 1624 898 1702 corruptis
920 1625 944 1683 i·
969 1640 1004 1681 ex
1029 1621 1084 1682 suh
1108 1631 1138 1682 et
1160 1623 1245 1683 lacio.
1292 1622 1327 1682 Et
1350 1621 1468 1703 quando
1491 1625 1605 1701 integre

312 1726 487 1796 declinatur,
511 1732 556 1785 est
577 1723 788 1792 subministro:
826 1724 944 1805 qnando
968 1721 1205 1804 impersonaliter
1227 1725 1348 1785 ‘suflicit
1370 1724 1443 1784 milri
1465 1723 1520 1785 tihi
1541 1725 1603 1794 illi’,

313 1829 461 1908 significat
482 1826 598 1895 ‘satis’;
627 1825 747 1886 sullio
776 1833 822 1888 est
844 1825 1001 1904 suffumigo
1024 1832 1053 1886 ει
1076 1833 1121 1886 εει
1143 1827 1339 1905 compositum
1364 1845 1400 1886 ex
1422 1825 1476 1886 suh
1499 1835 1531 1888 et
1552 1828 1601 1892 lio:

312 1929 496 2010 suspendo
519 1935 564 1989 est
586 1945 704 1988 sursum
728 1927 841 2007 pendo;
865 1929 1030 2007 suspicio
1053 1929 1248 2007 compositum
1273 1937 1319 1990 est
1333 1947 1369 1989 ex
1386 1926 1441 1989 suh
1457 1937 1487 1988 et
1502 1930 1601 2008 spicio.

312 2031 364 2093 sed
388 2050 447 2093 non
471 2037 569 2110 potest
591 2025 701 2090 resolui
723 2031 752 2089 in
776 2029 836 2090 duo
859 2031 997 2108 integra„
1012 2029 1080 2110 quia
1103 2031 1234 2108 ‘spicio'
1257 2031 1287 2091 in
1310 2048 1364 2090 usu
1394 2047 1452 2090 non
1475 2039 1535 2098 est:
1562 2033 1632 2090 sien

311 2141 342 2195 et
364 2133 543 2213 compleo.
634 2162 638 2172 ·

209 2261 300 2308 aomo
397 2234 580 2314 Tempora
608 2232 737 2295 uerbis
765 2232 944 2295 accidunt
972 2234 1053 2294 tria.
1104 2231 1252 2312 Tempora
1282 2231 1420 2295 dicuntur
1448 2253 1464 2294 a
1491 2243 1599 2313 tempe·

311 2335 420 2407 rando,
444 2339 463 2397 i·
488 2355 504 2397 a
525 2335 719 2397 moderando.
757 2336 832 2395 Sunt
854 2337 923 2395 anni
945 2342 1083 2412 quattuor
1107 2343 1255 2415 tempora,
1278 2353 1354 2414 quac
1377 2336 1505 2397 inuicem
1527 2338 1599 2396 inter

312 2457 344 2499 εε
368 2436 575 2509 moderantur,
608 2446 704 2499 aestas
733 2436 825 2498 calida
849 2443 878 2496 ει
899 2437 996 2497 hiems
1018 2435 1122 2514 frigida
1146 2436 1338 2497 moderantur
1361 2456 1416 2498 uer
1438 2444 1467 2499 et
1487 2447 1595 2498 autum·
1680 2429 1681 2452 ¹

312 2559 396 2612 num,
421 2538 490 2601 inde
506 2541 665 2620 ‘tempora’
681 2538 807 2600 dicimus
821 2541 851 2598 in
867 2537 960 2599 uerho
976 2536 1134 2617 qualitates
1149 2534 1163 2620 ll
1180 2534 1240 2599 182
1255 2534 1269 2622 ΙΙ
1286 2547 1454 2601 nostrorum
1476 2547 1594 2600 actuum.
1606 2557 1625 2594 ει

311 2640 397 2714 Quod
413 2643 537 2703 enimin
553 2643 703 2722 praesenti
719 2641 856 2709 iacimus,
881 2657 1023 2719 praesens
1045 2648 1163 2720 tempus
1186 2659 1341 2710 nocemus;
1366 2640 1442 2721 quod
1466 2643 1495 2702 iu
1516 2661 1594 2720 prae-

312 2745 422 2814 teritis,
451 2745 646 2823 praeteritum
670 2751 788 2822 tempus
811 2761 966 2811 uocemus;
991 2741 1070 2822 quod
1094 2744 1123 2802 in
1146 2743 1248 2803 loturo
1270 2762 1372 2804 sumus
1394 2745 1501 2813 acturi,
1523 2745 1593 2803 lutu-

313 2864 378 2907 rum
403 2854 518 2926 tempus
534 2845 668 2908 dicimus.
700 2844 846 2906 Praesens
861 2861 934 2904 uero
951 2853 1066 2924 tempus
1082 2862 1097 2904 a
1113 2843 1299 2924 philosophis
1315 2846 1453 2907 ‘instans’
1469 2854 1590 2912 uocatur,

310 2965 346 3007 eo
369 2947 446 3027 quod
472 2966 530 3008 non
553 2955 625 3009 stat:
650 2947 736 3009 uerhi
759 2947 866 3025 gratia,
891 2963 959 3005 cum
982 2945 1049 3006 dico
1065 2946 1166 3024 ‘lego’‚
1190 2966 1259 3027 pars
1281 2949 1441 3027 praeterita
1463 2954 1515 3015 est,
1529 2964 1589 3027 pars

310 3048 422 3116 lutura;
456 3067 598 3129 praesens
626 3051 704 3110 enim
734 3059 852 3125 tempus
886 3046 958 3108 nihil
986 3045 1064 3108 aliud
1094 3056 1139 3108 est
1167 3048 1222 3108 nisi
1249 3049 1409 3109 confinium
1438 3051 1512 3110 inter
1536 3049 1617 3108 tuos
1679 3079 1680 3132 p

309 3157 459 3231 tempora,
488 3153 513 3211 i·
543 3159 669 3230 punctus
707 3151 787 3211 inter
825 3153 1020 3230 praeteritum
1055 3160 1085 3211 et
1113 3151 1257 3212 luterum.
1308 3150 1453 3211 Futurum
1484 3161 1585 3229 tempus
1679 3153 1680 3172 ¹

309 3251 448 3314 similiter
471 3252 679 3332 imperiectnm
704 3261 793 3333 atque
814 3255 962 3314 incertum
987 3259 1045 3323 est,
1074 3253 1143 3313 licet
1170 3251 1313 3332 quaedam
1337 3253 1435 3313 lutura
1458 3252 1583 3314 natmalia

308 3357 383 3422 sint,
408 3362 440 3414 ut
462 3353 540 3416 diem
564 3357 699 3433 sequitur
722 3373 795 3424 nox,
820 3361 849 3414 et
870 3355 947 3414 sicut
968 3353 1011 3414 sol
1034 3372 1121 3415 mane
1140 3355 1235 3415 oritur
1257 3364 1287 3414 ει
1310 3373 1377 3416 sero
1401 3355 1517 3416 occidit:
1537 3355 1583 3414 hoc

308 3454 416 3516 cotidie
439 3457 480 3517 lit.
524 3454 581 3526 Ea,
605 3459 726 3536 quaein
743 3464 845 3517 nostro
867 3463 934 3516 actu
957 3457 1044 3526 liunt,
1069 3458 1181 3517 incerta
1204 3464 1288 3527 sunt,
1311 3457 1377 3537 quia
1400 3466 1519 3538 possunt
1530 3473 1581 3516 esse

210 3566 213 3572 ’
309 3567 338 3619 ει
360 3577 419 3618 non
443 3577 519 3619 esse.
557 3558 752 3620 Praeteritum
775 3576 848 3619 uero
865 3566 980 3637 tempus
1002 3560 1167 3637 perlectum
1190 3565 1280 3640 atque
1302 3568 1417 3621 certum
1434 3567 1491 3628 est;
1512 3576 1608 3637 prae-r·

309 3661 395 3721 terita
424 3661 505 3721 enirn
535 3677 584 3720 res
611 3659 742 3739 perlecta
766 3667 810 3742 est
833 3667 863 3720 et
884 3658 951 3719 ideo
980 3661 1011 3720 in
1040 3668 1101 3721 tres
1127 3670 1228 3741 partes
1250 3658 1410 3732 diuiditur,
1439 3663 1465 3721 i·
1487 3663 1514 3722 in
1534 3669 1581 3720 ue
1678 3695 1679 3724 t

309 3763 435 3842 species.
481 3760 605 3832 Quando
628 3761 737 3842 aliquid
760 3760 937 3822 inchoamus
960 3760 1047 3823 etad
1071 3763 1158 3824 linem
1182 3763 1384 3841 perducimus,
1407 3763 1579 3844 praeteritum

308 3864 476 3943 perlectum
506 3872 564 3933 est,
593 3862 679 3924 uerhi
707 3865 817 3943 gratia:
853 3862 941 3942 ‘quid
972 3864 1068 3946 iecisti
1095 3863 1196 3926 heri‘l’
1225 3864 1330 3945 ‘legi',
1361 3867 1386 3926 i·
1411 3874 1501 3928 totum
1526 3865 1580 3942 legi.

308 3965 505 4027 Praeteritum
534 3965 742 4045 imperfectum
772 3974 830 4034 est,
860 3965 978 4046 qnando
1006 3964 1118 4047 aliquid
1146 3965 1319 4028 inchoamus
1342 3975 1372 4028 ει
1395 3985 1455 4028 non
1481 3965 1579 4047 perlici·

309 4085 388 4138 mus,
411 4075 455 4128 ut:
480 4065 563 4147 ‘quid
586 4065 716 4128 laeiehas
738 4067 837 4129 herit'
862 4066 1014 4145 ‘legebam
1038 4085 1173 4139 uersum,
1204 4069 1257 4130 sed
1279 4071 1316 4132 ad
1339 4071 1428 4131 linem
1451 4087 1506 4130 non
1525 4077 1604 4148 per-12

308 4167 405 4240 duri'‚
430 4171 455 4229 i·
479 4186 539 4230 non
568 4176 661 4230 totum
691 4167 760 4248 legi.
803 4169 1001 4231 Praeteritum
1025 4170 1371 4252 plusquamperfectum
1395 4181 1453 4241 est,
1480 4173 1507 4232 io
1531 4186 1577 4247 quo

306 4289 357 4332 res
379 4271 472 4332 multo
494 4273 551 4332 iam
575 4279 709 4351 tempore
732 4272 809 4333 lacta
832 4284 892 4342 εει,
916 4279 961 4332 ut:
986 4271 1069 4350 ‘quid
1085 4273 1182 4334 iecisti
1204 4275 1235 4334 in
1257 4282 1307 4336 tua
1331 4275 1483 4336 iniantial’
1504 4271 1578 4348 ‘lege-

307 4374 393 4436 ram’.
432 4373 510 4452 Ergo
532 4375 563 4434 in
586 4373 682 4435 modis
697 4373 860 4436 uerborum
884 4374 1015 4451 quinque
1038 4383 1171 4455 tempora
1195 4383 1400 4448 numerantur,
1423 4377 1487 4456 qnia
1506 4390 1577 4454 prae·
1677 4357 1678 4362 ¹

306 4477 426 4538 teritum
449 4484 567 4556 tempus
589 4476 620 4536 in
643 4481 704 4538 tres
727 4483 826 4555 partes
849 4475 1001 4538 diuiditur.

307 4663 534 4673 mu...—

376 4785 408 4834 10
425 4777 539 4846 snlfloio]
558 4783 594 4846 cf.
614 4783 679 4833 Bon.
697 4799 724 4848 p.
744 4785 805 4843 384,
824 4785 854 4832 9:
872 4789 1052 4835 commentator
1066 4799 1117 4849 pro
1136 4784 1251 4849 suspicio
1269 4784 1378 4849 conpleo
1396 4787 1488 4848 teperet
1502 4784 1525 4832 la
1538 4791 1576 4828 uo

307 4850 409 4902 codice:
427 4849 529 4901 sufficio
547 4849 624 4901 suillo
643 4851 776 4918 suspendo
795 4852 910 4918 suspicio
928 4851 1045 4920 conpleo.
1113 4854 1147 4903 36
1165 4854 1190 4902 ιιι
1208 4866 1274 4916 quos

518 5091 526 5120 ·
1487 5077 1514 5145 s
