3390 5444
862 1159 1026 1239 VIII

297 1355 724 1453 COMMENTVM
760 1321 1198 1457 EINSIDLENSE
1231 1356 1307 1453 IN
1334 1335 1671 1498 DONATliti

646 1509 879 1608 ARTEM
905 1511 1236 1608 MINOREM.

855 1752 1007 1760 *W
1526 1687 1541 1762 i

784 1936 843 2014 (nu
865 1935 1107 2015 rnonnurnu.)

144 2117 589 2204 canon-unnenllrag.11211
606 2123 684 2201 Ergo
699 2124 778 2184 iuxta
795 2122 994 2185 definitionem
1019 2123 1085 2184 soni
1108 2122 1185 2182 diota
1209 2132 1254 2182 est
1276 2140 1403 2201 persona
1421 2141 1436 2182 a
1452 2121 1593 2182 concaui-

297 2229 355 2282 tate
378 2221 541 2294 laruarum,
565 2225 719 2303 qnoniam,
743 2243 801 2303 qtto
823 2225 917 2287 maior
940 2232 1003 2287 erat
1025 2225 1206 2294 comanitas,
1232 2243 1267 2284 eo
1282 2231 1311 2285 et
1325 2223 1471 2304 prolixior
1488 2221 1593 2283 redde-

296 2322 383 2384 batur
413 2343 511 2386 sonus.
557 2326 727 2388 Secundum
755 2345 828 2387 itero
856 2325 1052 2388 substantiam
1081 2344 1207 2407 persona
1235 2336 1282 2386 est
1309 2324 1460 2386 indiuidua
1492 2325 1592 2385 nnius·

296 2426 441 2504 cuiusque
468 2430 512 2488 rei
541 2430 784 2508 repraesentatio.
828 2429 880 2490 Est
907 2447 979 2508 ergo
1006 2429 1101 2509 prima
1130 2445 1273 2506 persona,
1303 2445 1379 2507 quae
1406 2427 1443 2486 de
1470 2445 1504 2487 se
1533 2427 1615 2506 ipsas

297 2525 437 2606 loquitur,
461 2529 605 2600 secunda.
628 2531 768 2608 adquam
792 2529 925 2610 loquitur
947 2531 1057 2611 prima,
1080 2531 1169 2592 tertia
1184 2547 1316 2610 quoque.
1340 2529 1375 2590 ati
1393 2547 1481 2609 quam
1499 2530 1593 2608 prima

168 2645 385 2691 nminnsuum
409 2649 576 2692 sermonem
600 2632 709 2710 dirigit.
747 2633 860 2694 Casus
882 2634 979 2694 item.
1023 2633 1092 2694 ideo
1108 2631 1182 2692 lixit
1197 2633 1305 2703 ‘item’‚
1329 2633 1396 2709 qnia
1418 2633 1449 2691 in
1474 2631 1593 2691 nomine

295 2733 353 2792 iarn
370 2732 486 2795 dixerat
501 2752 594 2796 casus.
639 2734 707 2796 Per
730 2753 837 2814 quos,
861 2754 885 2795 s.
902 2753 997 2796 casus,
1029 2732 1297 2808 inflectuntur,
1323 2735 1442 2794 nomina
1457 2735 1592 2793 omnium

296 2851 454 2912 generunt,
472 2837 647 2916 pronomina
663 2837 794 2898 omnium
810 2852 953 2913 genarum
977 2845 1007 2897 et
1022 2837 1175 2917 participia
1199 2837 1330 2897 omnium
1353 2853 1510 2914 generum,
1528 2835 1591 2912 quia
1673 2843 1674 2882 1

205 2937 371 2998 ammistae
387 2942 449 2998 tres
470 2934 662 2999 declinabiles
684 2944 763 3000 sunl.
798 2938 872 3016 Ego
895 2955 1100 3016 pronomen
1124 2939 1291 3013 linitum,
1316 2939 1335 2998 i.
1354 2936 1592 3004 determinatum,
1606 2953 1626 2988 n

297 3039 380 3115 quia,
403 3041 454 3116 qui
471 3040 543 3100 dicit
558 3057 623 3118 ego,
646 3041 862 3120 inpraesentia
887 3047 941 3101 est.
986 3041 1144 3102 Generis
1167 3041 1295 3101 omnis.
1327 3040 1412 3101 Siout
1427 3040 1509 3100 enim
1526 3037 1594 3097 dicit

206 3153 285 3201 nanu
299 3139 446 3216 nir‘ogo’.
464 3142 503 3202 ita
521 3149 549 3201 et
564 3141 680 3212 mulier,
697 3145 741 3203 sio
757 3151 787 3203 el
803 3143 991 3220 mancipium.
1023 3144 1140 3205 Casus
1162 3144 1401 3204 nominatiui.
1432 3137 1591 3202 Sciendum

296 3249 355 3310 est,
385 3241 463 3320 qnod
487 3244 581 3322 prima
605 3261 730 3323 persona
760 3247 791 3306 in
814 3241 1018 3322 singularitate
1047 3243 1145 3305 delicit
1167 3246 1197 3305 in
1226 3245 1380 3313 uoratiuo,
1410 3243 1477 3323 quia
1508 3259 1593 3302 nemo

295 3347 394 3421 potest
422 3362 454 3404 se
483 3345 580 3423 ipsum
610 3364 734 3416 tronare,
764 3347 820 3407 uisi
848 3345 1060 3426 upooouou'a
1087 3347 1140 3416 sit,
1170 3347 1189 3408 i.
1213 3345 1409 3408 conformatio
1437 3361 1591 3426 personae,

296 3443 415 3523 quando
431 3445 538 3526 aliquis
553 3447 677 3524 ligurate
693 3447 728 3508 ad
742 3449 883 3528 seipsum
899 3449 983 3527 quasi
998 3446 1034 3508 ad
1048 3446 1137 3510 alium
1151 3447 1289 3529 loquitur,
1307 3448 1384 3509 sicut
1395 3444 1591 3525 Virgilius:
1605 3459 1623 3494 ¹⁵

499 3546 637 3609 inlelix
658 3548 767 3619 uino,
791 3567 887 3609 nuno
910 3558 944 3608 te
967 3549 1065 3612 lanta
1087 3551 1200 3630 impia
1223 3556 1388 3628 tangunt.

205 3661 286 3714 amna
300 3646 373 3707 nido
390 3651 469 3709 enirn
486 3650 522 3711 ad
538 3669 570 3712 se
586 3651 679 3730 ipsam
695 3650 882 3730 loquebatur.
915 3650 955 3710 Vt
978 3667 1057 3728 ego,
1075 3649 1157 3730 lego;
1181 3654 1251 3712 mei
1274 3649 1333 3712 uel
1356 3653 1440 3728 mis,
1457 3649 1536 3710 liber
1553 3657 1594 3707 est

295 3751 364 3818 iste;
383 3750 487 3821 mihi,
505 3751 599 3820 neuin
622 3771 683 3823 mo,
700 3752 814 3821 laudat;
831 3773 845 3813 a
863 3771 931 3822 me,
948 3754 1078 3830 accepim
1095 3762 1130 3814 et
1145 3752 1352 3833 pluraliter
1367 3771 1443 3826 nos,
1457 3749 1592 3829 legimus.

297 3849 355 3911 lam
378 3853 476 3932 prima
499 3870 624 3933 persona
646 3856 741 3934 iungit
763 3873 796 3916 se
819 3874 887 3916 oum
910 3855 976 3916 aliis
1000 3863 1028 3916 et
1050 3855 1118 3916 ideo
1148 3855 1238 3916 habel
1267 3855 1449 3915 uocatiuum:
1482 3857 1518 3913 ‘o
1542 3869 1592 3912 nos

297 3953 402 4015 iratres
431 3953 597 4034 legamusi'
642 3957 716 4036 Ego,
746 3957 824 4036 quod
852 3957 965 4018 Graece
994 3955 1129 4016 similiter
1157 3955 1264 4018 dieitur
1293 3951 1371 4034 ἐγώ.
1420 3954 1483 4026 Tu,
1513 3953 1623 4034 quoti-n

297 4055 402 4116 Graeci
435 4055 538 4118 dieunt
565 4051 623 4127 σύ,
657 4077 742 4120 casus
775 4060 947 4120 nominatiui
979 4067 1008 4119 et
1037 4059 1165 4119 uocatini
1193 4065 1247 4118 est.
1296 4055 1433 4118 Secunda
1464 4073 1590 4136 persona

298 4155 388 4218 habet
411 4161 594 4236 nonatiuum,
624 4167 657 4221 ui
679 4163 727 4220 ‘tu
751 4159 860 4222 lrater'
874 4207 967 4222 .....
1004 4161 1054 4222 Est
1074 4163 1153 4221 seire
1175 4167 1346 4239 praeterea,
1376 4155 1454 4238 quoti
1477 4156 1589 4219 nullum

365 4413 427 4466 God.
447 4412 557 4466 Binaidl.
573 4417 622 4465 172
639 4430 708 4468 aner.
723 4416 749 4465 X
756 4432 782 4479 p.
797 4419 846 4465 112
859 4442 892 4450 -
904 4432 930 4479 p.
945 4417 1006 4467 138.
1075 4416 1164 4464 Prima
1182 4420 1307 4465 tractatus
1325 4416 1420 4480 popina
1439 4416 1487 4463 111
1506 4419 1589 4477 putre-

296 4483 355 4533 dine
372 4483 410 4532 ita
426 4484 543 4546 eueniet,
561 4489 588 4532 nt
605 4486 656 4548 legi
673 4485 722 4533 ioan
739 4491 862 4549 nequeat,-
880 4485 969 4547 incipit
987 4499 1048 4532 nero
1064 4500 1080 4532 a
1098 4483 1196 4532 etnim:
1214 4482 1357 4547 ‘Bt'pertito
1374 4489 1413 4532 est
1432 4484 1464 4531 ·t'·
1483 4484 1511 4532 in
1528 4483 1589 4530 duaa

294 4557 385 4614 partes
407 4550 505 4600 diuisa'
523 4569 558 4596 t:
578 4551 642 4606 Boo.
660 4568 689 4617 p.
709 4555 768 4612 ι157,
788 4557 804 4601 5
823 4551 857 4604 K.
895 4551 959 4601 Nam
981 4553 1111 4616 quominus
1133 4553 1161 4600 ut
1182 4553 1269 4600 lemma
1291 4552 1327 4600 ael
1347 4553 1426 4600 lactem
1444 4552 1476 4599 de
1495 4550 1589 4600 nomine

295 4634 322 4682 p.
343 4621 405 4680 355,
425 4619 577 4682 Superiora
594 4621 742 4681 indicemus,
766 4620 851 4670 obstat
872 4621 1044 4670 commentarii
1064 4625 1132 4668 ratio
1156 4620 1293 4684 prolixt'or.
1333 4617 1447 4682 lleperiit
1466 4619 1544 4680 igitur
1561 4631 1589 4665 eo

295 4687 465 4750 expositionis
500 4703 555 4751 ara,
573 4705 624 4753 quo
641 4690 673 4738 de
691 4687 933 4752 eontinenpebotur.
1002 4685 1208 4737 inillinitionom
1281 4687 1311 4736 14
1328 4679 1587 4738 tirocotttotteto

297 4755 328 4803 15
348 4703 569 4818 Virgiliussden.
588 4755 636 4804 IV
650 4759 701 4805 596
768 4758 802 4806 20
820 4771 893 4818 grece
962 4757 991 4803 ‘ll
1008 4756 1074 4818 greci
1144 4757 1177 4805 22
1189 4756 1253 4803 Post
1266 4753 1341 4803 irater
1356 4753 1502 4804 uocabulum
1519 4767 1588 4803 unum

297 4823 371 4872 numo
386 4825 488 4886 patiore
506 4825 644 4874 extinctum
661 4831 713 4887 est,
732 4826 801 4889 quod
818 4824 1020 4889 insequentibus
1038 4839 1137 4890 qnoque
1152 4824 1250 4889 possein
1267 4823 1369 4874 accidit.
