3394 5448
319 363 450 410 ccxvln
615 349 662 400 1)ss
682 347 832 400 IVLIANO
850 346 1047 400 Totrt'rrtrto
1067 338 1309 400 GRAMMATICO

319 556 384 599 nos
412 539 601 608 conuenit,
638 538 942 618 praepositiones
970 539 1025 598 ios
1054 557 1158 598 suurn
1187 544 1273 598 tunc
1299 535 1490 606 obtinere,
1522 557 1588 599 cum
1671 552 1676 613 ζ

319 631 620 702 praeponuntur;
657 619 796 704 subpoll
814 622 833 684 l.
852 620 926 684 101·
943 619 1058 704 lisitas
1092 640 1183 683 uero
1216 631 1251 682 et
1283 623 1588 698 significationem
1672 622 1676 635 '

321 727 418 769 suam
447 716 482 768 et
510 709 579 768 uim
610 711 771 769 nominis
800 716 836 770 et
863 707 980 786 legem
1009 710 1203 788 propriam
1232 724 1302 767 non
1332 705 1477 766 trabere.
1524 708 1590 778 Quo·

318 793 425 854 modo?
468 792 500 853 Si
527 792 645 854 casibus
673 796 734 854 suis
759 811 817 853 non
842 795 1026 873 praepositae
1048 793 1171 860 luerint.
1201 811 1256 852 nec
1278 792 1505 867 significationes
1525 812 1590 862 snas,

318 879 393 939 idest
422 885 532 938 motum
560 887 610 939 aut
637 881 740 948 situm,
769 897 825 939 nec
853 896 960 939 nornen
988 878 1216 958 praepositionis
1239 875 1403 944 lrabebunt.
1436 876 1611 955 neclegens

318 966 468 1041 propriam
492 963 670 1034 retinebunt,
695 970 727 1024 nt
748 973 793 1024 est
816 963 906 1044 ‘pube
922 967 1029 1024 tenns’.
1068 964 1273 1043 Separatae
1295 963 1591 1042 praepositiones

317 1049 503 1127 separatis
526 1047 878 1130 praepositionibus
901 1067 970 1110 non
993 1048 1211 1118 cohaerent,
1242 1055 1277 1108 et
1299 1045 1478 1108 adnerbia
1499 1047 1590 1118 lacit,

318 1135 347 1194 si
370 1133 516 1214 quando
537 1133 641 1194 illam
663 1151 733 1194 non
756 1136 931 1212 sequitur
953 1152 1073 1204 casus,
1098 1143 1130 1195 ut
1152 1140 1196 1194 est
1218 1133 1289 1198 hoc:

469 1218 566 1279 Pone
589 1218 693 1281 subit
715 1219 865 1288 coniux,
890 1219 1046 1280 terimur
1070 1237 1136 1296 per
1159 1234 1272 1297 opaca
1296 1217 1472 1278 locorum.

318 1321 411 1380 Sunt
437 1323 499 1400 qui
527 1329 660 1400 putant
687 1321 859 1382 accidere
882 1321 1157 1400 praepositioni
1180 1319 1336 1398 liguram
1361 1327 1395 1380 et
1418 1319 1619 1381 ordinem:r¹

317 1407 490 1483 liguram,
513 1407 597 1485 quia
621 1414 706 1466 sunt
728 1407 1034 1485 praepositiones
1056 1404 1266 1484 simplices,
1297 1413 1334 1465 nt
1356 1403 1435 1474 abs,
1466 1423 1590 1482 conpo-

316 1493 424 1561 sitae,
449 1499 487 1552 ut
509 1489 663 1568 absque;
696 1491 878 1559 ordinem,
902 1493 985 1569 quia
1008 1498 1094 1552 suut
1115 1491 1426 1570 praepositiones
1449 1507 1591 1569 praepo-

317 1577 469 1644 sitiuae,
501 1585 538 1638 nt
559 1576 652 1646 sine,
677 1584 762 1638 sunt
783 1576 1066 1645 subiunctiuae,
1090 1583 1128 1637 ut
1150 1582 1266 1636 tenus.
1312 1574 1381 1635 Sed
1405 1593 1470 1635 uos
1492 1575 1592 1635 ethis

317 1660 459 1722 similia
490 1662 525 1720 in
560 1660 615 1722 bis
645 1660 934 1730 numerabimus,
972 1679 1064 1740 quae
1100 1660 1313 1740 inaequalia
1351 1661 1592 1728 nominantur,

317 1748 394 1807 sicut
427 1746 518 1806 uerba
551 1745 715 1826 inaequalia
749 1746 902 1816 dicuntur,
937 1765 1012 1826 quae
1045 1746 1081 1806 de
1113 1764 1165 1806 sua
1195 1744 1392 1820 declinatione
1421 1746 1452 1805 in
1481 1744 1622 1806 alienanto

318 1839 480 1892 transeunt.
525 1830 566 1891 lta
589 1839 618 1892 et
639 1833 889 1911 praepositiones,
919 1833 943 1892 si
966 1833 1027 1892 suis
1049 1830 1165 1891 casibus
1189 1849 1247 1890 non
1271 1831 1459 1899 deseruiunt,
1482 1838 1513 1890 ut
1534 1829 1594 1890 snb·

316 1917 475 1995 iungantur
498 1924 525 1976 et
549 1935 607 1977 uon
630 1925 860 1996 praeponantur,
883 1915 1046 1995 inaequalia
1070 1916 1217 1976 dicuntur.

773 2103 821 2165 DE
844 2103 1145 2166 lNTERlECTlONE.
1250 2120 1256 2128 ·

401 2223 623 2284 interiectio
657 2231 712 2284 est
743 2240 827 2302 pars
858 2224 1044 2283 orationis
1076 2223 1277 2283 interiecta
1311 2222 1399 2284 aliis
1435 2220 1595 2299 partibus

317 2311 504 2370 orationis
532 2307 574 2368 ad
603 2307 867 2388 exprimendos
895 2309 1003 2368 animi
1032 2307 1204 2369 allectus.
1250 2306 1423 2378 Quomodo?
1466 2306 1545 2366 Sicut
1568 2306 1624 2364 inec

316 2394 412 2471 primo
442 2401 540 2453 notata
571 2401 654 2463 sunt,
685 2395 723 2453 ita
751 2393 800 2453 bic
828 2395 1058 2472 interrogentur.
1103 2392 1288 2454 Sed-baec
1315 2411 1331 2451 a
1360 2393 1512 2452 Graecis
1539 2391 1594 2450 ad·

316 2478 464 2538 uerbiis
497 2476 756 2557 adplicantur,
789 2478 883 2558 quod
915 2477 997 2539 ideo
1026 2477 1150 2538 Latini
1183 2496 1254 2537 non
1289 2479 1439 2538 iaciunt.
1490 2473 1595 2544 Quare?

317 2562 390 2635 Quia
413 2562 615 2624 huiuscemodi
637 2580 740 2624 uocem
765 2581 824 2624 uon
846 2564 942 2624 statim
965 2562 1154 2643 subsequitur
1177 2561 1311 2624 uerbum.
1356 2561 1461 2622 Licet
1485 2571 1594 2621 autem

315 2664 382 2725 pro
410 2648 682 2709 interiectione
711 2648 818 2708 etiam
846 2646 939 2709 alias
966 2655 1093 2725 partes
1120 2648 1304 2708 orationis
1332 2643 1500 2722 singulas
1521 2644 1596 2722 plu·

315 2751 425 2793 resne
458 2733 684 2811 subponere,
720 2742 758 2793 nt
790 2733 929 2793 ‘netas'
964 2734 1048 2811 ‘pro
1081 2732 1212 2793 nolas'.
1269 2731 1441 2804 Quomodo?
1494 2730 1628 2791 ‘Nefas’s

315 2835 423 2878 nomen
452 2826 511 2887 est,
541 2819 608 2897 ‘pro
639 2817 733 2879 neias’
756 2818 922 2879 interiectio
945 2826 991 2879 est
1012 2817 1227 2896 exprobrantis.
1272 2822 1460 2878 docentus
1488 2818 1597 2876 inter-

314 2901 546 2964 iectionibus
575 2904 671 2964 certi
700 2921 782 2963 esse
811 2921 881 2964 non
904 2911 1077 2984 possunt,
1105 2912 1143 2964 ut
1165 2904 1244 2963 lere
1267 2905 1303 2962 in
1326 2901 1411 2962 aliis
1433 2901 1597 2966 uocibus,

315 3006 406 3065 quas
428 2986 642 3050 inconditas
664 2989 887 3051 inuenimns.
931 2987 1106 3059 Quomodo?
1150 2987 1233 3048 Sicut
1255 2988 1283 3048 in
1307 2988 1473 3067 peregrinis
1495 2984 1597 3054 uerbis,

315 3079 365 3133 aut
397 3073 427 3131 in
462 3071 595 3134 barbaris
629 3074 796 3134 nominibus
829 3083 970 3135 accentus
1003 3073 1076 3134 certi
1108 3091 1167 3134 non
1201 3080 1283 3142 sunt,
1319 3074 1359 3134 ita
1396 3078 1426 3132 et
1457 3072 1485 3132 in
1512 3072 1597 3132 inter·

225 3165 230 3174 '
314 3155 499 3219 lectionibus.
1609 3173 1629 3210 so

381 3446 551 3512 2subpositu
635 3445 814 3515 desperatae]
833 3449 900 3499 Don.
917 3466 944 3513 p.
963 3450 1023 3512 391,
1043 3451 1074 3498 19
1154 3447 1306 3498 'leolrerent
1377 3445 1600 3496 iaciuntllonatur

314 3514 405 3566 8illus
424 3516 541 3564 Donatus
609 3513 723 3584 suone]
757 3517 834 3580 Verp.
854 3518 919 3566 Aen.
937 3516 971 3565 Il
991 3520 1040 3566 ⁷25
1091 3515 1182 3564 conlnx
1234 3514 1346 3564 culorum
1416 3515 1448 3564 10
1466 3511 1530 3562 Sunt
1547 3511 1598 3577 qni]

314 3584 381 3635 Jlon.
398 3600 426 3645 p.
445 3585 506 3644 391,
524 3587 558 3632 29
626 3585 658 3633 12
676 3586 866 3650 prnepositinne
885 3586 1088 3650 praepositiones
1108 3585 1223 3635 Donatus
1293 3585 1325 3633 13
1343 3581 1388 3632 sed
1407 3581 1469 3630 baec
1487 3596 1533 3630 nos
1553 3583 1599 3630 llo-

314 3657 388 3701 natue
475 3653 505 3700 14
525 3653 713 3702 numerauimus
783 3664 946 3701 numerantur
1033 3655 1064 3704 19
1082 3648 1236 3716 interiectio]
1256 3652 1323 3700 Bon.
1342 3667 1368 3714 p.
1388 3652 1454 3713 391,
1472 3652 1506 3699 29
1571 3651 1598 3698 21

315 3717 366 3768 Sed
384 3713 458 3784 liaeo]
479 3720 544 3772 Bon.
562 3737 589 3784 p.
603 3722 662 3780 391,
677 3725 711 3772 28
778 3723 811 3770 ⁸22
829 3721 998 3786 adplicabitur
1066 3717 1193 3784 estleia]
1213 3719 1277 3770 Sunt
1296 3720 1391 3769 Donati
1408 3717 1486 3767 rcer'lmr
1504 3735 1531 3782 p.
1544 3720 1599 3778 391,

314 3790 347 3836 29
416 3787 486 3834 Licet
503 3783 601 3846 cirtem]
622 3789 686 3838 lion.
704 3805 731 3853 p.
751 3791 808 3846 391,
829 3791 863 3838 39
947 3791 981 3838 24
998 3789 1198 3836 interiectionem
1287 3786 1353 3835 lnres
1378 3801 1438 3835 nero
1507 3787 1539 3835 26
1558 3789 1598 3832 dc·

314 3851 413 3919 ereneus]
433 3856 499 3906 Don.
515 3872 542 3919 p.
562 3857 652 3918 393,2
721 3859 754 3907 28
772 3858 916 3920 incognitas
985 3855 1099 3904 Sicorin
1119 3801 1326 3921 peregrinissrf.
1345 3854 1522 3918 artiprnpbnm
1539 3853 1596 3902 Ber

314 3923 450 3982 nensems.
470 3921 521 3973 58l
539 3919 582 3989 (de
599 3925 770 3986 accentibus):
807 3927 834 3974 ln
857 3925 1072 3974 interiectionilnrs
1096 3937 1121 3973 et
1142 3925 1166 3972 in
1190 3923 1332 3987 peregrinis
1358 3921 1441 3972 nerbis
1465 3935 1490 3970 et
1508 3924 1532 3970 in
1551 3923 1600 3969 bar-

313 3991 382 4040 baris
410 3991 555 4040 nominibus
581 3992 641 4040 certi
669 4003 729 4041 sunt
754 4003 886 4050 accentus,
914 4007 945 4041 en
970 3993 1039 4041 non?
1077 3991 1141 4042 Non.
1177 3990 1243 4049 Quid
1266 3991 1299 4038 ibi
1324 3989 1468 4038 iaciendum
1489 3990 1542 4039 ost?
1576 3989 1598 4035 ln

313 4069 439 4123 potestate
458 4059 657 4124 uniuscuiusque
669 4061 795 4110 consistit.
814 4060 964 4119 Quomodo?
983 4060 1029 4121 Vt,
1048 4075 1105 4110 curn
1124 4059 1268 4109 necessaria
1286 4057 1388 4118 luerint,
1407 4057 1442 4106 ite
1460 4059 1487 4106 in
1505 4059 1600 4108 metrica

314 4138 443 4193 ponantur
460 4127 570 4188 rationo,
589 4128 623 4190 cs.
644 4127 737 4178 Iuliani
751 4146 780 4194 p,
799 4132 832 4179 58
849 4131 890 4179 ed.
908 4129 977 4180 Rom.

846 4301 1070 4308 ..-.-——--

398 4435 566 4512 Perspectis
587 4437 681 4511 ipiiur
702 4438 779 4496 eriis
800 4434 974 4515 Bernensis,
996 4451 1068 4509 quos
1089 4437 1175 4496 modo
1197 4437 1412 4510 excerpsimus,
1437 4435 1511 4494 iocis
1531 4449 1600 4494 sum·

313 4553 393 4598 mum
420 4544 449 4598 et
476 4537 600 4598 dicendi
624 4544 653 4598 ei
681 4539 840 4598 tractamur·
863 4539 1085 4598 similitudimem
1113 4539 1295 4597 interitione
1318 4535 1602 4596 etIuliunumsiue

314 4641 526 4718 uriipraplrmm
540 4638 724 4700 Bernensem
745 4638 934 4701 intercedere
955 4641 1147 4714 intellepitur.
1187 4639 1249 4699 Sed
1257 4641 1447 4715 profliputur
1462 4640 1600 4713 qaeestio.

313 4741 341 4803 si
368 4743 487 4816 uideas,
518 4742 550 4802 in
578 4749 645 4802 arte
666 4739 819 4802 Bernensi
843 4743 1016 4818 compluries
1042 4743 1217 4801 mentionem
1241 4742 1314 4814 lieri
1339 4745 1489 4800 tremelus
1511 4742 1601 4800 ernin-

315 4846 386 4904 dam
401 4841 513 4920 primi,
544 4845 575 4903 im
598 4861 657 4920 quo
679 4845 754 4904 baec
776 4846 829 4905 illu
850 4845 979 4904 lucidius
1000 4845 1137 4921 expositu
1159 4859 1222 4902 esse
1243 4844 1394 4902 dicuntur.
1441 4842 1521 4902 Num
1543 4839 1600 4904 ulri-
