3400 5450
312 257 353 322 98
828 259 897 312 ens
915 259 1093 312 suourua

313 455 383 509 sunt
403 443 415 529 ΙΙ
436 446 488 509 iol.
510 444 805 530 97¹11supertauua
828 493 991 510 ......
1016 451 1046 510 in
1075 447 1220 527 singulari
1247 465 1372 508 numero
1399 445 1611 510 indeclinabile

313 557 357 610 est
387 558 417 610 et
444 557 596 625 neutrum,
625 552 657 611 in
685 549 794 630 plurali
822 569 896 612 uero
923 569 1048 613 numero
1076 550 1254 612 lemininum
1282 557 1329 611 est
1357 556 1387 610 et
1413 551 1533 629 primae
1562 548 1610 610 de·

312 651 480 713 clinationis
503 652 571 712 ‘bae
593 657 696 732 cepae’
720 653 838 714 ‘barum
854 653 1020 732 ceparum’,
1043 655 1180 733 quamuis
1203 652 1399 748 antiqpissimi
1413 653 1444 732 ip
1459 671 1475 713 a
1491 670 1610 732 quoque

313 753 463 832 singulare
485 754 629 815 feminino
652 772 762 833 genere
784 755 883 835 ‘cepa'
905 754 1066 833 protulisse
1094 755 1299 816 inueniuntur.
1349 753 1423 815 ltem
1452 752 1608 814 diriuatiua

313 859 431 917 nomina
460 857 583 916 suntin
607 874 638 927 a,
669 875 685 917 a
708 859 848 935 genetiuo
876 856 1025 919 secundae
1053 856 1259 920 declinationis
1288 859 1417 917 maxime
1446 857 1630 924 uenientie,s

313 965 345 1018 ut
366 957 587 1019 Priscianus
609 957 696 1026 dicit,
727 958 821 1021 durus
843 958 911 1020 duri
939 958 1065 1030 duritia,
1094 962 1207 1020 amicus
1234 960 1322 1020 amici
1351 959 1496 1029 amicitia,
1526 957 1608 1037 pudi-

311 1077 366 1120 cus
398 1060 500 1140 pudici
529 1059 687 1140 pudicitia,
721 1059 816 1122 laetus
849 1058 919 1122 laeti
951 1061 1077 1133 laetitia,
1110 1060 1263 1122 modestus
1294 1059 1420 1122 modesti
1454 1059 1607 1128 modestia,

254 1196 256 1202 ·
312 1170 441 1223 maestus
457 1164 563 1223 maesti
579 1164 736 1234 maestitia,
754 1163 852 1224 addita
870 1166 912 1224 tia
929 1171 1031 1224 ettam
1048 1164 1231 1244 paenultima
1246 1181 1336 1243 quam
1358 1161 1607 1240 antepaenultima
1663 1151 1667 1160 ⁴

253 1303 257 1314 .
310 1264 420 1345 ubique
449 1271 597 1343 correpta.
648 1263 719 1325 ltem
749 1264 804 1326 alia
834 1268 975 1343 genetiuo
1003 1266 1162 1328 adsumunt
1189 1284 1221 1336 a,
1251 1263 1433 1344 paenultima
1460 1265 1471 1323 i
1499 1263 1607 1344 ubique

310 1372 456 1446 correpta,
481 1374 512 1425 ut
534 1374 580 1427 est
602 1385 765 1429 conuersus
788 1371 928 1429 conuersi
951 1371 1118 1439 conuersis,
1142 1369 1184 1428 sic
1206 1375 1236 1427 et
1256 1375 1466 1428 controuersus
1491 1375 1637 1426 contro-u

308 1469 388 1528 uersi
405 1469 620 1537 controuersia,
643 1471 769 1547 ignauus
790 1470 891 1548 ignaui
915 1471 1043 1549 ignauia,
1067 1468 1215 1549 superbus
1229 1468 1355 1548 superbi
1370 1465 1524 1547 superbia,
1548 1469 1607 1528 uio·

308 1569 407 1630 lentus
435 1567 559 1634 uiolenti
589 1570 745 1642 uiolentia,
775 1580 891 1633 astutus
919 1574 1010 1633 astuti
1032 1573 1151 1646 astutia,
1181 1569 1270 1631 ltalus
1292 1569 1357 1630 ltali
1379 1569 1478 1640 ltalia,
1510 1567 1607 1630 Gallus

312 1671 388 1734 Galli
417 1669 526 1742 Gallia,
551 1671 701 1752 Hispanus
729 1673 851 1753 Hispani
879 1674 1033 1754 Hispania,
1056 1673 1181 1734 colonus
1208 1670 1307 1733 coloni
1334 1670 1464 1744 colonia,
1495 1671 1607 1732 Tuscus

310 1773 402 1834 Tusci
417 1773 532 1845 Tuscia,
550 1775 691 1847 Graecus,
714 1777 819 1836 Graeci
835 1775 970 1837 Graecia.
1007 1775 1082 1837 item
1096 1777 1190 1836 miser
1205 1775 1306 1836 miseri
1328 1770 1460 1834 miseria.
1500 1772 1606 1834 Simili-

307 1883 353 1937 ier
369 1877 483 1938 iaciunt
497 1877 617 1938 nomina
633 1879 739 1940 tertiae
755 1877 972 1948 declinationis,
990 1895 1065 1955 quae
1080 1876 1240 1958 aliquando
1256 1877 1407 1956 accipiunt
1422 1877 1463 1936 tia
1478 1873 1605 1934 additam
1618 1891 1638 1929 e

308 1978 345 2038 ad
361 1978 505 2048 datiuum,
529 1987 563 2038 ut
577 1981 672 2040 tristis
687 1981 781 2041 tristis
801 1982 880 2042 tristi
902 1981 1036 2050 tristitia,
1059 1981 1102 2040 sic
1124 1979 1222 2057 segnis
1245 1979 1343 2056 segnis
1365 1979 1451 2055 segni
1472 1976 1605 2054 segnitia,

307 2081 445 2158 insegnis
466 2082 600 2158 insegnis
622 2083 738 2160 insegni
760 2084 921 2162 insegnitia
950 2089 980 2142 ct
1001 2089 1099 2144 cetera
1123 2089 1181 2142 tam
1204 2079 1383 2160 paenultima
1412 2069 1505 2160 quam
1526 2087 1605 2140 ante·

308 2183 488 2261 paenultima
510 2183 519 2242 i
543 2181 653 2262 ubique
681 2191 828 2264 correpta.
879 2183 1043 2264 Aliquando
1070 2190 1168 2244 autem
1196 2183 1315 2244 nomina
1344 2183 1449 2243 tertiae
1478 2180 1605 2242 declina·

308 2284 396 2345 tionis
411 2286 475 2344 siue
491 2285 661 2365 participia,
684 2302 761 2363 quae
782 2303 840 2347 una
862 2285 972 2366 syllaba
996 2286 1136 2364 genetiuo
1159 2286 1283 2345 uincuut
1304 2281 1534 2360 nominatiuum,
1557 2282 1605 2343 ad·

307 2392 429 2448 sumunt
457 2386 556 2446 datiuo
589 2405 607 2447 a
634 2385 761 2448 litteram
792 2386 973 2468 paenultima
1006 2389 1016 2447 i
1044 2395 1197 2468 correpta,
1228 2389 1271 2448 sic
1303 2388 1417 2448 iaciunt
1448 2385 1637 2446 diriuatiuas

309 2489 428 2550 nomina
450 2488 593 2550 feminina
615 2491 729 2568 primae
752 2489 975 2560 declinationis,
999 2498 1031 2551 ut
1046 2490 1208 2568 neglegens
1231 2486 1417 2567 neglegentis
1437 2487 1606 2566 neglegenti
1684 2503 1685 2520 ³

309 2590 507 2669 neglegentia,
530 2590 662 2669 prudens
677 2592 835 2673 prudentis
850 2591 989 2670 prudenti
1011 2591 1179 2672 prudentia,
1202 2593 1323 2672 sapiens
1339 2592 1408 2651 tisti
1425 2592 1472 2666 tie,
1490 2591 1604 2652 miscri-

311 2712 379 2755 cors
395 2693 440 2754 dis
455 2692 485 2754 di
500 2691 557 2764 dia,
574 2695 658 2756 iners
680 2697 717 2756 tis
732 2696 821 2766 titia,
844 2696 933 2774 inops
954 2695 1002 2774 pis
1023 2695 1054 2774 pi
1076 2695 1134 2774 pia.
1179 2693 1252 2755 ltem
1275 2696 1321 2754 ius
1343 2694 1417 2754 iuris
1437 2697 1502 2755 iacrt'
1522 2693 1604 2760 iuria,

311 2795 409 2858 atdtta
432 2797 650 2876 praepositione
671 2797 789 2858 iniuria.
825 2796 900 2857 ltem
923 2797 1030 2859 Caesar
1052 2799 1095 2857 ris
1116 2797 1143 2857 ri
1165 2797 1220 2857 ria.
1249 2795 1331 2856 ltem
1347 2813 1455 2857 nomen
1479 2795 1606 2856 nominis

299 2899 424 2958 nomini
446 2897 545 2958 addita
568 2901 787 2978 praepositione
808 2899 970 2977 ignominia
992 2898 1071 2959 iacit
1107 2897 1172 2960 Alia
1186 2906 1284 2959 autem
1307 2897 1478 2960 nominibus
1500 2895 1635 2957 edditiss

265 3028 271 3040 ·
307 2999 427 3079 syllabis
445 3001 545 3062 monia
561 3001 605 3061 sic
619 3000 732 3061 iaciunt
753 3001 912 3062 diriuatiua
928 3001 1048 3062 nomina
1065 3001 1180 3080 primae
1195 2998 1402 3062 declinationis
1416 3001 1560 3062 feminina
1576 2999 1603 3058 iu

309 3102 338 3163 ia
353 3102 528 3172 desinentia,
553 3111 585 3165 ut
599 3110 698 3164 castus
721 3105 794 3165 casti
816 3102 998 3174 castimonia,
1022 3119 1092 3163 acer
1107 3104 1170 3164 acri
1193 3105 1365 3176 acrimonia,
1387 3104 1449 3164 siue
1473 3099 1604 3163 auerbis

307 3206 448 3274 ueniunt,
478 3209 511 3264 ut
532 3223 623 3283 parco
645 3205 725 3284 parsi
753 3206 950 3285 parsimonia,
979 3205 1022 3266 sic
1050 3221 1161 3281 queror
1188 3205 1372 3284 querimonia
1395 3207 1405 3265 i
1426 3203 1603 3286 paenultima

306 3323 427 3386 semper
449 3309 597 3385 correpta.
618 3305 707 3368 'ltem
732 3314 838 3369 neutra
861 3307 973 3369 Graeca
996 3308 1028 3367 in
1048 3325 1065 3367 a
1086 3289 1249 3368 desinentia
1274 3310 1379 3368 tendas
1401 3306 1604 3368 declinationis
1682 3297 1683 3362 l

306 3407 508 3485 antiquissimi
530 3408 693 3469 secundum
716 3411 843 3490 primam
867 3409 1093 3472 declinationem
1116 3407 1306 3489 protulerunt
1327 3415 1357 3470 et
1376 3411 1495 3487 generis
1519 3408 1633 3470 tent-s

307 3511 370 3571 nini
394 3518 492 3570 erant:
524 3509 677 3572 Plautus
700 3510 788 3573 dixit:
822 3510 924 3572 Nunc
952 3530 997 3573 ne
1024 3510 1264 3574 admiremini
1286 3529 1402 3573 meum
1425 3519 1599 3576 ornatum.

306 3612 404 3693 quod
429 3630 495 3691 ego
517 3612 587 3674 buc
609 3615 780 3692 processi
808 3633 887 3676 cum
910 3611 1048 3675 seruili
1064 3613 1227 3702 schema,
1249 3632 1305 3695 pro
1327 3613 1485 3675 schemate
1530 3612 1599 3674 ltem

306 3713 502 3776 Laberius:
537 3713 805 3796 Pythagoream
822 3716 985 3795 dogmam
1009 3714 1156 3784 doctus,
1180 3735 1236 3796 pro
1259 3716 1366 3793 dogma
1387 3717 1494 3797 posuit.
1534 3713 1599 3784 Qui·

307 3817 375 3878 dam
390 3825 488 3879 autem
504 3818 533 3877 iu
550 3835 601 3878 um
616 3816 824 3881 huiuscemodi
840 3819 992 3880 nominum
1014 3815 1207 3896 protulerunt
1228 3820 1428 3882 nominatinos
1443 3815 1454 3901 ]
1470 3819 1490 3879 l.
1504 3813 1563 3878 97⁵
1576 3814 1599 3896 ,5,
1681 3883 1682 3886 ,

375 4075 388 4123 1
407 4069 577 4140 superlatina]
598 4073 662 4124 Post
678 4073 726 4125 doc
744 4075 863 4126 monella
880 4075 912 4124 de
930 4077 1014 4139 ‘cepe’
1033 4075 1103 4125 cocis
1121 4075 1242 4140 qualitate
1260 4075 1453 4127 intercidenent.
1508 4073 1533 4122 in
1550 4072 1597 4121 siu·

305 4140 367 4206 gula
418 4142 551 4191 inumeri
602 4145 699 4208 dcepe
748 4140 849 4208 dgend
890 4157 957 4208 eppa
1009 4145 1150 4194 bseennde
1200 4139 1393 4208 dPriscitnns]
1411 4141 1477 4206 cfd
1485 4159 1512 4206 p.
1521 4140 1597 4200 119st

351 4211 401 4258 ami
419 4209 531 4260 amiticia
599 4210 697 4260 lletus
714 4210 758 4260 leti
775 4211 859 4260 leticie
926 4211 1077 4261 8mesticia
1145 4211 1372 4276 entepeneultimc,
1391 4227 1461 4262 corr.
1479 4219 1596 4274 entepent

305 4277 382 4338 (sici)
435 4279 467 4328 10
478 4289 660 4328 contmnersns
694 4281 852 4329 contrauersi
886 4281 1061 4328 controuersia
1107 4282 1136 4329 11
1152 4278 1275 4329 uiolenter
1287 4278 1391 4328 uiolenti
1445 4281 1476 4329 13
1488 4277 1594 4344 hispanis
1680 4281 1681 4310 ὲ

306 4347 338 4395 14
357 4347 466 4412 testinis
483 4345 590 4411 (puncta
606 4349 818 4412 add.man.rec.)
889 4349 919 4398 15
937 4348 1068 4413 occipiunt
1084 4348 1109 4397 ie
1126 4346 1214 4397 addite
1231 4363 1246 4396 c
1263 4348 1378 4397 datiuum
1449 4347 1481 4396 ts
1499 4343 1595 4396 tristicie

339 4415 422 4479 signis
440 4414 529 4480 signes
547 4415 616 4480 signi
633 4415 740 4480 signitie
809 4417 840 4466 l‘l
858 4416 969 4480 insignis
988 4423 1036 4468 etc.
1086 4425 1185 4466 ceterae
1244 4417 1277 4466 ‘20
1294 4415 1423 4465 adsumun
1440 4414 1527 4464 detine
1573 4411 1593 4458 in

304 4493 423 4548 correpta
469 4485 502 4534 23
520 4483 582 4532 iuris
601 4483 664 4542 iura,
683 4485 745 4535 add.
766 4485 774 4534 i
792 4500 858 4535 man.
877 4499 930 4534 rec.
1015 4485 1049 4534 24
1067 4481 1156 4535 Cesari
1233 4485 1267 4534 25
1286 4480 1489 4548 praepositione]
1506 4493 1593 4544 conpo-

305 4552 398 4600 sitione
433 4550 499 4600 alius
517 4563 602 4600 antem
647 4553 686 4602 ts
703 4549 844 4602 disiue'na
895 4553 928 4602 29
946 4550 1028 4602 deciis
1047 4551 1217 4618 protullerunt
1268 4555 1301 4602 30
1318 4567 1401 4617 genus
1453 4553 1484 4601 st
1503 4550 1593 4616 plsstus

339 4616 456 4685 Plautus]
476 4619 511 4683 cf.
529 4619 694 4680 Prisciani
709 4638 736 4685 p.
756 4563 814 4686 rod,
834 4623 867 4670 17
884 4621 922 4672 H.
988 4636 1020 4670 ne
1037 4635 1084 4674 om.
1137 4636 1178 4669 me
1198 4629 1316 4670 ornatum
1401 4621 1434 4671 82
1452 4631 1536 4668 scema
1552 4629 1593 4681 pto
1679 4661 1680 4672 .

305 4698 416 4738 scemate
516 4689 550 4738 113
568 4687 672 4738 liberius
735 4685 870 4754 Laberius]
890 4689 926 4752 cs.
944 4689 1028 4741 Prisc.
1046 4689 1106 4754 lp.
1125 4691 1224 4752 200‚9
1275 4688 1430 4754 pitagoriem
1499 4685 1592 4751 quidem
1679 4711 1680 4724 .

305 4751 402 4821 cirtem]
422 4757 456 4820 cf.
477 4755 559 4809 Prisc.
579 4755 593 4807 1
608 4773 638 4823 p.
656 4759 742 4822 201,1
819 4758 853 4808 st
870 4756 1041 4824 protullerunt
1058 4759 1211 4822 nominatim
