3412 5452
298 333 357 381 CIV
567 381 570 386 ,
682 313 935 382 QVAESTIONES
955 319 1219 374 GRAMMATIOAE

296 511 413 570 mattea
434 512 636 584 conparatum
661 511 796 585 epitom:
823 507 872 570 Sic
902 517 930 569 et
958 506 1031 569 illud
1059 527 1178 588 quoque
1201 509 1285 590 ¹quod
1315 519 1418 571 contra
1447 509 1589 573 lulianum

298 610 372 670 dixit
393 610 553 671 Sanctus
574 611 804 688 Augustinus
834 591 932 689 (angis
950 610 1045 690 cod.):
1074 601 1180 672 ‘blira
1211 621 1297 672 sunt
1324 629 1415 693 quae
1443 612 1588 683 dicitis,

297 731 393 774 noua
415 721 501 772 sunt
524 729 618 790 quae
642 711 788 783 dicitis,
819 711 910 774 lalsa
938 721 1024 774 sunt
1049 731 1142 792 quae
1171 711 1317 782 dicitis,
1347 715 1439 775 mira
1461 723 1590 796 stupe-

297 832 388 884 mus,
411 831 506 874 noua
530 831 716 884 canemus,
748 813 840 876 laisa
863 815 1141 884 conuincimus‚
1166 817 1206 877 ita
1230 815 1379 877 transtulit
1399 819 1591 897 interpres

297 917 460 978 Graecus
482 917 658 995 (intrespres
681 915 812 994 grecusl:
843 916 952 980 ‘Mirae
975 927 1044 979 sunt
1066 936 1139 996 quas
1161 915 1276 986 dicitis·
1303 935 1398 980 nouae
1425 928 1496 979 suut
1518 937 1592 998 quas
1688 989 1689 994 η

297 1018 410 1085 dicitis,
439 1016 531 1078 falsae
554 1025 623 1079 sunt
644 1035 717 1097 quas
745 1015 857 1088 dicitis,
889 1020 979 1080 miras
1006 1025 1174 1098 stupemus,
1202 1037 1295 1080 nouas
1322 1037 1476 1090 canemus,
1505 1019 1592 1082 lalsas

297 1121 531 1184 conuincimus'.‚

381 1221 401 1282 l.
427 1218 487 1283 142
508 1219 590 1281 Licet
612 1220 780 1282 Donatus
803 1220 892 1283 dicat:
923 1233 1122 1303 separatae
1145 1225 1458 1303 praepositiones
1480 1243 1593 1305 sepa·

295 1325 392 1386 ratis
414 1323 768 1403 praepositionibus
791 1323 1089 1385 nonrcohaerent
1111 1324 1243 1404 (cobe-)‚
1267 1325 1365 1387 diuina
1389 1335 1487 1388 tanmu
1511 1327 1591 1388 Scri·

296 1434 382 1505 ptura
406 1433 588 1505 postponens
617 1423 685 1485 talia
713 1423 890 1504 plerumque
918 1428 1132 1506 praepositioni
1159 1429 1407 1507 praepositionem
1430 1431 1535 1508 iungit,
1562 1440 1594 1490 ut
1688 1428 1689 1454 ¹

296 1535 342 1589 est
362 1525 449 1589 illud:
475 1530 543 1588 ‘Aut
565 1535 647 1588 certe
669 1525 799 1605 desuper
822 1534 931 1587 terram
961 1529 1069 1608 eripias
1093 1532 1150 1589 mc'
1182 1537 1224 1589 et:
1255 1529 1362 1592 ‘desub
1385 1533 1469 1594 cuius
1491 1531 1592 1611 pede',

295 1627 446 1690 simililer:
470 1628 587 1707 ‘depost
608 1627 744 1689 letantes’
770 1627 927 1707 (letantes).
950 1628 1102 1692 Recenseo
1118 1630 1221 1692 habult
1236 1634 1402 1709 antiquitus
1424 1633 1483 1694 duo
1505 1652 1594 1714 prae·

296 1733 383 1792 terita
412 1729 515 1809 (pre-l
540 1731 729 1791 ‘recenseui’
754 1739 784 1790 et
804 1731 988 1800 ‘recensui',
1018 1733 1095 1794 sicut
1121 1733 1234 1794 scilicet
1265 1733 1388 1795 ‘aboleo
1417 1734 1535 1796 aboleni
1565 1745 1594 1796 et

296 1832 431 1894 abolui’:.
449 1852 467 1894 a
486 1849 629 1895 recenseo
652 1835 797 1894 remansit
819 1835 1025 1908 recensetus,
1051 1843 1082 1895 ut
1104 1833 1141 1895 ab
1157 1833 1236 1896 oleui
1258 1834 1425 1907 ‘aboletus',
1449 1837 1493 1912 cs.
1511 1839 1591 1899 Bon.

291 1955 325 2016 p.
352 1941 415 2010 391,
443 1941 477 1995 19
498 1943 527 1995 et
549 1937 585 1995 de
602 1938 763 2010 postremis
779 1953 813 2011 p.
840 1940 905 2009 180,
932 1943 976 1996 11.
1002 1943 1046 1997 13.

379 2039 560 2099 Posteriores
582 2045 733 2098 tractatus
753 2037 830 2098 boec
851 2045 937 2098 sunt:

379 2140 398 2199 l.
423 2136 484 2201 63b
514 2139 647 2219 Hymnus
676 2137 800 2219 (ymnus)
830 2137 878 2200 ille
907 2140 961 2199 iste
989 2140 1143 2202 confessor
1176 2141 1213 2202 de
1242 2140 1342 2204 multis
1368 2142 1593 2206 confessoribus

296 2251 374 2302 totus
396 2240 515 2319 placere
538 2239 641 2311 debet;
666 2249 808 2302 attamen
824 2239 861 2302 de
877 2241 1025 2303 nonnullis
1041 2259 1099 2302 non
1123 2243 1261 2304 inmerito
1284 2263 1389 2306 uersus
1403 2243 1452 2307 ille
1467 2257 1594 2326 propter

295 2344 484 2405 uiolationem
510 2343 643 2402 ueritatis
663 2350 741 2404 totus
765 2340 902 2422 displicet
922 2341 945 2424 †
968 2343 1003 2404 ad
1026 2361 1142 2404 sacrum
1167 2347 1266 2413 cuius;
1291 2347 1339 2407 ulx
1363 2347 1440 2408 enim
1464 2348 1501 2409 de
1524 2351 1593 2430 qui·

294 2446 417 2506 busdam
438 2446 473 2505 tit
494 2446 525 2506 in
547 2461 625 2504 anno
648 2443 725 2524 quod
749 2442 779 2506 in
803 2463 838 2506 eo
860 2443 1035 2524 perhibetur
1057 2445 1238 2527 frequenter.
1276 2447 1370 2526 igitur·
1392 2457 1442 2511 aut
1464 2450 1500 2511 de
1524 2452 1592 2512 tali·

294 2548 349 2609 bus
375 2547 425 2609 ille
456 2564 562 2608 uersus
590 2545 771 2608 omittendus
800 2556 843 2608 est
869 2549 1001 2626 penitus,
1033 2557 1083 2610 aut
1105 2548 1262 2610 dicendum
1286 2549 1376 2611 corda
1399 2551 1593 2630 languentum

294 2647 522 2730 (languentium)
546 2656 596 2708 aut
618 2648 792 2727 spiritaliter
815 2657 859 2709 est
880 2647 917 2708 de
943 2648 1087 2711 membris
1110 2659 1175 2720 etc„
1198 2651 1242 2724 cs.
1262 2670 1297 2729 p.
1323 2659 1388 2728 183,
1416 2662 1462 2716 17.

377 2752 396 2813 l,
420 2747 481 2813 66³
504 2750 653 2812 lletuebat
675 2750 809 2812 Herodes
830 2750 991 2812 lobannem
1011 2748 1036 2810 i.
1061 2752 1251 2814 manifestum
1268 2755 1346 2815 enim
1367 2755 1474 2817 lactum
1493 2756 1592 2820 tuerat

295 2872 402 2916 rtorrren
427 2856 491 2914 eius
514 2851 552 2913 ob
565 2854 701 2931 'insignia
717 2855 878 2913 uirtutum:
901 2863 1059 2933 propterea
1077 2853 1237 2916 uerebatur
1252 2853 1360 2937 illum].
1400 2857 1507 2920 Nescio
1523 2862 1592 2936 quis

292 2959 381 3018 istum
404 2974 524 3018 uersum
549 2955 667 3025 lecerit,
697 2956 758 3015 scio
783 2963 895 3025 tamen,
926 2955 1003 3032 quod
1033 2955 1160 3017 Sanctus
1181 2956 1326 3018 lohannes
1349 2959 1477 3038 insignia
1500 2964 1591 3022 mira·

294 3057 429 3119 culorum
457 3074 516 3117 non
546 3059 652 3134 egerit.
698 3056 815 3118 Nullum
852 3059 930 3117 eninr
964 3055 1092 3118 debilem
1119 3059 1308 3120 infirmumue
1344 3063 1459 3122 curauit
1491 3079 1590 3140 neque

294 3159 490 3239 corporaliter
512 3157 639 3238 aliquem
662 3160 792 3230 sanauit,
820 3157 998 3238 spiritalium
1026 3166 1124 3221 tamen
1154 3161 1295 3221 uirtutum
1319 3162 1447 3223 ellicacia
1477 3165 1588 3278 l-atia)

292 3254 452 3343 praecipue
475 3263 562 3322 nituit
583 3269 671 3340 atque
693 3260 826 3322 radiauit.

378 3363 397 3423 l.
422 3360 483 3425 'lib
507 3365 713 3436 (decretione
735 3365 882 3425 ‘cecilio
904 3366 1041 3424 mentcm'
1066 3367 1201 3440 agitari·
1230 3363 1314 3437 Quod
1344 3373 1373 3427 et
1399 3367 1496 3445 ipsum
1525 3368 1587 3430 sole

294 3466 403 3527 clarius
432 3468 461 3526 iu
490 3465 584 3527 uerbo
613 3468 742 3526 ‘miror'
768 3465 883 3544 (minor
910 3466 1014 3544 cod),
1041 3465 1119 3544 quod
1148 3469 1248 3546 posuit
1276 3469 1340 3546 ipse
1368 3467 1587 3552 Priscianus

294 3569 361 3646 (ipsi
384 3569 528 3648 priuanus
549 3565 645 3645 cod),
675 3585 856 3645 cognoscere
878 3585 1050 3646 possumus:
1080 3567 1121 3628 ait
1149 3569 1226 3630 euim
1249 3568 1354 3631 ‘miror
1378 3568 1485 3648 (minor
1506 3573 1587 3651 cod.)

293 3667 388 3730 illum’
413 3679 443 3730 et
464 3668 563 3730 ‘illius’
589 3677 619 3730 et
640 3668 724 3739 ‘illo’‚
748 3676 795 3731 ut:

760 3787 889 3849 Molem
912 3790 1098 3849 mirantur

294 3876 425 3956 (miranti
447 3876 528 3950 cod.)
552 3881 594 3934 ct:

406 3976 609 4036 lustitiane
632 3976 736 4055 prius
760 3974 837 4055 (plus
857 3974 935 4054 cod.)
959 3979 1075 4038 mirer
1097 3975 1237 4039 belline
1261 3977 1429 4040 laborum
1451 4014 1493 4024 -

1688 4029 1689 4065 ,

293 4080 352 4153 (cs.
377 4080 474 4139 Prisc.
499 4080 537 4139 ΙΙ
553 4078 587 4158 p'.
612 4084 682 4152 319,
707 4084 820 4146 9—13,·
851 4079 939 4154 Verp.
964 4083 1038 4140 Aen.
1056 4079 1103 4158 II,
1120 4086 1175 4150 32,·
1197 4081 1256 4156 ΧΙ,
1277 4086 1346 4157 126)
1370 4084 1475 4145 ‘miror
1491 4084 1587 4146 illum’

293 4179 407 4262 (minor
428 4183 506 4259 cod.)
530 4182 630 4259 posuit
651 4180 780 4257 proprie,
806 4181 912 4241 ‘miror
934 4180 1023 4241 illius'
1054 4181 1187 4259 figurate.
1232 4182 1345 4243 ‘Miror'
1371 4202 1489 4265 quoque
1513 4186 1586 4247 ‘illo’

294 4282 431 4348 resolute.
456 4282 534 4343 unde
556 4279 580 4363 †
603 4299 716 4360 negens
740 4280 934 4359 (genetiuusl)
958 4280 1008 4344 ille
1030 4300 1085 4363 pro
1109 4284 1291 4346 nominatiuo
1314 4293 1373 4346 stat
1394 4287 1471 4366 apud
1495 4289 1587 4350 Boe·

293 4387 384 4446 tium
408 4383 545 4464 (boetiam
563 4383 642 4464 cod.)
667 4385 748 4444 iuxta
772 4383 959 4444 traditionem
978 4385 1230 4458 (iuxtrarlitionem
1246 4390 1325 4466 cod.)
1350 4391 1482 4452 omnium
1500 4390 1588 4453 buius

293 4489 436 4566 temporis
466 4487 555 4558 (omni
583 4488 662 4547 hunc
697 4487 840 4564 temporis
866 4488 950 4556 cod.)
986 4485 1153 4547 bominum:
1188 4491 1248 4549 ‘uti
1280 4508 1361 4551 nurrc
1390 4493 1499 4553 inentis
1526 4497 1587 4553 es’.
1688 4519 1689 4558 t

293 4591 382 4650 Aiunt
405 4589 483 4648 euim
507 4587 590 4648 uelut
612 4596 809 4667 exponentes:
838 4589 893 4648 ‘nti
917 4607 995 4650 nune
1018 4607 1133 4650 memor
1156 4593 1210 4665 es’,
1234 4609 1300 4652 cum
1325 4593 1363 4653 sit
1384 4591 1586 4656 solummodo:

292 4791 426 4852 rnalum’.

293 4691 346 4750 ‘uti
374 4709 452 4750 nunc
481 4697 611 4750 mentem
639 4688 756 4764 babes',
794 4688 939 4750 utillud:
971 4691 1033 4769 ‘qui
1063 4693 1170 4752 mentis
1199 4701 1242 4752 est
1269 4691 1292 4773 †
1321 4693 1379 4754 duo
1408 4705 1529 4757 corruet
1557 4699 1585 4756 in
