3394 5448
629 391 818 446 sundicae.
1280 408 1371 457 cxcv

167 581 185 641 i.
209 578 271 642 28b
301 581 469 659 Sergius:
500 581 671 650 coniunctio
700 580 774 642 dicta
798 590 857 660 est,
886 580 965 663 quod
994 583 1155 660 coniungat
1176 581 1368 644 elocutiones.

84 683 157 754 Quid
180 691 225 745 est
246 683 323 744 hoc?
367 684 403 744 Vt
424 685 448 744 si
471 683 551 746 dieas
572 683 639 763 ‘ego
664 691 693 744 et
714 689 745 744 tu
762 701 863 745 eamus
878 683 913 745 ad
937 683 1062 745 lorum’:
1086 703 1155 746 ecce
1178 665 1370 747 coniunctum

83 793 142 853 est:
165 784 241 866 quod
266 786 291 845 si
306 786 544 846 coniunctionem
562 803 620 846 nan
636 787 785 865 posueris,
811 787 865 846 erit
888 785 982 848 soluta
1005 787 1113 850 oratio:
1137 788 1204 866 ‘ego
1219 796 1252 849 tu
1268 805 1369 849 eamus

81 887 116 946 ad
140 888 262 949 lorum’.
306 887 363 949 Sed
387 888 484 958 etiarn,
508 889 533 947 si
555 894 690 949 naturam
713 887 823 949 habeat
844 887 1040 968 disiungendi,
1064 891 1170 951 sensus
1185 898 1283 952 tamen
1299 909 1370 952 con·

56 991 174 1068 ⁵iungit
195 993 357 1058 sermonis,
381 1001 414 1052 ut
435 991 460 1052 si
483 989 579 1051 dicas:
603 993 676 1068 ‘ego
698 996 748 1050 aul
774 998 806 1050 tu
828 993 958 1059 eamas',
982 991 1173 1052 coniunctum
1194 1000 1238 1054 est
1260 992 1370 1062 uerbis,

79 1089 149 1151 licet
171 1091 349 1154 disiunctum
373 1099 418 1154 est
440 1111 539 1154 sensu.

164 1277 269 1342 129ιι
298 1280 466 1358 Sergius:
496 1281 723 1341 Coniunctiones
750 1298 804 1358 pro
833 1283 1049 1358 significatione
1078 1300 1129 1343 sua
1158 1283 1229 1361 poni
1252 1279 1370 1352 debent,

77 1390 108 1442 nl
129 1385 208 1460 'pute
237 1382 370 1443 causales
397 1385 427 1442 in
458 1399 560 1448 causa.
589 1381 749 1443 rationales
776 1385 807 1445 in
835 1385 959 1446 ratione.
1010 1383 1082 1445 Narn
1111 1391 1161 1446 aut
1188 1390 1255 1446 ante
1282 1401 1371 1444 ceusu

77 1485 231 1560 praecedit
253 1493 282 1545 et
303 1486 346 1544 sie
368 1485 503 1563 sequitur
518 1484 602 1552 ratio,
625 1492 658 1542 ut
673 1492 758 1561 puta:
782 1485 889 1546 ‘occidi
904 1483 997 1554 illum,
1022 1487 1089 1566 quia
1110 1484 1200 1547 habet
1213 1486 1370 1546 tunicam':

43 1600 63 1636 n
79 1603 171 1646 carisa
195 1593 254 1655 esl;
283 1587 400 1663 ‘itaque
423 1603 539 1647 ueneno
562 1584 662 1656 illum,
686 1603 746 1647 non
775 1587 856 1649 lerro
879 1586 992 1668 occidi,
1023 1606 1060 1647 ne
1083 1589 1222 1666 cognosci
1244 1589 1371 1669 possit’:

44 1677 47 1686 ’
75 1688 154 1746 ratio
177 1693 231 1748 est.
269 1687 414 1750 Causalis:
444 1688 486 1748 ‘si
509 1685 592 1748 illum
616 1687 771 1758 occidero,
796 1687 912 1750 habebo
935 1691 1087 1758 tunicam’,
1110 1687 1278 1750 rationalis:
1302 1691 1373 1750 ‘ita-

75 1805 134 1866 que
161 1807 278 1851 ueneno
300 1789 384 1851 illurn
406 1808 467 1851 non
488 1789 577 1865 serra
599 1789 705 1860 occidi,
730 1808 767 1851 ne
789 1792 909 1868 agnosci
933 1793 1048 1871 possit’.

164 1990 268 2055 130ιι
297 1993 464 2072 Sergius:
494 1993 676 2074 Praepositio
706 1994 783 2054 dicta
805 2003 865 2065 est,
895 2014 930 2055 eo
960 1993 1038 2072 quod
1061 1996 1254 2074 praeponitur
1276 1995 1307 2056 in
1330 1994 1373 2054 lo·

76 2096 207 2176 quenda,
232 2104 265 2157 ut
287 2103 356 2174 puta
378 2097 458 2156 ‘ante
480 2095 644 2176 templum’.

39 2313 62 2351 15
163 2299 236 2361 mia.
266 2301 438 2379 Sergius:
468 2299 526 2361 Nos
555 2302 631 2361 scire
659 2298 816 2369 debemus,
846 2299 925 2380 quod
953 2301 976 2360 si
1005 2302 1185 2381 praepositio
1215 2302 1371 2381 conposita

75 2403 169 2462 luerit
191 2409 219 2462 ct
242 2404 404 2464 mutauerit
425 2419 524 2463 casum
547 2399 596 2462 uel
619 2420 677 2462 non
702 2401 848 2473 hebuerit,
873 2401 980 2463 desinit
1002 2421 1068 2463 esse
1087 2405 1267 2484 praepositio
1289 2411 1319 2464 el
1341 2404 1374 2464 lit

74 2504 263 2574 aduerbiurn
288 2513 320 2566 ul
343 2502 469 2583 ‘longa
492 2511 578 2584 post
602 2511 768 2584 ternpore
793 2505 932 2564 uenit':
956 2511 1179 2572 mutatcasum;
1203 2509 1372 2585 ‘postiem-

74 2610 144 2688 pus'
170 2609 249 2669 eninr
274 2607 376 2669 debuit
399 2606 516 2676 dicere;
541 2625 641 2667 casum
665 2605 846 2676 nonhabet,
871 2612 903 2666 ul
925 2610 1007 2667 ‘ante
1030 2606 1122 2671 lecil'.

146 2899 217 2961 les.
235 2894 351 2964 [Ser-pii]
369 2901 440 2963 eoepl.
457 2914 484 2962 p.
503 2899 567 2959 515,
586 2899 635 2953 36,·
661 2899 760 2959 515,7
783 2903 807 2944 et
826 2897 897 2946 dedam
914 2897 973 2946 iibri
988 2905 1015 2962 p'.
1035 2898 1098 2960 155,
1119 2899 1153 2947 31
1171 2912 1225 2962 aeq.
1294 2897 1374 2947 ised

75 2967 163 3016 lorum
237 2968 403 3016 5serrnones
455 2980 543 3014 eamus
562 2966 652 3015 addidi
736 2965 803 3027 ies.
822 2961 938 3030 [Sergii]
955 2969 1061 3030 emptam.
1078 2981 1105 3030 p.
1122 2968 1186 3023 515,
1205 2968 1240 3014 20
1258 2973 1284 3015 et
1301 2965 1374 3015 nnius

73 3035 135 3085 iibri
151 3051 179 3098 p.
199 3035 257 3092 157,
277 3035 376 3090 6-28,·
393 3033 428 3096 es.
446 3035 522 3083 etiam
538 3032 635 3082 Iuliani
651 3035 730 3083 lacum
748 3033 803 3083 rod.
816 3032 898 3086 Bem.
911 3035 962 3082 207
976 3033 999 3096 s.
1017 3031 1081 3095 13¹³,
1100 3035 1132 3082 de
1150 3049 1198 3098 pua
1217 3034 1274 3084 diat
1291 3049 1374 3098 capra

73 3103 165 3167 praes.
184 3119 211 3166 p.
231 3099 311 3150 XClV
363 3117 408 3166 per
425 3101 612 3166 significatione
684 3102 824 3165 8ntpute
892 3102 1129 3163 uaequenterano
1149 3111 1255 3167 utpute
1306 3101 1373 3150 tanl-

72 3185 131 3219 cam
206 3172 237 3220 10
254 3170 289 3219 ira
308 3184 405 3220 uerreno
458 3170 538 3218 occidi
555 3169 646 3219 addidi
713 3170 834 3233 cognosci
913 3172 942 3218 11
962 3167 1076 3219 causales
1095 3195 1127 3206 -
1144 3165 1294 3234 rationales]
1315 3170 1375 3220 An:

73 3255 156 3288 rausa
176 3248 215 3288 est
231 3239 348 3287 ——ratio
367 3239 423 3287 esti
501 3238 611 3285 tonicam
715 3239 746 3286 12
770 3251 894 3286 uenenum
918 3237 960 3285 illo
984 3236 1078 3299 occidi,
1101 3252 1148 3290 om.
1168 3253 1218 3286 non
1237 3236 1319 3294 lerna,
1336 3237 1370 3299 cs.

72 3323 159 3372 cupra
170 3323 195 3355 n.
207 3309 240 3355 10
291 3308 323 3356 13
341 3307 376 3368 ef.
396 3303 481 3356 Seruii
497 3306 678 3368 eornmpddii,
689 3307 718 3361 5,·
745 3304 831 3354 Seruii
846 3301 962 3370 [Sergii]
979 3321 1066 3354 comm.
1083 3320 1101 3369 p
1122 3307 1181 3362 111,
1192 3308 1242 3360 35,·
1259 3301 1374 3370 [Sergii]

73 3379 185 3439 explan
202 3391 230 3438 p.
249 3377 308 3431 189,
325 3376 357 3430 8,·
374 3377 433 3436 517,
453 3377 469 3422 2
488 3373 516 3424 K
532 3383 558 3423 et
575 3373 647 3423 liniae
663 3374 724 3423 libri
738 3389 765 3436 p.
785 3375 849 3436 158,
869 3376 942 3422 7-9.
1017 3374 1049 3422 15
1067 3369 1114 3437 ier]
1134 3373 1168 3434 es.
1187 3372 1273 3422 Seruii
1289 3387 1374 3422 comm.

73 3461 99 3507 p.
113 3445 180 3506 120,
192 3445 237 3501 10;
255 3441 341 3492 Seruii
357 3438 473 3506 [Serpii]
490 3457 574 3491 eornm.
592 3459 619 3506 p.
633 3443 721 3504 aad
773 3442 909 3490 mutauerlt
960 3440 1063 3490 dissilit
1132 3443 1162 3490 l'l
1181 3437 1272 3506 longo]
1295 3441 1374 3504 Verp.

75 3511 172 3560 Burei.
191 3511 208 3559 I
226 3513 261 3561 30
312 3520 393 3559 motat

179 3999 324 4066 seneli
352 3999 412 4064 DE
439 3997 617 4064 vnuillis
645 3997 852 4064 SYLLABIS
882 3997 1024 4064 OAPVT
1053 3997 1282 4063 INEDITVM.

168 4157 310 4220 Elandem
332 4155 435 4234 Sergii
454 4163 541 4217 extat
562 4159 600 4218 de
621 4160 731 4218 ultimis
752 4157 877 4235 syllabis
898 4157 1116 4216 coniunctionis
1143 4151 1376 4232 praepositionis

76 4269 173 4336 atque
194 4263 410 4323 interiectionis
430 4260 743 4336 commentatiuncula,
766 4262 797 4319 in
820 4261 936 4334 aliquot
949 4257 1105 4319 codicibus
1120 4259 1269 4318 Parisinis
1284 4263 1377 4332 atque
1403 4261 1408 4288 ¹

77 4367 145 4438 ipso
169 4362 320 4424 Bernensi
342 4369 401 4421 432
422 4361 544 4422 litterae
557 4363 691 4439 sptiadae
707 4363 821 4438 pedam
837 4367 891 4422 etc.
913 4363 1098 4438 expositioni
1111 4361 1281 4435 Serpianae
1300 4359 1377 4418 artis

77 4466 211 4525 uinculis·
232 4460 396 4545 innata;*)
426 4481 505 4539 qnae
527 4465 662 4539 quamuis
684 4461 889 4524 additamenti
907 4466 1038 4539 posteris
1065 4463 1247 4538 temporibus
1268 4461 1375 4533 adplu-

80 4569 173 4628 tinati
191 4569 318 4644 speeiem
337 4584 416 4643 prae
437 4585 469 4627 se
486 4567 584 4640 ferat,
609 4571 709 4626 tamen
732 4583 772 4627 ea·
793 4569 903 4626 eisdem
925 4566 1081 4625 doetrinae
1094 4563 1262 4637 Sergianae
1282 4561 1376 4635 fonti·

152 4819 182 4885 *)
200 4822 239 4875 Cl.
257 4823 330 4872 Keilii
349 4821 432 4887 praei.
451 4821 562 4872 Grnmm.
583 4820 638 4875 Lat,
658 4821 710 4872 uol.
728 4821 761 4870 lV
779 4836 805 4886 p.
823 4821 870 4879 le,
900 4819 943 4882 qui
971 4831 995 4868 et
1021 4820 1091 4884 ipse,
1119 4825 1214 4880 quanta
1240 4817 1305 4865 inter
1330 4815 1379 4866 hoc

81 4891 240 4957 opusculum
259 4901 284 4941 et
301 4889 384 4940 Seruii
402 4891 434 4940 de
452 4889 571 4939 linelibns
590 4889 665 4938 linem
684 4889 823 4939 similitudo
842 4887 1019 4948 intercederet,
1039 4887 1119 4953 probe
1136 4885 1279 4952 perspexit.

1137 4969 1178 5021 ss*
