3400 5450
662 341 923 408 annueremus
1382 346 1423 408 79

16 613 17 618 γ
123 525 292 588 desinentes
314 530 482 589 communis
503 537 573 589 sum
594 531 728 606 generis,
752 530 831 592 idest
845 531 1002 592 masculini
1026 538 1056 591 et
1076 531 1223 600 feminini,
1247 534 1291 592 sic
1307 540 1336 592 et
1350 550 1421 593 con·

15 643 16 664 r
123 631 248 708 paratiui
272 631 303 689 iu
327 647 361 690 us
384 629 556 691 desinentes
571 648 745 692 communes
761 638 831 694 sunt
845 631 924 693 iuter
938 640 1075 694 neutrum
1092 634 1221 694 nominis
1237 638 1266 694 et
1281 641 1420 694 neutrum

122 729 266 792 aduerbii.
310 730 441 793 Dicimus
464 733 542 792 enim
566 731 676 794 bonum
700 732 805 795 melius
828 735 989 812 optimum,
1014 740 1044 794 et
1065 733 1142 795 bene
1165 733 1272 796 melius
1295 737 1419 815 optime;

120 834 162 893 sic
189 831 310 893 doctum
340 832 457 896 doctius
485 833 707 905 doctissimum,
737 843 766 894 et
794 835 881 896 docte
911 835 1029 898 doctius
1056 835 1241 906 doctissime;
1270 837 1419 899 modicum

97 937 219 996 amisus
241 936 410 1004 minimum,
436 941 465 996 et
486 935 603 997 modice
626 937 722 998 miuus
745 937 882 1006 minims;
912 955 1052 1016 maguum
1074 939 1168 998 maius
1190 940 1366 1009 maximum,
1390 948 1420 1000 et

121 1053 226 1114 magne
254 1037 349 1096 maius
378 1038 521 1105 manime;
551 1036 660 1097 malum
688 1038 773 1118 peius
801 1039 979 1117 pessimum,
1009 1045 1038 1098 et
1061 1037 1137 1099 male
1160 1041 1246 1118 peius
1273 1043 1417 1120 pessime:

121 1139 237 1217 sapiens
267 1139 430 1218 sapientius
457 1139 725 1217 sapientissimum,
760 1146 789 1199 et
817 1142 968 1220 sapienter
996 1141 1157 1218 sapientius
1184 1143 1416 1221 sapientissime;

120 1237 250 1319 locuples
268 1237 443 1320 locupletius
461 1239 735 1320 locupletissimum.
753 1249 782 1302 et
795 1240 960 1320 locupleter
973 1240 1150 1321 locupletius
1170 1240 1417 1321 locupletissime;

117 1344 201 1403 iners
223 1343 350 1403 inertius
371 1344 602 1414 inertissimum,
627 1351 656 1403 et
671 1345 784 1404 inerter
799 1344 926 1404 inertius
949 1344 1144 1411 inertissime;
1167 1343 1262 1404 audax
1277 1344 1418 1407 audacius

85 1453 108 1492 1⁰
119 1443 361 1512 audacissimum,
386 1451 415 1504 et
437 1445 579 1506 audacter
600 1444 648 1505 uel
672 1443 823 1506 audaciter
845 1445 988 1506 audacius
1003 1443 1208 1505 audacissime.
1243 1446 1315 1506 ltem
1332 1449 1416 1517 scias,

119 1547 192 1606 sicut
215 1549 315 1606 omnia
338 1544 519 1624 superlatiua
542 1547 704 1608 masculina
728 1548 757 1606 in
782 1564 817 1608 us
839 1548 1038 1607 terminantur
1061 1552 1092 1606 et
1113 1548 1211 1607 omnia
1234 1547 1415 1626 superlatiua

118 1648 259 1708 feminina
288 1650 317 1708 in
342 1667 357 1706 a
381 1655 409 1707 et
432 1654 569 1708 neutrum
592 1650 622 1709 in
646 1665 710 1717 um,
739 1649 782 1708 sic
811 1649 898 1708 etiam
928 1649 1029 1708 omnia
1051 1647 1234 1726 superlatlua
1257 1649 1415 1712 aduerbio·

118 1768 183 1810 rum
206 1751 238 1810 in
263 1769 279 1809 e
302 1748 436 1810 uocalem
466 1767 586 1829 semper
614 1750 813 1810 terminantur
833 1746 845 1831 ΙΙ
868 1748 918 1810 iol.
936 1745 995 1810 gps
1014 1744 1038 1830 11.
1085 1746 1249 1826 Aliquando
1277 1759 1376 1812 autem
1399 1769 1415 1810 a

119 1851 281 1931 participiis
303 1851 494 1930 conparatiua
517 1852 656 1918 ueniunt.
681 1858 713 1911 ut
734 1850 891 1929 indulgens
913 1850 1116 1929 indulgentior
1138 1860 1168 1912 ot
1189 1869 1292 1913 amans
1315 1871 1415 1914 amau·

86 1955 187 2022 astion
216 1951 377 2031 aliquando
401 1972 473 2016 uero
496 1952 533 2013 ab
556 1933 706 2014 aduerblis
729 1953 792 2013 siue
814 1937 1087 2032 praepositionibus
1108 1955 1248 2022 ueniunt,
1277 1959 1310 2014 ut
1333 1963 1414 2015 entra

88 2056 254 2124 exterior,
283 2054 360 2115 ultra
384 2055 518 2123 ulterior,
548 2056 622 2116 citra
645 2054 780 2124 citerior,
805 2057 883 2116 intra
905 2055 1039 2124 interior,
1064 2055 1142 2115 inira
1164 2055 1299 2125 inferior,
1325 2055 1432 2136 supra'

117 2159 261 2236 superior,
289 2164 358 2236 post
384 2159 543 2237 posterior,
572 2174 667 2236 prope
689 2156 821 2234 propior,
850 2163 918 2218 ante
941 2156 1088 2224 noterium
1118 2157 1163 2216 sic
1185 2173 1200 2216 a
1224 2157 1340 2236 pridem
1364 2156 1414 2218 ad·

118 2256 218 2318 uerbio
249 2257 362 2319 abiecta
392 2258 459 2320 dem
489 2259 634 2336 accipitur
660 2264 690 2318 et
717 2256 787 2318 lacit
809 2263 1033 2336 conparatiuum
1057 2257 1151 2335 prior,
1175 2257 1226 2318 sed
1249 2259 1260 2316 i
1281 2260 1414 2338 corripit,

116 2360 144 2418 in
171 2359 357 2440 superlatiuo
379 2379 452 2421 uero
474 2361 607 2437 seruauit
629 2358 871 2439 productionem:
902 2363 1023 2436 accepta
1047 2374 1114 2450 mus
1136 2358 1206 2418 lacit
1227 2360 1354 2439 primus,
1379 2378 1413 2421 ex

82 2479 172 2542 eoquo
192 2464 329 2524 nascitur
355 2464 453 2542 primo
482 2461 529 2523 uel
557 2463 654 2541 prime
676 2459 861 2522 aduerbium.
907 2458 979 2518 ltem
1003 2460 1093 2530 scias,
1118 2458 1196 2538 qnod
1220 2464 1414 2542 conparatiuo

117 2572 141 2623 et
170 2564 355 2644 superlatiuo
382 2563 439 2624 hae
471 2563 633 2642 particulae
662 2561 738 2649 adici
766 2580 826 2624 non
855 2560 978 2629 debent,
1011 2559 1089 2621 idest
1122 2569 1179 2622 tam
1214 2563 1288 2624 adeo
1321 2565 1416 2642 magis

117 2667 241 2726 maxime
272 2663 372 2726 minus
394 2667 530 2739 minime,
564 2665 616 2725 sed
645 2666 775 2745 positluo
804 2661 975 2724 adiciendae
1004 2668 1088 2731 suut,
1122 2670 1173 2724 aut
1199 2663 1336 2742 augendo
1365 2673 1414 2727 aut

116 2766 291 2836 minuendo;
320 2766 472 2845 augendo,
502 2774 615 2828 uttam
645 2765 755 2835 bonus,
784 2763 858 2825 adeo
887 2763 995 2830 bonus.
1025 2766 1117 2842 magis
1145 2763 1257 2833 bonus,
1286 2766 1413 2827 manime

116 2867 223 2938 bonus;
262 2867 437 2938 minuendo,
473 2877 506 2930 ut
537 2869 638 2928 minus
671 2867 782 2937 bonus,
821 2868 943 2926 minime
977 2865 1081 2927 bonus.
1126 2868 1163 2928 Vt
1194 2866 1413 2928 Priscianus

20 3017 24 3026 .
81 2969 198 3032 edicit:
221 2971 342 3032 Minus
364 2969 584 3031 aduerbium
607 2977 662 3030 est
685 2967 829 3047 quando
852 2986 930 3029 cum
954 2970 1119 3048 positiuo
1141 2971 1309 3030 iunctum
1332 2987 1413 3030 con·

116 3074 254 3134 trariae
284 3067 587 3150 signilioationis
622 3071 919 3148 comparatiuum
949 3069 1197 3139 demonstrat,
1229 3076 1266 3131 ut
1294 3071 1413 3131 minus

15 3207 16 3210 =
115 3176 268 3255 ineptus
290 3174 350 3236 uel
372 3175 493 3234 minos
515 3173 669 3244 stultus,
692 3190 758 3252 pro
781 3171 1022 3252 prudentior;
1046 3179 1103 3234 est
1125 3179 1247 3233 tamen
1269 3173 1413 3251 quando

114 3274 180 3354 p'ro
215 3279 327 3338 ‘non'
364 3274 546 3337 aduerhio
582 3276 755 3355 ponitur,
792 3281 832 3336 ut
868 3275 990 3334 minus
1027 3274 1146 3336 bonus
1182 3293 1249 3354 pro
1286 3255 1411 3336 malus.

115 3378 234 3450 Quando
266 3386 365 3441 autem
398 3378 522 3440 minime
554 3375 602 3437 uel
633 3377 759 3436 maxime
786 3357 914 3456 positiuo
942 3377 1085 3454 iungitur,
1113 3378 1210 3438 uicem
1238 3374 1412 3456 superlatiui

81 3481 256 3564 sacomplet,
286 3488 319 3542 ut
345 3479 468 3542 minime
490 3478 600 3550 bouus,
632 3479 710 3540 idest
730 3480 894 3558 pessimus,
930 3485 959 3538 et
986 3481 1116 3538 maxime
1145 3476 1254 3546 bonus,
1284 3474 1340 3537 hoc
1369 3483 1414 3538 cst

114 3586 249 3664 optimus.
297 3583 370 3644 ltem
393 3582 603 3661 conparatiuus
624 3581 777 3642 inuenitur
799 3598 854 3660 pro
876 3581 1003 3660 position
1026 3580 1141 3660 positus
1156 3585 1186 3638 et
1201 3580 1300 3639 miuus
1321 3578 1410 3656 signi·

114 3686 178 3747 licat
192 3695 223 3746 et
237 3683 313 3747 nulli
329 3687 516 3765 conparatur,
541 3688 588 3744 ut:
613 3683 700 3742 ‘iam
723 3685 866 3753 senior,
890 3681 956 3743 sed
979 3682 1091 3743 crude
1114 3681 1181 3742 deo
1204 3678 1412 3758 uiridisque

115 3790 312 3850 senectus’.
342 3786 564 3849 Priscianus
585 3785 671 3847 dicit:
695 3783 759 3845 Est
781 3784 926 3864 quando
948 3802 1015 3864 pro
1038 3785 1206 3863 positiuo
1229 3799 1411 3862 conpara·

113 3893 213 3952 tiuus
235 3891 386 3971 positus
408 3889 531 3950 minus
553 3905 594 3947 eo
616 3887 814 3965 siguificat
837 3893 872 3947 et
893 3885 986 3947 nulli
1008 3893 1251 3966 conparatur,
1276 3891 1309 3944 ut
1330 3886 1411 3944 ‘tri-

81 3994 203 4070 castior
226 3992 346 4073 adque
370 3989 501 4053 oculos
528 3986 700 4050 lacrimis
727 3989 874 4050 sullusa
902 3990 1107 4057 nitentes';
1135 3988 1286 4048 tristior
1316 3985 1410 4045 enim

114 4073 169 4154 llic
191 4095 252 4156 ‘ex
274 4093 383 4174 parte
406 4092 573 4155 tristem’
597 4091 806 4169 significat.
844 4090 997 4152 lnuenitur
1020 4109 1108 4170 saepe
1131 4089 1341 4168 conparatiuus
1355 4105 1411 4167 pro

15 4406 16 4414 ἵ
177 4351 341 4401 lcnmmuni
411 4343 604 4417 2desinentes]
624 4349 783 4400 continentes
836 4346 918 4398 neutri
937 4347 1048 4398 nominis
1117 4341 1271 4410 Sloeuplex
1340 4343 1411 4394 locu·

113 4417 178 4486 pleis
245 4419 361 4471 ttinerte
430 4421 462 4470 10
479 4418 598 4468 audatius
616 4417 813 4467 audetissimum
883 4415 1005 4466 audiciter
1076 4416 1106 4465 17
1124 4415 1246 4480 proprior
1315 4412 1347 4463 18
1365 4411 1412 4462 ud-

15 4479 17 4554 ]
113 4489 173 4538 iectu
224 4485 359 4553 accipitur]
378 4488 436 4539 An:
453 4487 547 4553 accipit
564 4485 610 4536 or?
670 4487 701 4536 19
719 4495 881 4550 acceptamus
949 4485 982 4534 30
1000 4484 1083 4550 prima
1102 4483 1141 4532 uel
1159 4482 1242 4547 prime
1301 4482 1411 4545 e1psr-

15 4563 17 4594 ³
113 4555 184 4605 ticule
252 4557 287 4605 22
304 4555 440 4606 adicieude
492 4553 697 4605 sendelenus
765 4555 800 4604 24
816 4549 975 4616 Priscianus]
994 4551 1013 4601 I
1026 4567 1054 4616 p.
1074 4553 1123 4605 93.
1143 4552 1185 4599 20.
1255 4549 1289 4599 25
1307 4559 1410 4601 estam.

145 4624 271 4674 contrarie
338 4624 372 4673 26
389 4623 593 4690 comparatiuum
666 4624 699 4672 2⁷
717 4617 792 4688 inept'
859 4621 893 4671 28
911 4619 1032 4670 aduerbia
1101 4619 1134 4670 32
1154 4625 1309 4683 conparetur
1360 4616 1411 4665 iam

114 4689 207 4760 senior]
231 4693 311 4758 Verp.
330 4693 396 4745 Aen.
412 4691 452 4743 VI
472 4693 533 4743 304.
586 4705 613 4740 se
631 4690 708 4740 crudn
727 4691 759 4740 de
777 4705 807 4740 eo
876 4690 909 4740 33
926 4683 1086 4751 Priscianus]
1106 4686 1123 4736 I
1138 4701 1167 4750 p.
1186 4687 1263 4747 92,9
1315 4697 1411 4749 conpa-

114 4759 206 4810 ratiuus
223 4761 355 4828 positiuus
372 4761 405 4812 34
422 4759 493 4810 nullu
545 4755 650 4824 tristior]
675 4761 753 4826 Verp.
770 4759 839 4812 Aen.
860 4757 873 4808 l
892 4758 945 4808 228
1012 4757 1045 4808 36
1064 4755 1199 4808 inuenitur
1217 4779 1248 4790 -
1266 4767 1313 4822 pro
1331 4748 1410 4822 senis]

115 4828 147 4892 rs.
163 4831 245 4884 Prisc.
265 4832 281 4881 l.
299 4832 351 4882 to
402 4843 464 4898 sepe
