3394 5448
230 463 248 496 ο
615 385 803 439 saltaturis.

73 568 105 628 lit
126 585 215 628 ttuum
241 567 367 630 uerbum
389 571 495 642 reicio,
517 579 550 632 ut

267 671 381 733 Reice
403 691 448 734 ne
469 673 631 736 maculis
652 677 815 739 infuscet
838 676 983 740 uellera
1005 679 1133 760 pullis.

72 773 179 834 Omnes
201 773 422 834 interiectiones
445 775 469 835 si
493 775 714 856 monosyllabae
736 780 866 849 luerint,
889 779 1103 860 producuntur.
1128 791 1160 845 ut
1182 782 1257 852 hettt
1279 793 1358 848 aete·

72 894 118 934 rae
140 893 212 935 nero
235 878 372 956 exemplo
387 875 527 938 similium
543 881 672 957 partium
688 882 830 942 orationis
845 883 1045 944 aestimandae
1060 894 1137 946 sunt.
1173 885 1245 947 ltem
1268 889 1360 948 inter-

48 977 208 1036 tinctiones
224 994 336 1044 omnes.
360 985 393 1038 ut
407 979 591 1040 Audacius
614 981 661 1050 ait,
678 1000 754 1063 quae
770 982 807 1042 de
823 983 937 1045 Graeco
951 1003 1089 1046 sermone
1107 991 1232 1049 mutuati
1248 1008 1358 1060 sumus,

71 1079 132 1138 ideo
154 1079 185 1140 iu
208 1080 377 1140 uuuissimis
399 1079 518 1160 syllabis
540 1083 690 1162 fastigium
706 1087 836 1164 capiunt,
862 1095 893 1147 ut
909 1105 1003 1167 papae
1019 1096 1099 1148 attat.
1145 1089 1256 1151 Eodem
1272 1091 1360 1152 modo

71 1191 97 1241 et
122 1187 240 1243 ceterae
268 1179 404 1242 similiter
431 1187 622 1246 uetustatem
650 1184 698 1246 uel
727 1186 951 1249 circumllexum
981 1189 1013 1248 iu
1040 1187 1144 1274 ultimo
1167 1202 1288 1254 sumunt
1310 1211 1357 1254 ao·

69 1291 192 1344 centum.

124 1457 132 1462 .
171 1457 293 1464 -.—.....

134 1559 143 1605 l
167 1571 243 1604 ttttttm
263 1573 309 1606 om.
328 1555 404 1606 Beda
459 1557 597 1608 atntnteet
614 1557 707 1608 uellera
727 1557 826 1626 pttlnis]
849 1561 1156 1628 Verg.6enr9.111389
1224 1563 1357 1632 30mnes]

69 1626 106 1684 Cf.
126 1624 214 1674 Seruii
230 1626 262 1675 de
276 1625 396 1687 'indibus
413 1643 440 1690 ρ.
457 1629 517 1688 455,
537 1630 620 1682 a—-a,·
638 1626 714 1677 Beda
730 1645 757 1692 ρ.
776 1631 850 1680 2363
868 1629 899 1681 Ρ.
963 1641 989 1679 ιιι
1008 1629 1070 1680 heus
1089 1632 1264 1696 producuntur
1282 1633 1358 1684 Beda

115 1705 226 1742 ceterum
245 1693 366 1742 similium
434 1696 451 1743 4
469 1695 609 1744 estimatae
624 1694 628 1758 Ι
644 1695 830 1747 existimandae
849 1696 925 1746 Beda
998 1701 1013 1748 5
1033 1710 1059 1748 ut
1077 1700 1195 1750 audatius
1215 1713 1242 1751 ut
1259 1717 1309 1763 que
1326 1702 1359 1751 de

69 1775 139 1824 greco
158 1774 277 1810 sermone
295 1761 384 1810 mutati
448 1758 589 1828 Audacius]
611 1763 726 1814 Audacia
743 1766 800 1814 aad.
819 1763 899 1815 Bern.
919 1767 974 1815 336
990 1781 1057 1816 saec.
1081 1767 1274 1832 VIII-IXs.
1294 1771 1358 1819 ise.-

68 1829 251 1878 interiectinnes
271 1841 360 1878 amites
378 1831 438 1891 quia
456 1831 488 1880 de
505 1846 581 1895 greco
594 1845 712 1880 sermone
730 1833 835 1881 mtttuati
854 1849 953 1890 snmus,
973 1833 1029 1884 ideo
1043 1836 1067 1884 in
1088 1837 1233 1886 nouissimis
1252 1837 1357 1900 syllabis

68 1897 195 1961 fastigium
222 1898 328 1962 eapittut
353 1909 380 1946 ut
407 1914 473 1964 pope
495 1909 558 1947 attat
581 1898 630 1948 lrac
647 1899 703 1948 hem
722 1911 747 1950 et
764 1912 844 1948 cetere
867 1901 982 1950 similiter
1001 1901 1040 1950 uel
1058 1913 1173 1952 actutum
1194 1905 1231 1954 uel
1250 1907 1358 1954 circum-

69 1965 157 2014 llexnm
176 1966 202 2013 iu
221 1965 310 2014 ultimo
328 1977 444 2026 sumunt,
463 1965 496 2028 ef.
516 1966 583 2016 Keil.
603 1967 693 2020 Herm.
713 1967 728 2016 Ι
745 1971 844 2031 nm
913 1968 1067 2036 distiginnt
1084 1971 1189 2036 cupiunt
1257 1987 1323 2038 pape

68 2029 115 2083 eod
131 2034 190 2082 mod
208 2045 232 2082 et
249 2027 292 2082 cel
309 2033 382 2084 simil
401 2034 439 2084 uel
457 2035 647 2084 circumllexnm
743 2037 757 2086 7
778 2035 817 2086 uel
841 2047 942 2086 neutum
967 2037 1005 2086 uel
1028 2038 1220 2090 circumllexum
1238 2040 1313 2092 Beda
1331 2048 1357 2090 et

68 2105 119 2154 rod.
137 2103 258 2154 Audacia.

598 2275 823 2284 -————--—.-—...

146 2463 262 2522 Eadem
284 2464 380 2538 initur
407 2479 465 2522 non
494 2464 555 2522 nisi
569 2464 679 2538 pauca
705 2466 827 2525 mutatis
855 2465 942 2541 apud
963 2464 1080 2525 Bedam
1097 2483 1132 2541 p.
1158 2472 1234 2524 2363
1256 2467 1291 2525 P.
1313 2468 1353 2525 le-

65 2559 225 2643 enatura)
272 2565 374 2640 Neque
395 2573 494 2624 tamen
518 2563 622 2625 Bedae
643 2562 742 2640 ipsius
762 2551 944 2642 excerptam
967 2569 999 2626 in
1027 2567 1161 2627 omnibus
1188 2569 1247 2626 iltis
1273 2568 1345 2627 codi

1 2689 2 2746 ι
66 2669 142 2727 abus
169 2666 322 2742 Sergiano
348 2667 426 2728 libro
455 2668 603 2728 adiectam
632 2684 695 2727 esse
715 2669 904 2744 putabimus,
939 2670 1081 2744 quoniam
1109 2667 1228 2729 Bedam
1255 2669 1358 2728 Seruii

2 2753 3 2848 J
65 2767 157 2845 copiis
177 2767 333 2830 liberrime
354 2784 438 2829 unam
461 2775 678 2848 assererent,
706 2771 788 2846 qnod
808 2771 924 2830 Keilitts
945 2787 1012 2830 cnm
1034 2767 1173 2839 uidisset,
1202 2772 1232 2829 in
1261 2771 1353 2832 adan

2 2865 3 2902 ³
67 2876 172 2934 tadone
193 2867 305 2932 critica
326 2873 468 2947 opusculo
490 2873 529 2930 de
548 2870 691 2944 finalibus
712 2873 844 2932 subiecta
871 2870 915 2930 ad
935 2871 1038 2933 Seruii
1061 2873 1156 2932 naha
1184 2873 1234 2932 ael
1256 2888 1354 2932 emen·

67 2976 165 3034 danda
187 2976 238 3034 atet
258 2974 444 3049 explicanda
464 2980 546 3033 recte
567 2973 683 3033 Bedam
705 2991 822 3048 qnoque
843 2974 988 3034 adhibuit.
1031 2976 1140 3050 Itaque
1162 2971 1298 3034 Andanis
1317 2975 1355 3034 de

67 3079 300 3138 interiectionem
327 3075 500 3136 accentibus
526 3076 701 3135 disserentis
727 3078 825 3151 locus,
862 3093 948 3150 quem
982 3094 1021 3136 ex
1051 3075 1137 3135 Beda
1170 3078 1355 3152 deprompsit

67 3165 175 3240 Keilirls
199 3178 302 3237 Herm.
321 3179 340 3238 I
349 3195 381 3252 p.
400 3183 465 3250 333,
490 3195 550 3237 non
573 3177 617 3236 ad
634 3176 747 3236 Bedam
770 3180 877 3253 ipsunt,
900 3181 953 3238 sed
976 3178 1019 3237 ad
1039 3181 1269 3240 commentarios
1284 3178 1352 3238 Ser-

64 3285 166 3356 qiaaos
200 3283 333 3356 pertinet
362 3279 480 3338 Bedam
513 3285 615 3338 aetate
641 3281 799 3354 aliquanto
828 3280 1047 3340 antecedentes.
1099 3280 1164 3340 Hoc
1194 3297 1266 3340 nero
1292 3299 1353 3342 aon

65 3386 133 3444 tems
153 3383 296 3444 momenti
315 3388 358 3442 est
379 3382 421 3440 ad
443 3381 577 3442 Andanis
598 3387 725 3441 aetatem
747 3383 924 3442 naamatites
944 3383 1158 3454 definiendam.

68 3556 86 3561 ..
96 3553 287 3562 -.----—-—-

124 3671 150 3734 *l
169 3669 272 3722 Corrttit
289 3671 368 3736 igitur
380 3669 486 3719 borciani
498 3669 610 3718 Muelleri
629 3670 708 3719 nostri
721 3670 835 3732 iniquum
849 3669 881 3718 de
893 3668 975 3720 Seruii
989 3671 1031 3718 ‘de
1044 3670 1174 3720 llttnliltus’
1188 3669 1271 3719 libello
1286 3669 1352 3718 incli-

66 3741 214 3802 rinm‚quod
233 3739 411 3789 saltedulnrum
436 3738 524 3787 tisciua
546 3753 592 3785 stin
613 3735 712 3790 ur.‘Xll
730 3737 815 3791 annal.
835 3738 954 3791 Fleckeis
975 3739 1040 3790 1866
1059 3754 1084 3802 p.
1095 3738 1144 3788 564
1154 3755 1208 3801 seq.
1227 3739 1351 3797 excussit,

66 3809 192 3868 siqnidem,
211 3809 254 3869 otti
273 3823 290 3856 a
308 3806 426 3857 Muellero
445 3823 471 3872 p.
482 3807 532 3857 565
549 3805 661 3854 adlertur·
679 3804 762 3855 Seruii
780 3806 852 3855 locus
869 3822 895 3871 p.
913 3807 998 3870 453st
1017 3805 1047 3864 ll,
1066 3821 1117 3856 ιιοιι
1136 3818 1161 3855 ot
1178 3807 1209 3855 nb
1227 3806 1276 3855 isto
1296 3818 1352 3854 ete

67 3877 126 3925 Beda
143 3875 232 3927 eodem
253 3885 366 3940 tempore
385 3890 416 3923 ex
434 3873 564 3923 Priscinno
582 3873 592 3920 l
612 3889 638 3938 p.
656 3873 705 3924 32⁷
724 3873 753 3923 ll.
771 3874 922 3939 desumptus
941 3885 992 3933 est,
1015 3874 1075 3936 qtrin
1095 3875 1119 3922 in
1138 3883 1208 3924 ιιιιιιιι
1226 3871 1308 3921 Seruii
1327 3885 1351 3921 et

69 3943 141 3994 Bedne
152 3943 321 3998 similitudino
329 3943 452 3993 Prisciani
470 3955 527 3990 enm
546 3942 602 3990 istis
615 3941 714 3991 duobus
727 3942 905 4006 cognationem
919 3941 1012 3990 unllam
1026 3957 1147 4007 agitosco.
1175 3941 1262 4002 ltaqtte
1275 3940 1349 3990 uelim

68 4023 192 4078 expromat
214 4012 304 4062 sedtrlo
328 4013 367 4060 nir
388 4009 553 4060 doctissimus
576 4023 641 4071 quas
665 4009 771 4075 insuper
793 4009 869 4058 huius
892 4009 968 4059 libelli
988 4009 1098 4059 athetesi
1116 4009 1220 4060 notandi
1238 4008 1350 4058 rationes

67 4081 109 4128 sibi
125 4081 255 4130 intrauisse
273 4079 345 4129 uisus
364 4090 402 4127 est
419 4077 435 4126 l.
454 4079 472 4130 l.
490 4094 516 4144 p.
535 4078 593 4130 sat.
630 4075 681 4126 Nos
705 4078 739 4127 ds
762 4077 811 4126 hoa
833 4076 916 4127 Seruii
939 4077 1063 4144 opusculo
1088 4091 1138 4128 nou
1163 4075 1235 4126 aliter
1253 4076 1349 4125 indica-

68 4163 130 4204 mus.
148 4163 224 4211 qnam
242 4147 275 4197 de
293 4147 396 4209 reliquls
414 4148 457 4209 qni
477 4145 562 4196 Seruii
580 4144 620 4194 uel
638 4143 721 4210 Sergii
740 4146 843 4194 nomine
861 4145 1071 4195 circumferuntur
1083 4145 1279 4207 commentariis,
1299 4159 1349 4194 non

67 4216 139 4279 ipsius
158 4217 188 4266 ad
202 4226 292 4266 nostra
309 4225 426 4282 tempora
442 4215 577 4265 decreuisse
595 4211 678 4262 Seruii
695 4224 845 4278 praecepta,
868 4213 914 4264 sed
932 4212 1056 4264 Seruiana
1074 4225 1098 4263 et
1110 4230 1125 4263 a
1136 4211 1269 4278 discipulis
1289 4211 1347 4262 olim

69 4285 129 4332 narie
145 4286 262 4351 exposita
282 4294 305 4332 et
324 4299 337 4332 a
356 4284 526 4349 posteriorum
545 4293 655 4332 aetatum
668 4283 842 4346 grammaticis
854 4281 938 4332 denuo
957 4291 1108 4349 pertractata
1128 4281 1228 4346 digesta
1245 4279 1349 4330 dilatata

68 4360 178 4406 enarum.
