3390 5444
302 315 363 380 120
821 320 890 372 ARS
910 320 1086 374 Attonitum

399 508 428 567 in
445 506 489 581 lis,
506 515 538 568 ut
560 504 693 586 supellex
715 507 924 588 supellectilis;
948 509 977 569 iu
1001 511 1058 579 uis,
1081 517 1114 571 ut
1137 513 1187 572 nix
1209 513 1300 583 niuis:
1324 516 1356 575 in
1377 518 1432 583 nes,
1454 522 1486 575 ut
1506 534 1588 577 senor

300 609 390 669 senis.
426 607 508 670 dtem
531 611 560 668 in
584 609 634 678 tis,
658 616 690 670 ut
712 627 770 670 nox
794 611 897 672 noctis.

384 709 418 770 ln
449 729 465 770 c
495 728 587 771 unum
621 728 728 772 nomen
762 719 900 773 neutrum
934 713 1100 784 inuenitur,
1130 723 1164 777 ut
1191 715 1236 777 lac
1263 716 1357 778 lactis.
1409 716 1589 780 Claudius:

299 829 445 872 cunum
469 807 599 872 nomen
622 820 754 874 contra
783 812 950 890 regulam
977 815 1184 894 euphoniae
1206 835 1319 879 eausa
1341 814 1588 888 terminatum,

281 918 337 973 ,ut
370 911 438 982 lac,
474 913 569 990 quod
604 912 749 994 quidam
788 915 901 976 nimia
939 918 1161 994 quaestione
1196 928 1474 990 tractauerunt;
1517 938 1610 982 name

299 1015 474 1094 plerique
496 1024 733 1095 putauerunt
755 1015 853 1078 ‘lact’
877 1016 952 1078 dici
976 1016 1123 1079 adiecta
1146 1029 1167 1080 t.
1198 1018 1329 1081 Varro:
1353 1019 1424 1106 ‘lap
1446 1038 1513 1082 non
1534 1020 1590 1082 de-

300 1113 585 1186 bemusdieere,
603 1116 778 1178 sedlact’.
811 1118 964 1179 Cacsar:
989 1119 1143 1181 ‘nullum
1167 1139 1299 1182 nomen
1323 1121 1465 1183 duabus
1487 1125 1589 1184 mutis

300 1217 555 1279 terminatur’.
601 1219 798 1300 Superest.
823 1228 862 1279 ut
884 1239 1087 1300 sequamur
1109 1222 1274 1300 regulam
1297 1223 1422 1286 Plauti
1445 1230 1479 1284 et
1499 1224 1590 1284 dica-

300 1336 375 1378 mus
398 1317 541 1395 ‘lactet
566 1339 632 1400 qua
655 1322 928 1382 terminatione
951 1340 1039 1384 usus
1062 1331 1118 1385 est
1139 1325 1253 1386 Cato:
1290 1325 1345 1394 ‘ln
1369 1324 1478 1386 ltalia
1500 1332 1590 1386 atras

300 1437 432 1506 capras
454 1418 552 1484 lacte
574 1421 697 1484 album
720 1420 880 1483 ltabere’.
927 1423 997 1483 Sed
1021 1442 1107 1485 usus
1129 1427 1316 1488 rationem
1340 1429 1443 1494 uicit.
1459 1435 1497 1488 ut
1516 1426 1620 1487 ‘lac’o

299 1524 425 1602 potius
447 1523 598 1584 dicatur
619 1525 721 1585 iuxta
736 1522 839 1612 ⁸illud
863 1524 1039 1586 Maronis:

450 1623 523 1686 Lac
546 1624 633 1686 mihi
655 1643 726 1686 non
750 1632 893 1687 aestate
916 1645 1065 1696 nouum,
1090 1645 1162 1688 nou
1185 1627 1332 1707 frigore
1353 1628 1459 1690 detio.

300 1711 1591 1793 Etremansitillaconsuetudo.Priscianusautemdicit:lac...etalleo

402 1830 513 1888 etiam
538 1827 628 1888 baec
650 1825 747 1889 allex
772 1829 954 1890 feminino
977 1831 1286 1908 generchrrius
1309 1832 1422 1892 dixit:
1446 1833 1589 1893 allecem

302 1928 397 1989 lianc
418 1975 511 1991 .....
559 1928 633 1990 liae
662 1927 781 1991 lactes
809 1939 935 2008 partes
963 1939 1047 1992 sunt
1074 1933 1362 2002 intestinorum,
1394 1936 1500 1996 cuius
1523 1935 1620 1994 sin-o
1656 1973 1659 1978 ,

302 2030 433 2108 goslare
456 2029 546 2091 haec
570 2028 689 2092 lactis.

386 2132 420 2193 ln
443 2149 492 2202 ec,
515 2138 548 2192 ot
570 2131 644 2192 allec
666 2130 782 2220 allcois.
805 2150 900 2211 genus
922 2143 968 2195 est
990 2137 1089 2214 piscis.

387 2233 419 2294 ln
436 2251 486 2294 aes
498 2235 573 2313 'quot
587 2251 697 2312 genera
717 2235 929 2297 inueniuntur?
958 2236 1022 2297 lloo
1037 2244 1080 2298 est
1096 2237 1169 2306 duo.
1193 2239 1389 2300 masculinum
1406 2245 1592 2302 cluentium

303 2333 508 2405 masculinum,
525 2344 557 2395 ut
572 2353 659 2414 praes
674 2336 792 2416 praedis
808 2336 911 2414 praedi
921 2340 1071 2414 praedem
1086 2357 1201 2419 praesa
1218 2339 1330 2419 praede
1346 2349 1375 2400 et
1389 2339 1498 2420 plurali
1513 2358 1590 2420 prae·

304 2438 357 2522 des
386 2437 539 2518 praedium
567 2437 728 2518 praedibus
756 2438 881 2516 praedes
911 2439 1036 2518 praedes
1058 2457 1073 2501 a
1098 2439 1265 2518 praedibus.
1311 2441 1471 2516 Neutrum,
1500 2451 1532 2502 ut
1553 2449 1622 2502 esto

304 2539 362 2598 boc
390 2557 439 2599 aes
462 2541 539 2600 aeris
561 2541 623 2600 aeri
646 2556 696 2599 aes
719 2558 769 2600 aes
791 2538 828 2600 ab
852 2540 907 2601 boc
928 2559 999 2602 aere
1021 2550 1052 2602 et
1073 2541 1179 2621 plurali
1202 2543 1276 2604 haec
1297 2561 1364 2605 aera
1388 2543 1463 2604 baec
1485 2560 1592 2604 aereo

304 2659 387 2710 aera.
418 2641 496 2718 quod
525 2640 686 2703 secundum
717 2650 871 2721 poctarum
900 2641 1052 2703 licentiam
1078 2644 1213 2705 uidemus
1235 2645 1317 2714 lieri,
1346 2645 1431 2724 quia,
1462 2643 1593 2724 quicquid

305 2751 493 2803 mensuratur
516 2750 567 2803 aut
588 2751 737 2822 pensatur,
762 2741 905 2822 pluralem
930 2761 1087 2805 numerum
1110 2763 1170 2807 non
1193 2744 1292 2806 babet.

388 2843 420 2904 ln
443 2863 498 2905 aus
520 2862 614 2925 panca
637 2845 756 2905 nomina
780 2843 920 2906 feminina
943 2847 1150 2918 terminantur,
1174 2854 1207 2907 ut
1224 2846 1298 2908 baec
1314 2845 1377 2910 lans
1393 2847 1480 2909 buius
1495 2847 1592 2914 laudis.

303 2945 347 3005 sic
371 2945 451 3006 trans
473 2945 595 3006 fraudis.
685 2979 710 2990 ··
1603 2965 1623 3005 n

389 3045 421 3107 ln
445 3048 490 3106 uis
512 3055 584 3126 quot
605 3064 715 3124 genera
737 3049 950 3109 inueniuntur?
992 3048 1072 3110 ldest
1099 3049 1173 3120 duo.
1203 3049 1364 3112 masculina
1391 3060 1421 3111 et
1442 3051 1592 3117 feminina:

306 3143 356 3228 111.
374 3143 455 3208 toti
471 3143 482 3229 ΙΙ
499 3147 671 3219 masculina,
694 3157 727 3209 ut
749 3149 796 3211 bic
818 3151 938 3228 sanguis
959 3152 1112 3230 sanguinis
1134 3151 1183 3212 laio
1198 3154 1302 3231 anguis
1316 3151 1365 3212 bic
1380 3153 1493 3232 puluis;
1517 3153 1591 3214 lemi-

305 3250 389 3317 nina,
415 3255 447 3308 ut
468 3247 542 3310 baec
564 3250 648 3310 nauis
670 3250 743 3311 baec
766 3250 857 3312 clauis
880 3250 953 3313 baec
976 3255 1053 3321 anis,
1077 3261 1107 3312 et
1130 3269 1221 3314 uncam
1244 3254 1275 3314 in
1299 3253 1508 3335 trissyllabam
1531 3272 1593 3334 pro·

305 3350 436 3420 ductam,
453 3358 485 3410 nt
507 3349 580 3412 haec
603 3352 648 3412 uis
670 3350 757 3413 huius
780 3354 825 3412 uis
847 3352 916 3414 huic
938 3355 967 3414 ui
991 3353 1066 3414 bane
1082 3356 1142 3415 uim
1158 3373 1176 3415 o
1192 3358 1238 3416 uis
1260 3354 1298 3416 ab
1321 3355 1377 3417 bac
1398 3357 1427 3417 ui
1450 3364 1480 3417 et
1500 3357 1592 3436 plura·

189 3522 194 3529 Ι
304 3450 373 3512 liter
396 3452 451 3513 bae
474 3453 554 3513 uires
576 3452 681 3513 barum
706 3455 813 3515 uirium
838 3454 884 3515 his
906 3454 1021 3516 uiribus
1042 3454 1095 3516 has
1118 3456 1197 3517 uires
1220 3475 1238 3517 o
1260 3459 1340 3518 uires
1363 3457 1400 3518 ab
1415 3456 1461 3518 bis
1475 3457 1623 3517 utribusa

390 3554 473 3615 Nunc
497 3537 542 3615 de
556 3554 727 3616 nominibus
750 3557 781 3615 in
797 3555 871 3616 duas
886 3554 934 3616 uel
950 3565 1012 3617 tres
1027 3567 1225 3618 consonantes
1240 3557 1444 3620 desinentibus
1458 3558 1592 3620 dicamus.

390 3653 422 3715 lu
446 3653 488 3716 als
511 3673 601 3717 unum
625 3675 733 3718 nomen
757 3656 950 3718 masculinnm
974 3659 1158 3726 terminatur,
1182 3666 1215 3719 ut
1236 3659 1284 3721 hic
1306 3658 1368 3720 cals
1390 3659 1476 3721 buius
1501 3659 1591 3728 calsis,

276 3793 283 3801 ·
306 3773 342 3816 ex
365 3775 424 3836 quo
447 3755 575 3835 lapidum
599 3759 743 3818 maceries
766 3757 928 3820 dealbatur.

374 3910 434 3958 lut
452 3908 568 3974 supellex
587 3919 613 3959 ut
681 3912 706 3960 in
727 3907 777 3976 eds]
797 3911 822 3958 in
842 3925 886 3959 cns
973 3913 997 3960 in
1017 3913 1056 3960 uls
1075 3927 1121 3962 om.
1209 3913 1268 3963 3in
1287 3927 1300 3961 e
1319 3928 1398 3962 111111111
1467 3911 1589 3977 Claudius]

304 3977 340 4040 of.
361 3976 480 4028 Claudius
498 3975 627 4029 Sacerdos
645 3979 685 4029 ed.
707 3978 816 4029 Vindob.
839 3994 866 4042 p.
886 3981 928 4038 17,
951 3995 1000 4045 qno
1022 3979 1121 4045 quidem
1143 3982 1199 4031 loco
1219 3995 1329 4044 prorsas
1352 3983 1456 4034 diuersa
1478 3987 1589 4048 tepenter,

305 4046 340 4106 cs.
358 4045 445 4108 praef.
470 4047 518 4096 ‘de
535 4047 597 4097 locis
615 4045 762 4112 qmbusdam
779 4045 880 4096 Claudii
897 4046 1066 4098 Sacerdotte.’
1152 4049 1289 4110 tequidem
1312 4049 1390 4099 nimie
1443 4053 1590 4114 questionem

305 4109 423 4176 tractarit]
449 4111 572 4168 Fortasse
593 4115 689 4164 rectius
710 4113 853 4164 scribatur:
882 4116 951 4176 quod
979 4114 1080 4176 quidem
1108 4116 1187 4165 nimis
1213 4117 1364 4180 quaestione
1391 4129 1526 4169 oracutum
1551 4129 1590 4168 esc

373 4181 389 4229 6
414 4179 507 4245 Varro]
529 4182 565 4245 cf.
587 4181 677 4246 Pomp.
699 4198 726 4246 p.
747 4185 808 4246 199,
828 4184 876 4239 131
906 4184 939 4237 Α.
963 4182 1021 4233 Mai
1044 4184 1120 4234 Auci.
1144 4185 1220 4234 class.
1248 4183 1308 4236 Vni.
1336 4186 1393 4237 Vol.
1417 4187 1444 4236 V
1460 4190 1590 4252 pidici
1674 4215 1675 4240 .

306 4262 369 4314 qnos
387 4249 523 4298 nominauit
540 4249 639 4300 Ketltns
657 4251 693 4300 ad
710 4249 815 4302 cledon.
833 4265 860 4314 p.
881 4251 922 4311 18,
942 4253 977 4300 22
1062 4250 1142 4302 'ised
1159 4250 1199 4300 lac
1216 4266 1304 4301 cesset
1375 4252 1543 4322 Ssuperest]
1559 4253 1588 4315 cs.
1674 4295 1675 4324 ἶ

304 4316 394 4380 Pomp.
410 4331 439 4379 p.
459 4318 516 4376 199,
535 4319 567 4367 16
651 4319 736 4380 tque
753 4317 938 4366 terminationis
956 4327 996 4367 est
1013 4327 1040 4367 ut
1109 4317 1184 4384 Cato]
1203 4321 1238 4381 cs.
1259 4319 1359 4386 0111191.
1376 4338 1404 4386 p.
1422 4325 1482 4385 102,
1499 4325 1515 4372 9
1532 4323 1562 4372 li.

306 4383 448 4435 retectum
501 4386 532 4434 11
552 4379 682 4451 marones]
701 4383 945 4451 Verp.Eci.1122
997 4387 1028 4436 12
1046 4396 1126 4437 estate
1176 4388 1243 4438 desit
1312 4389 1407 4440 titulis
1442 4384 1589 4450 Priscianus]
1674 4367 1675 4370 Ἴ

305 4451 584 4518 0111121219.
605 4455 638 4503 11
688 4454 751 4503 dicit
768 4454 831 4504 laete
848 4463 873 4502 et
890 4454 974 4503 elaece
991 4455 1066 4503 etiem
1130 4457 1163 4505 14
1179 4454 1302 4506 leminlne
1319 4471 1414 4521 genera
1432 4459 1518 4509 uerius
1565 4458 1590 4505 lb
1674 4479 1675 4496 1

305 4520 372 4570 bano
389 4517 463 4584 haec]
484 4520 519 4584 cf.
539 4521 623 4571 Prisc.
640 4521 658 4571 1
673 4537 701 4587 p,
720 4524 817 4584 213,1
887 4531 960 4588 parte
977 4533 1037 4571 sunt
1053 4524 1230 4573 intestinarum
1302 4526 1333 4574 l‘l
1351 4522 1446 4592 genus]
1465 4527 1501 4590 cs.
1519 4527 1590 4577 Prisc.
1674 4523 1675 4556 f

304 4588 322 4638 1
338 4605 366 4653 p.
385 4589 445 4646 212,
465 4588 950 4656 14:2sceutemetteegenuspiscis
1019 4590 1051 4640 ts
1069 4591 1094 4640 in
1114 4607 1141 4640 es
1159 4591 1229 4654 quod
1281 4595 1313 4642 19
1331 4607 1391 4658 pres
1409 4595 1513 4659 praedis
1532 4591 1590 4660 predi

305 4671 364 4720 pree
383 4662 432 4712 etc.
501 4659 532 4706 21
552 4656 602 4707 hoc
618 4672 662 4706 eas
714 4657 777 4708 haec
794 4671 852 4709 cere
868 4657 931 4708 heco
949 4672 964 4707 o
982 4673 1041 4708 esra
1120 4660 1154 4709 22
1171 4668 1235 4722 quot
1302 4660 1438 4710 lucentium
1507 4663 1591 4712 21111·

306 4720 378 4789 guis]
398 4725 505 4790 sanguis
574 4724 607 4775 28
625 4735 650 4775 et
666 4739 681 4775 e
697 4727 724 4774 iu
742 4741 785 4776 um
804 4725 927 4790 syllabam
945 4727 972 4775 111
990 4727 1030 4777 uis
1048 4724 1211 4794 productam]
1232 4729 1276 4778 An
1291 4731 1392 4793 potius:
1410 4739 1435 4778 ct
1452 4744 1531 4780 unum
1546 4741 1591 4778 mo·
1674 4739 1675 4800 f

307 4789 466 4854 nosqllabum
484 4792 510 4840 in
529 4792 568 4841 uis
587 4793 755 4858 productam?
824 4793 1013 4846 29111111ουί111
1065 4795 1100 4844 lae
1116 4796 1157 4844 cui
1225 4798 1258 4847 82
1276 4798 1443 4847 terminantur
