3394 5448
304 331 366 398 266
451 335 687 388 COMMENTVM
705 332 949 387 EINSIDLENSE
967 333 1005 385 in
1023 333 1108 385 DON.
1127 333 1252 402 ΑῌΤΕΜ
1269 334 1454 387 unionem,

153 531 366 595 cinerentur,
395 531 429 584 nt
456 522 533 585 ‘hen
554 522 642 585 mihi'
672 525 793 584 ‘euax'.
838 521 977 602 Singulae
1005 521 1146 603 pluresue
1174 530 1273 603 partes
1300 541 1356 603 pro
1387 521 1585 584 interiectione

303 636 468 705 ponuntur;
495 613 642 705 singulae,
666 633 699 688 ut
720 626 799 686 ‘inst
843 624 900 687 Fas
927 643 1052 696 nomen,
1075 627 1095 686 i·
1119 624 1245 693 licitum.
1270 633 1300 686 et
1320 627 1429 686 transit
1451 627 1483 686 in
1503 627 1584 686 inter·

214 729 474 798 maeotium,
498 729 541 790 sic
562 729 718 789 ‘tornum'
739 745 849 790 nomen
871 747 925 808 pro
948 726 1090 788 aduerbio
1111 727 1240 807 ponitur.
1286 725 1489 798 Pluresue,
1518 727 1585 788 sicut

302 829 421 892 ‘netas'
449 834 520 910 ‘pro
543 831 653 901 neins’,
683 848 717 892 ex
741 830 840 892 multis
862 829 995 910 partibus
1017 831 1212 910 compositae;
1241 833 1313 908 ‘pro
1337 829 1444 891 dolor’
1469 827 1584 890 dolentis

303 941 361 1003 est,
384 939 418 993 ut
438 931 629 994 Sednlius:
1593 945 1603 982 5

427 1034 498 1096 Pro
521 1034 630 1096 dolor
652 1036 800 1096 aeterni
823 1035 974 1096 inerant
997 1034 1066 1095 dno
1089 1051 1264 1096 crescere
1286 1042 1506 1115 postquam,

303 1155 338 1198 en
353 1141 432 1216 ‘pro’
450 1143 477 1198 et
494 1135 612 1198 ‘dolor'.
648 1136 721 1199 ‘Deo
736 1137 857 1216 gratins'
881 1135 1017 1198 similiter
1044 1136 1239 1216 compositum
1263 1144 1307 1198 est
1330 1154 1366 1197 ex
1388 1135 1505 1198 duabus
1525 1155 1583 1216 pnr-

302 1237 382 1300 tibus
405 1247 433 1300 et
456 1247 501 1300 est
521 1241 690 1300 interiectio
712 1239 862 1301 laetantis:
891 1237 1032 1318 quicquid
1054 1240 1133 1299 enirn
1154 1223 1254 1300 *subita
1277 1256 1352 1299 noce
1374 1240 1583 1317 pronuntiatur.

215 1341 501 1405 rre,rinteriectioni
532 1341 698 1421 deputatur.
743 1338 847 1402 Nullus
874 1349 1014 1402 accentus
1042 1348 1139 1402 certus
1167 1348 1212 1403 est
1238 1341 1268 1400 in
1289 1341 1507 1401 interiectione.
1548 1339 1584 1399 Vt

302 1445 384 1505 iere
410 1443 445 1504 in
474 1440 561 1503 aliis
590 1441 745 1503 uocibus
771 1445 793 1503 i·
820 1445 851 1504 in
880 1441 945 1504 aliis
979 1441 1125 1522 partibus,
1162 1443 1230 1521 quin
1259 1460 1393 1522 quaeque
1421 1459 1498 1520 gens
1524 1455 1611 1503 suasit

303 1544 393 1606 hebet
413 1545 654 1615 interiectiones,
678 1547 805 1625 quaein
828 1544 913 1606 aliam
936 1542 1065 1623 lingnam
1088 1544 1246 1606 transferri
1270 1562 1327 1605 nnn
1351 1553 1485 1624 possunt.
1509 1542 1583 1604 Vnde

302 1647 416 1708 ‘racha'
438 1647 606 1709 interiectio
627 1645 763 1708 Hebraea
786 1647 822 1708 ab
845 1643 1026 1724 euangelista
1053 1648 1085 1706 in
1108 1645 1163 1707 alia
1185 1646 1285 1725 lingua
1308 1647 1432 1726 exprimi
1456 1663 1517 1706 non
1538 1664 1584 1724 po·

302 1753 367 1815 tnit.
410 1747 489 1811 Nihil
517 1756 613 1810 antem
643 1747 755 1818 differt,
785 1757 884 1810 utrum
911 1748 1039 1829 ‘papie'
1066 1755 1192 1811 accentu
1213 1751 1243 1810 in
1267 1750 1324 1810 tine
1347 1749 1444 1828 posito
1468 1747 1583 1814 ditetur,

301 1870 339 1914 an
366 1853 397 1914 in
427 1850 608 1931 paenultimn
637 1850 776 1931 ‘pipant
822 1850 964 1912 Similiter
986 1852 1018 1910 in
1041 1849 1157 1912 ceteris.
1202 1849 1336 1932 ‘Papae'
1358 1850 1527 1910 interiectio
1547 1859 1585 1908 est

213 1968 261 2019 ner,
276 1968 288 2010 n
302 1953 488 2025 admirantis,
516 1951 587 2014 inde
609 1955 708 2034 ‘papa'
732 1950 921 2013 admirabilis.
973 1951 1069 2023 Quas
1098 1969 1188 2013 noces
1210 1955 1230 2013 i·
1255 1953 1488 2014 interiectiones.
1532 1951 1611 2011 ln-is

303 2056 475 2118 conditas
501 2056 718 2116 inuenirnus
746 2055 970 2115 informatas.
1023 2052 1177 2115 Inconditn
1205 2071 1254 2115 res
1282 2053 1391 2114 dicitnr
1422 2052 1582 2119 informata.

302 2175 378 2237 qnae
402 2156 510 2218 nnilnrn
534 2156 660 2216 inrmnm
683 2155 851 2237 nullamque
874 2155 1074 2217 conditionem
1091 2153 1190 2216 habet.
1228 2155 1359 2217 Affectus
1382 2155 1490 2216 dicitur
1512 2153 1582 2214 desi-

301 2260 432 2332 derium,
456 2261 474 2319 i·
492 2257 627 2320 noluntas
719 2257 842 2320 eiiectns
955 2305 961 2318 .
982 2258 1047 2336 ipse
1069 2263 1153 2318 actus
1172 2256 1210 2318 nb
1237 2256 1333 2318 efficio
1362 2256 1455 2318 uerbo
1481 2257 1502 2316 i·
1522 2273 1582 2335 per-

301 2363 377 2424 ficio.

369 2545 534 2617 BSednlius]
555 2547 604 2614 Op.
621 2547 708 2612 paret.
726 2547 768 2602 lib.
787 2547 821 2596 11
839 2553 897 2596 tom.
919 2545 961 2596 VI
977 2561 1003 2610 p.
1024 2547 1074 2595 462
1092 2545 1118 2594 Ε
1135 2546 1175 2598 ed.
1194 2544 1260 2598 Ben.
1342 2547 1372 2594 11
1391 2545 1416 2593 in
1434 2543 1483 2594 alin
1501 2543 1583 2608 lingna

302 2619 333 2666 12
351 2617 383 2666 ab
401 2613 571 2683 euangelista]
591 2616 683 2667 Mani.
702 2616 726 2664 V
736 2618 793 2665 22·
841 2617 872 2665 13
889 2629 966 2679 pape,
985 2621 1026 2664 ier
1042 2615 1096 2663 eine
1114 2621 1220 2664 accentu
1289 2615 1320 2662 16
1338 2612 1488 2661 informatus
1554 2613 1582 2660 18

300 2685 339 2801 fin·
348 2685 633 2805 βῖχξῗιὶεαῗαοίαιιιε
650 2685 746 2750 aliquot
763 2698 838 2734 nocer
853 2683 990 2746 putredine
1008 2683 1107 2733 deletae
1124 2687 1197 2740 runt,-
1218 2683 1255 2732 ad
1270 2689 1409 2732 entremnm
1424 2682 1515 2746 ἱερᾶτο·
1531 2695 1582 2745 ρει-

319 2768 358 2802 cio
549 2789 662 2806 .....

368 2925 384 2974 9
403 2922 493 2974 litorea
510 2923 606 2974 rodinis
623 2921 765 2972 Berneneie
780 2922 803 2985 f.
823 2918 873 2969 17¹1
890 2935 971 2984 mara.
988 2921 1051 2970 nin:
1083 2917 1193 2970 Condita
1216 2935 1255 2968 res
1274 2929 1313 2968 est
1330 2920 1394 2968 bene
1411 2917 1529 2976 ioman,
1547 2919 1581 2964 in-

300 2991 416 3054 condita,
434 3005 500 3053 qnae
518 3005 569 3041 non
588 2998 627 3040 est
643 2988 707 3038 bene.
724 2987 841 3040 iormatn.
877 2988 1052 3050 Vnequneqne
1063 2989 1130 3036 enim
1148 3001 1211 3052 gens
1230 3003 1290 3036 snas
1309 2987 1492 3036 interiectionee
1511 2985 1582 3035 hebet

300 3073 366 3122 quae
384 3073 434 3109 non
453 3063 565 3124 possunt
583 3056 715 3108 transferri
732 3057 759 3105 in
777 3056 852 3105 eliam
870 3055 993 3120 linguam.
1027 3055 1102 3105 Vnde
1119 3054 1277 3120 eriangeiistn
1294 3055 1394 3104 ‘recha’
1412 3069 1475 3117 qnae
1492 3063 1531 3102 est
1547 3053 1580 3100 in-

299 3127 411 3177 teriectio
429 3126 499 3193 apud
517 3125 638 3188 Hebrens,
657 3139 709 3175 non
726 3126 811 3190 potuit
827 3121 964 3174 transferre
981 3124 1008 3173 in
1026 3123 1101 3174 aiinm
1119 3123 1242 3190 linguam.
