3464 5446
597 363 637 416 IN
655 361 865 414 EVTYCHEM.
1269 379 1378 426 mfflx

103 559 183 610 torem
205 547 420 626 Seduliumque
440 567 462 609 a
484 548 618 626 Verqitc'o
644 554 804 613 laudatum
832 553 958 612 eundem
980 569 1042 614 esse
1063 551 1166 614 uirum
1188 550 1381 630 crediderim,

102 661 187 713 tamen
202 655 325 714 muitum
341 654 437 724 adest,
463 661 497 714 ut
518 655 565 728 id,
591 656 673 730 quod
695 653 833 716 Osannus
850 653 930 726 fecit
953 654 1110 730 ‘Beitrdqe
1130 674 1191 716 zur
1210 657 1328 731 qriech.
1351 673 1381 716 u.

101 761 164 816 ron.
186 755 538 829 Litteraturqeechichte'
561 757 598 816 Ι]
613 774 648 833 p.
668 763 733 831 125,
758 774 815 832 eqo
837 773 954 832 quoque
976 758 1119 830 arbitrer,
1143 760 1258 819 Karoti
1275 757 1386 833 Maqui

100 867 220 934 tempore
241 865 271 917 et
291 856 447 918 Scaurum
468 859 550 918 huuc
571 865 600 917 et
628 860 793 934 Verqitium
820 861 943 920 uixisse.
988 858 1067 919 Nom
1089 860 1146 920 hoc
1168 867 1250 920 certe
1277 877 1382 920 uuum

100 966 151 1032 est,
174 961 311 1036 opusculi
331 961 428 1033 iliius,
453 962 537 1036 quod
556 977 652 1036 supra
674 963 921 1034 commemoraui,
947 965 1156 1037 paraenetici,
1181 963 1262 1038 quod
1281 969 1325 1022 est
1346 962 1384 1021 de

98 1063 255 1122 rectoribus
284 1062 478 1138 Christianis,
510 1070 663 1124 auctorem
696 1065 814 1123 saecuti
843 1064 918 1146 noui
948 1064 1032 1124 initio
1060 1067 1173 1124 accuse
1201 1065 1384 1138 eundemque

99 1180 166 1236 esse,
189 1181 275 1239 quem
291 1165 499 1241 Hepidamnus
520 1167 684 1226 monachus
699 1165 910 1238 Sonqaliensis
932 1167 981 1224 uel
1001 1167 1135 1241 quisquis
1152 1165 1218 1238 fuit
1239 1168 1303 1226 eius
1325 1167 1386 1225 loci

98 1275 193 1326 auctor
214 1259 274 1348 (cs.
297 1265 396 1326 Bdhr.
420 1269 520 1344 suppl.
544 1268 599 1328 II]
614 1285 649 1343 p.
673 1274 743 1342 266,
762 1263 793 1346 2)
816 1283 898 1327 anno
920 1267 1053 1327 occat(
1059 1269 1143 1328 VIII
1160 1270 1276 1327 clarum
1299 1267 1383 1327 hahi-

97 1375 150 1428 tum
175 1386 238 1429 esse
264 1368 378 1442 refert,
409 1369 455 1443 cs.
479 1369 643 1430 Buchesm'i
668 1370 774 1429 histor.
797 1371 914 1430 Franc.
936 1378 1007 1429 tom.
1030 1369 1087 1429 ΙΙΙ
1110 1387 1143 1446 q.
1168 1376 1242 1442 423,
1275 1367 1387 1429 Oadiai

96 1472 190 1545 script
218 1473 325 1532 eccles.
348 1471 387 1530 1]
402 1489 436 1547 p.
462 1479 514 1546 26,
552 1473 688 1532 Goidasti
713 1471 825 1532 Rerum
853 1471 1123 1532 alamannicarum
1151 1472 1170 1531 Ι
1193 1489 1225 1546 q.
1249 1477 1278 1530 8.
1322 1469 1386 1529 Sed

96 1574 138 1631 uei
156 1575 183 1632 si
202 1575 269 1649 quis
291 1575 391 1647 dicat,
416 1576 497 1649 quod
517 1574 662 1652 Eutychis
682 1581 943 1634 commentatorem
965 1590 985 1633 a
1007 1575 1140 1648 Verqitio
1163 1575 1293 1634 Marone
1318 1573 1384 1632 lau·

97 1676 161 1734 dari
179 1678 329 1751 auspicor,
353 1693 469 1751 parum
494 1679 591 1748 firmis
618 1678 677 1736 niti
701 1679 902 1750 arqumentis,
934 1677 996 1736 olio
1025 1677 1138 1736 indicio
1163 1677 1294 1736 certiore
1315 1692 1385 1734 usus

96 1777 145 1836 hoc
166 1785 249 1838 certe
271 1779 439 1850 adfirmare
455 1795 545 1855 posse
567 1779 642 1840 mihi
661 1780 779 1856 uideor,
802 1785 961 1853 utrumque
975 1795 1050 1854 opus
1065 1795 1125 1837 non
1141 1779 1179 1838 ah
1195 1795 1254 1838 uuo
1269 1777 1383 1837 eodem-

96 1896 145 1952 que
170 1883 239 1940 uiro
266 1878 440 1956 profectum
468 1898 545 1954 esse,
577 1882 729 1956 otiumque
749 1897 812 1940 esse
832 1879 987 1941 Seduiium
1014 1883 1260 1954 qrammuticum,
1290 1881 1383 1940 alium

95 1982 261 2042 dim'narum
288 1985 462 2044 litterarum
489 1987 686 2059 interpretem
713 1985 854 2057 uitaeque
875 1983 989 2055 reqaiis
1010 1982 1083 2041 hene
1105 1983 1307 2042 instituendae
1328 1981 1383 2040 ad·

94 2083 281 2166 hortatoqem.
337 2085 397 2145 Hic
428 2087 506 2145 enim
537 2103 594 2161 per
630 2091 722 2146 totum
757 2085 866 2145 lihrmn
902 2081 1100 2156 confessionis
1131 2084 1323 2144 Christianae
1354 2088 1384 2141 et

93 2189 256 2263 scripturae
286 2203 397 2248 sacrae
424 2189 572 2262 meminit,
609 2203 675 2247 cum
707 2187 789 2246 locos
820 2188 956 2260 sinquios
987 2186 1145 2246 laudando
1178 2193 1240 2246 tum
1274 2187 1384 2246 ueteris

94 2291 257 2350 testamenti
277 2291 387 2365 prisca
415 2291 554 2366 exempta
576 2289 794 2366 proponendo,
824 2289 907 2348 iilum
935 2303 1008 2348 uero
1036 2304 1183 2363 nusquam
1206 2287 1385 2358 omninode

90 2391 144 2460 fide
165 2391 344 2452 Christiana
371 2395 457 2468 toqui
481 2392 616 2453 uidemus
638 2407 676 2450 ne
697 2393 757 2450 iltis
784 2391 902 2465 quidem
930 2391 1020 2466 iocis,
1050 2391 1158 2466 quihus
1178 2391 1207 2449 si
1226 2391 1384 2466 episcopus

94 2492 277 2554 Christianus
304 2496 355 2554 uel
380 2511 537 2554 sacrorum
564 2493 709 2553 librorum
733 2495 852 2568 peritus
879 2498 961 2565 erat,
994 2494 1028 2552 id
1048 2495 1122 2564 ‹fieri
1142 2509 1232 2568 quam
1254 2493 1385 2551 manime

92 2603 152 2654 erm
172 2603 424 2670 consentaneum,
449 2604 482 2657 ut
498 2613 532 2671 p.
559 2602 603 2669 13,
630 2601 665 2664 7,·
689 2601 737 2669 26,
757 2601 883 2654 16-33.
928 2595 1059 2668 Deinde,
1084 2596 1139 2670 qui
1153 2611 1187 2670 p.
1207 2601 1222 2652 t
1244 2593 1382 2653 editui.

94 2715 119 2756 u.
136 2703 214 2758 2-6
238 2699 276 2758 de
291 2701 368 2758 artis
390 2700 422 2758 ui
434 2706 526 2775 utque
544 2699 726 2758 auctoritate
747 2697 928 2772 disputarit,
951 2693 1172 2770 qrammaticae
1194 2697 1243 2756 uel
1265 2697 1384 2755 omnino

92 2801 260 2862 litterariae
288 2802 379 2877 artis,
407 2804 437 2860 si
459 2801 678 2876 qrammaticus
705 2805 787 2871 erat,
812 2799 896 2858 haud
917 2797 1042 2858 debehat
1069 2800 1213 2860 inmemor
1240 2815 1317 2857 csse:
1352 2803 1384 2856 at

93 2903 163 2963 idem
189 2911 220 2964 et
249 2905 282 2963 in
308 2905 520 2963 enumerandis
552 2903 624 2962 boni
646 2902 798 2978 principis
825 2901 988 2962 uirtutibus
1015 2907 1045 2960 et
1073 2899 1184 2974 officiis
1211 2903 1383 2960 litterarum

94 3014 176 3080 atque
203 3008 320 3067 artium
348 3007 460 3065 cultum
483 3023 521 3064 ne
542 3021 603 3066 uno
625 3006 743 3079 quidem
766 3005 858 3064 ucrho
880 3005 987 3078 tetiqit.
1032 3003 1173 3077 Accedit,
1204 3004 1285 3076 quod
1306 3004 1385 3060 atter

93 3111 160 3168 raoni
172 3110 342 3183 decimique
355 3109 471 3168 saeculi
482 3123 594 3168 morem
609 3109 831 3168 usitatissimum
853 3113 972 3166 secutus
993 3106 1130 3166 uersibus
1152 3105 1288 3164 distichis
1311 3120 1385 3178 opus

92 3227 169 3270 sumn
191 3212 345 3283 initiauit,
372 3213 592 3285 qrammaticus
612 3227 702 3283 uero,
732 3211 788 3268 etsi
809 3209 952 3268 Ateuinus
974 3207 1166 3282 Smaraqdus
1188 3207 1298 3266 Petrus
1320 3205 1383 3264 Cie-

92 3327 166 3371 mens
189 3313 401 3373 Cruindmelus
428 3314 484 3373 alii
507 3313 594 3373 iihris
619 3313 682 3372 suis
708 3313 918 3385 qrammoticis
935 3311 1058 3386 poetica
1075 3311 1293 3388 praefixerunt
1311 3325 1384 3382 qro-

94 3416 197 3488 ocmiu,
229 3431 251 3474 a
280 3417 407 3488 autquri
431 3430 467 3472 eo
496 3415 681 3489 auspicandi
705 3414 921 3473 consuetudine
943 3414 1039 3488 plane
1066 3414 1199 3472 recessit.
1250 3410 1385 3484 lienique

93 3517 178 3576 ualde
199 3517 321 3591 autito,
350 3534 420 3577 rima
442 3518 555 3577 Karoii
574 3517 687 3590 dloqui
714 3523 847 3591 tempore
870 3515 1057 3574 Graecarum
1084 3515 1255 3573 litterarum
1282 3513 1384 3572 studia

95 3619 163 3678 adeo
182 3620 364 3693 docuerint,
393 3625 427 3678 ut
448 3619 594 3679 eiusmodi
620 3635 684 3692 res,
714 3619 818 3692 quates
834 3635 869 3694 n.
895 3621 985 3676 3—o
1008 3615 1168 3688 hahentur,
1193 3631 1212 3672 a
1234 3631 1383 3690 quoquam

93 3723 288 3790 qrammotico
311 3722 417 3781 doceri
429 3728 562 3796 possent.
607 3720 686 3780 Nam
703 3721 828 3780 Ioannis
842 3720 928 3780 Seoti
943 3719 1096 3793 Eriqenae
1115 3719 1259 3778 sermonis
1275 3717 1386 3776 Graeci

95 3824 213 3884 scientia
243 3824 288 3882 ad
314 3825 558 3899 interpretandos
585 3824 748 3883 dumtaxat
775 3823 869 3882 tihros
897 3825 1013 3882 Graece
1043 3822 1173 3896 scriptos
1206 3821 1255 3880 uei
1281 3837 1386 3878 uersus

95 3927 167 3983 mate
186 3926 362 3986 condendos
391 3920 447 4005 (cf.
472 3926 607 3987 Lohhuei
625 3928 715 3999 qioss.
741 3927 849 3986 Graec.
868 3921 993 4005 praef.)
1022 3925 1153 3984 ualuisse
1179 3925 1247 3982 ueri
1270 3922 1384 3981 similti-

97 4041 166 4086 mam
188 4035 249 4106 est,
272 4043 456 4103 quamquam
478 4037 507 4088 et
528 4031 609 4090 hunc
632 4029 872 4105 ‘deflorationem
895 4044 934 4088 ca
949 4028 1027 4086 tihro
1043 4026 1195 4088 Macrobii
1216 4025 1253 4084 de
1276 4025 1387 4083 Graeci

97 4125 251 4204 Latinique
272 4127 358 4190 uerbi
378 4133 520 4190 societate
538 4130 662 4204 secisse’
680 4136 753 4205 post
775 4130 923 4190 Vsserium
946 4135 1053 4188 auctor
1074 4135 1117 4188 est
1133 4128 1265 4200 Anqetus
1280 4122 1385 4184 Maius

97 4241 167 4290 auct.
190 4233 259 4292 Vat.
283 4239 353 4293 tom.
378 4233 404 4290 t⁷
421 4251 451 4309 p.
478 4240 544 4292 tit.
